,time,price,change,volume,amount,type
0,15:00:00,242.24,--,0,0,卖盘
1,15:00:00,242.24,-0.06,1,24224,卖盘
2,15:00:00,242.3,--,16,387680,买盘
3,14:59:55,242.3,0.1,134,3246820,买盘
4,14:59:49,242.2,0.04,13,314860,卖盘
5,14:59:45,242.16,--,31,750696,卖盘
6,14:59:40,242.16,-0.05,8,193728,卖盘
7,14:59:34,242.21,--,14,339094,卖盘
8,14:59:30,242.21,0.05,14,341516,买盘
9,14:59:25,242.16,-0.05,17,411672,卖盘
10,14:59:19,242.21,-0.05,5,121105,卖盘
11,14:59:15,242.26,--,20,492272,买盘
12,14:59:10,242.26,0.05,23,557198,买盘
13,14:59:04,242.21,--,10,242210,中性盘
14,14:59:00,242.21,0.14,12,290652,卖盘
15,14:58:55,242.07,-0.15,29,702003,卖盘
16,14:58:49,242.22,0.15,15,363330,买盘
17,14:58:45,242.07,-0.14,25,605175,卖盘
18,14:58:40,242.21,0.14,30,726630,买盘
19,14:58:34,242.07,--,1,24207,买盘
20,14:58:30,242.07,-0.15,16,405467,卖盘
21,14:58:25,242.22,0.15,5,121110,买盘
22,14:58:19,242.07,-0.01,25,605175,卖盘
23,14:58:15,242.08,-0.01,6,145248,卖盘
24,14:58:10,242.09,-0.08,12,290508,中性盘
25,14:58:04,242.17,0.13,9,225218,买盘
26,14:58:00,242.04,-0.03,23,556692,卖盘
27,14:57:55,242.07,-0.01,10,242070,卖盘
28,14:57:49,242.08,0.01,27,653616,买盘
29,14:57:45,242.07,--,21,508347,买盘
30,14:57:40,242.07,--,25,605175,买盘
31,14:57:34,242.07,0.06,19,459933,买盘
32,14:57:30,242.01,-0.05,9,217809,卖盘
33,14:57:24,242.06,0.06,37,895622,卖盘
34,14:57:19,242.0,-0.08,9,217800,卖盘
35,14:57:15,242.08,0.08,23,556784,买盘
36,14:57:09,242.0,--,22,532400,卖盘
37,14:57:04,242.0,--,22,532400,卖盘
38,14:57:00,242.0,-0.07,11,266200,卖盘
39,14:56:54,242.07,0.07,47,1137729,买盘
40,14:56:49,242.0,0.12,7,188034,买盘
41,14:56:45,241.88,-0.12,55,1330340,卖盘
42,14:56:39,242.0,--,2,48400,买盘
43,14:56:34,242.0,-0.07,20,484000,卖盘
44,14:56:30,242.07,0.01,6,145242,买盘
45,14:56:24,242.06,0.06,18,435708,中性盘
46,14:56:19,242.0,0.2,1,24200,卖盘
47,14:56:15,241.8,-0.08,28,677040,卖盘
48,14:56:09,241.88,0.06,15,366931,买盘
49,14:56:04,241.82,-0.18,40,987351,卖盘
50,14:56:00,242.0,0.13,38,923714,买盘
51,14:55:54,241.87,--,75,1814025,卖盘
52,14:55:49,241.87,-0.01,5,120935,卖盘
53,14:55:45,241.88,--,26,628888,买盘
54,14:55:39,241.88,0.01,13,314444,买盘
55,14:55:34,241.87,--,6,145122,卖盘
56,14:55:30,241.87,0.1,27,653049,买盘
57,14:55:24,241.77,0.02,13,314301,买盘
58,14:55:19,241.75,--,9,217575,买盘
59,14:55:15,241.75,-0.02,25,604375,卖盘
60,14:55:09,241.77,0.01,11,265947,卖盘
61,14:55:00,241.76,0.03,19,459344,买盘
62,14:54:54,241.73,-0.07,31,749363,卖盘
63,14:54:49,241.8,0.09,16,386880,买盘
64,14:54:45,241.71,--,74,1788654,买盘
65,14:54:39,241.71,-0.04,87,2102877,中性盘
66,14:54:34,241.75,--,203,4910426,买盘
67,14:54:30,241.75,-0.01,66,1595550,卖盘
68,14:54:24,241.76,--,129,3118704,买盘
69,14:54:19,241.76,0.01,98,2369248,买盘
70,14:54:14,241.75,-0.01,16,386800,卖盘
71,14:54:09,241.76,-0.24,135,3263760,卖盘
72,14:54:04,242.0,0.24,14,338800,买盘
73,14:53:59,241.76,-0.06,94,2272544,卖盘
74,14:53:54,241.82,0.06,7,169274,买盘
75,14:53:49,241.76,-0.14,42,1015392,卖盘
76,14:53:44,241.9,0.12,20,483800,买盘
77,14:53:39,241.78,-0.03,40,967120,卖盘
78,14:53:34,241.81,--,6,145086,买盘
79,14:53:29,241.81,-0.19,20,483620,卖盘
80,14:53:24,242.0,0.13,73,1766600,买盘
81,14:53:19,241.87,--,9,217683,买盘
82,14:53:14,241.87,-0.13,36,875085,卖盘
83,14:53:09,242.0,--,140,3388000,买盘
84,14:53:04,242.0,0.04,25,605000,买盘
85,14:52:59,241.96,-0.04,44,1064624,卖盘
86,14:52:54,242.0,--,31,750200,买盘
87,14:52:49,242.0,--,12,312906,卖盘
88,14:52:44,242.0,0.01,27,655094,买盘
89,14:52:39,241.99,-0.01,59,1450246,卖盘
90,14:52:34,242.0,--,7,169400,卖盘
91,14:52:29,242.0,--,44,1066494,买盘
92,14:52:24,242.0,--,10,242000,买盘
93,14:52:19,242.0,--,17,411400,买盘
94,14:52:14,242.0,--,5,121000,买盘
95,14:52:09,242.0,--,11,266200,买盘
96,14:52:04,242.0,-0.22,14,341946,卖盘
97,14:51:59,242.22,0.14,103,2494866,买盘
98,14:51:54,242.08,0.08,22,553636,买盘
99,14:51:49,242.0,0.13,13,314600,买盘
100,14:51:43,241.87,--,0,0,卖盘
101,14:51:39,241.87,0.13,114,2762155,中性盘
102,14:51:34,241.74,-0.26,59,1426266,卖盘
103,14:51:28,242.0,0.26,180,4371004,买盘
104,14:51:24,241.74,-0.04,30,725220,卖盘
105,14:51:19,241.78,0.04,60,1450680,买盘
106,14:51:13,241.74,-0.01,3,72522,中性盘
107,14:51:08,241.75,0.01,56,1369997,卖盘
108,14:51:04,241.74,--,14,346413,买盘
109,14:50:58,241.74,--,24,580176,卖盘
110,14:50:54,241.74,-0.01,23,556002,卖盘
111,14:50:49,241.75,-0.01,14,354647,卖盘
112,14:50:43,241.76,0.01,59,1434362,买盘
113,14:50:38,241.75,-0.01,61,1474675,卖盘
114,14:50:33,241.76,-0.02,24,580224,中性盘
115,14:50:28,241.78,--,59,1426502,买盘
116,14:50:23,241.78,0.01,79,1910062,买盘
117,14:50:18,241.77,-0.01,68,1644036,卖盘
118,14:50:13,241.78,--,31,749518,买盘
119,14:50:09,241.78,-0.02,109,2639270,卖盘
120,14:50:03,241.8,0.01,55,1352387,买盘
121,14:49:58,241.79,-0.01,38,918802,卖盘
122,14:49:54,241.8,--,32,773760,买盘
123,14:49:48,241.8,--,92,2224560,买盘
124,14:49:43,241.8,-0.01,223,5409066,卖盘
125,14:49:39,241.81,-0.04,70,1692670,卖盘
126,14:49:33,241.85,0.04,71,1729227,买盘
127,14:49:28,241.81,-0.04,19,459439,卖盘
128,14:49:24,241.85,--,83,2007355,买盘
129,14:49:18,241.85,--,17,411145,买盘
130,14:49:13,241.85,--,18,435330,买盘
131,14:49:08,241.85,-0.02,14,338590,卖盘
132,14:49:03,241.87,0.01,37,894919,买盘
133,14:48:58,241.86,0.01,52,1257672,买盘
134,14:48:53,241.85,-0.02,22,532070,卖盘
135,14:48:48,241.87,--,56,1354472,买盘
136,14:48:43,241.87,0.05,4,96748,买盘
137,14:48:38,241.82,-0.06,38,918916,卖盘
138,14:48:33,241.88,0.07,2,48376,买盘
139,14:48:28,241.81,--,0,0,卖盘
140,14:48:23,241.81,-0.09,25,604525,卖盘
141,14:48:18,241.9,0.05,47,1136930,买盘
142,14:48:13,241.85,-0.05,2,48370,卖盘
143,14:48:08,241.9,--,51,1233690,买盘
144,14:48:03,241.9,--,29,701510,买盘
145,14:47:58,241.9,0.08,62,1499780,买盘
146,14:47:53,241.82,--,24,580368,卖盘
147,14:47:48,241.82,0.01,8,193456,中性盘
148,14:47:43,241.81,-0.04,26,628706,卖盘
149,14:47:38,241.85,-0.1,37,914193,卖盘
150,14:47:33,241.95,0.15,1,24195,中性盘
151,14:47:28,241.8,-0.08,80,1934400,卖盘
152,14:47:23,241.88,--,13,314444,买盘
153,14:47:18,241.88,-0.02,10,241880,卖盘
154,14:47:13,241.9,-0.09,4,96760,中性盘
155,14:47:08,241.99,0.03,122,2952278,买盘
156,14:47:03,241.96,-0.03,76,1838896,卖盘
157,14:46:58,241.99,0.02,26,629174,买盘
158,14:46:53,241.97,-0.01,38,919486,卖盘
159,14:46:48,241.98,-0.03,37,902585,卖盘
160,14:46:43,242.01,--,11,266211,卖盘
161,14:46:38,242.01,0.01,41,1015957,卖盘
162,14:46:33,242.0,-0.02,408,9881586,卖盘
163,14:46:28,242.02,--,59,1427918,买盘
164,14:46:23,242.02,--,101,2444402,买盘
165,14:46:18,242.02,0.01,30,726060,买盘
166,14:46:13,242.01,-0.02,29,701829,卖盘
167,14:46:08,242.03,0.01,42,1016526,中性盘
168,14:46:03,242.02,-0.03,51,1234302,卖盘
169,14:45:58,242.05,--,8,193640,买盘
170,14:45:53,242.05,-0.03,15,363075,中性盘
171,14:45:48,242.08,--,75,1815600,买盘
172,14:45:43,242.08,-0.03,12,293643,卖盘
173,14:45:38,242.11,-0.01,37,903312,卖盘
174,14:45:33,242.12,0.1,18,454459,买盘
175,14:45:28,242.02,-0.02,3,72606,中性盘
176,14:45:23,242.04,-0.06,27,653508,卖盘
177,14:45:18,242.1,--,61,1482136,买盘
178,14:45:13,242.1,0.06,27,653670,买盘
179,14:45:08,242.04,--,9,217836,卖盘
180,14:45:03,242.04,-0.07,14,338856,卖盘
181,14:44:58,242.11,0.09,8,194656,买盘
182,14:44:53,242.02,-0.08,68,1668969,卖盘
183,14:44:48,242.1,0.06,90,2179868,买盘
184,14:44:43,242.04,-0.07,11,289479,卖盘
185,14:44:38,242.11,0.04,113,2736811,买盘
186,14:44:33,242.07,0.02,18,435726,买盘
187,14:44:28,242.05,0.04,15,363075,买盘
188,14:44:23,242.01,-0.04,33,798633,卖盘
189,14:44:18,242.05,0.05,23,556715,买盘
190,14:44:13,242.0,-0.07,44,1064800,卖盘
191,14:44:08,242.07,0.02,27,662061,买盘
192,14:44:03,242.05,--,45,1103990,买盘
193,14:43:58,242.05,0.01,10,242050,买盘
194,14:43:53,242.04,-0.01,15,363060,中性盘
195,14:43:48,242.05,0.05,8,193640,买盘
196,14:43:43,242.0,-0.08,72,1742400,卖盘
197,14:43:37,242.08,0.03,32,779013,买盘
198,14:43:32,242.05,--,4,97304,卖盘
199,14:43:27,242.05,0.04,24,596169,买盘
200,14:43:22,242.01,0.01,151,3654351,中性盘
201,14:43:17,242.0,-0.01,77,1881066,卖盘
202,14:43:12,242.01,0.01,19,459819,买盘
203,14:43:07,242.0,-0.01,2,48400,卖盘
204,14:43:02,242.01,-0.04,114,2758914,卖盘
205,14:42:57,242.05,-0.03,21,508305,卖盘
206,14:42:52,242.08,0.02,27,653616,买盘
207,14:42:47,242.06,-0.03,20,484120,卖盘
208,14:42:42,242.09,0.01,17,411553,买盘
209,14:42:37,242.08,--,11,266288,卖盘
210,14:42:32,242.08,--,28,677824,卖盘
211,14:42:27,242.08,-0.04,31,750448,卖盘
212,14:42:22,242.12,--,2,48424,买盘
213,14:42:17,242.12,-0.01,12,290544,卖盘
214,14:42:12,242.13,--,4,96852,买盘
215,14:42:07,242.13,-0.07,4,96852,卖盘
216,14:42:02,242.2,--,18,435960,买盘
217,14:41:57,242.2,-0.01,22,532840,卖盘
218,14:41:52,242.21,--,15,363315,买盘
219,14:41:47,242.21,--,19,460199,卖盘
220,14:41:42,242.21,-0.01,20,484420,卖盘
221,14:41:37,242.22,-0.08,8,193776,卖盘
222,14:41:32,242.3,--,20,484600,买盘
223,14:41:27,242.3,--,10,242300,买盘
224,14:41:22,242.3,--,25,605750,买盘
225,14:41:17,242.3,-0.01,32,775360,卖盘
226,14:41:12,242.31,-0.02,13,315003,卖盘
227,14:41:07,242.33,-0.04,2,48466,卖盘
228,14:41:02,242.37,--,385,9331245,买盘
229,14:40:57,242.37,-0.1,140,3405298,卖盘
230,14:40:52,242.47,0.02,378,9177489,买盘
231,14:40:47,242.45,--,45,1091025,卖盘
232,14:40:42,242.45,-0.02,58,1417362,卖盘
233,14:40:37,242.47,--,7,169729,买盘
234,14:40:32,242.47,--,5,121235,买盘
235,14:40:27,242.47,--,91,2206477,卖盘
236,14:40:22,242.47,-0.01,112,2715664,卖盘
237,14:40:17,242.48,-0.02,19,460712,卖盘
238,14:40:12,242.5,--,1,24250,买盘
239,14:40:07,242.5,-0.01,38,942597,卖盘
240,14:40:02,242.51,--,116,2813116,买盘
241,14:39:57,242.51,-0.01,41,994291,卖盘
242,14:39:52,242.52,--,14,339528,买盘
243,14:39:47,242.52,0.01,6,145512,中性盘
244,14:39:42,242.51,-0.01,14,339514,卖盘
245,14:39:37,242.52,-0.11,29,703308,卖盘
246,14:39:32,242.63,--,3,72789,买盘
247,14:39:27,242.63,-0.06,16,388208,卖盘
248,14:39:22,242.69,0.06,10,242690,中性盘
249,14:39:17,242.63,-0.07,49,1188887,卖盘
250,14:39:12,242.7,0.04,3,72810,买盘
251,14:39:07,242.66,-0.03,2,48532,卖盘
252,14:39:02,242.69,-0.01,23,558187,卖盘
253,14:38:57,242.7,0.04,54,1310580,买盘
254,14:38:47,242.66,0.03,24,582384,中性盘
255,14:38:42,242.63,-0.03,102,2474826,卖盘
256,14:38:37,242.66,--,0,0,中性盘
257,14:38:32,242.66,--,43,1043438,买盘
258,14:38:27,242.66,-0.14,94,2281004,卖盘
259,14:38:17,242.8,0.18,84,2039520,买盘
260,14:38:12,242.62,0.02,51,1237362,买盘
261,14:38:07,242.6,--,8,194080,买盘
262,14:38:02,242.6,0.1,12,291120,买盘
263,14:37:57,242.5,--,7,169750,卖盘
264,14:37:52,242.5,-0.1,14,339500,卖盘
265,14:37:47,242.6,0.1,10,242600,买盘
266,14:37:42,242.5,-0.1,32,779152,卖盘
267,14:37:37,242.6,--,24,582240,卖盘
268,14:37:32,242.6,0.1,21,509460,买盘
269,14:37:27,242.5,--,24,595095,买盘
270,14:37:22,242.5,--,8,194000,买盘
271,14:37:17,242.5,--,71,1721750,卖盘
272,14:37:12,242.5,--,35,848750,卖盘
273,14:37:07,242.5,--,3,72750,卖盘
274,14:37:02,242.5,-0.01,128,3104000,卖盘
275,14:36:57,242.51,0.01,111,2691861,中性盘
276,14:36:52,242.5,-0.01,5,121250,卖盘
277,14:36:47,242.51,-0.19,19,460769,卖盘
278,14:36:42,242.7,-0.01,49,1189230,卖盘
279,14:36:36,242.71,-0.02,3,72813,中性盘
280,14:36:32,242.73,-0.05,28,679644,卖盘
281,14:36:27,242.78,-0.02,28,679784,卖盘
282,14:36:21,242.8,--,16,388480,卖盘
283,14:36:17,242.8,--,25,607000,卖盘
284,14:36:12,242.8,0.05,64,1553920,买盘
285,14:36:06,242.75,0.1,20,485500,买盘
286,14:36:02,242.65,-0.15,34,825010,卖盘
287,14:35:57,242.8,--,9,218520,买盘
288,14:35:51,242.8,0.15,3,72840,买盘
289,14:35:46,242.65,-0.05,28,679420,中性盘
290,14:35:42,242.7,0.2,56,1359120,中性盘
291,14:35:36,242.5,-0.45,6,145500,卖盘
292,14:35:31,242.95,0.15,2,48590,买盘
293,14:35:27,242.8,0.3,135,3277800,买盘
294,14:35:21,242.5,0.1,45,1091250,买盘
295,14:35:16,242.4,0.1,9,218160,中性盘
296,14:35:11,242.3,-0.2,81,1962630,卖盘
297,14:35:06,242.5,0.2,67,1624750,买盘
298,14:35:01,242.3,-0.2,32,775360,卖盘
299,14:34:56,242.5,-0.2,72,1746000,卖盘
300,14:34:51,242.7,0.4,53,1309851,买盘
301,14:34:46,242.3,--,8,193840,卖盘
302,14:34:41,242.3,0.1,80,1938400,买盘
303,14:34:36,242.2,--,21,508620,中性盘
304,14:34:31,242.2,-0.01,25,605500,卖盘
305,14:34:26,242.21,0.15,55,1332155,买盘
306,14:34:21,242.06,0.05,115,2783690,卖盘
307,14:34:16,242.01,-0.05,81,1960281,卖盘
308,14:34:11,242.06,--,1,24206,卖盘
309,14:34:06,242.06,0.06,31,760068,买盘
310,14:34:01,242.0,--,6,145200,卖盘
311,14:33:56,242.0,0.06,65,1573000,卖盘
312,14:33:51,241.94,-0.06,18,435492,卖盘
313,14:33:46,242.0,0.16,6,145200,买盘
314,14:33:41,241.84,-0.1,60,1460471,卖盘
315,14:33:36,241.94,0.04,45,1088730,买盘
316,14:33:31,241.9,-0.04,12,290280,中性盘
317,14:33:26,241.94,0.02,40,967760,买盘
318,14:33:21,241.92,0.12,19,464486,买盘
319,14:33:16,241.8,0.03,30,747403,买盘
320,14:33:11,241.77,-0.03,78,1885806,卖盘
321,14:33:06,241.8,0.02,129,3119220,买盘
322,14:33:01,241.78,--,13,314314,买盘
323,14:32:56,241.78,-0.02,62,1499036,中性盘
324,14:32:51,241.8,--,80,1934400,卖盘
325,14:32:46,241.8,-0.03,25,604500,卖盘
326,14:32:41,241.83,-0.11,198,4788234,卖盘
327,14:32:36,241.94,0.05,50,1209700,买盘
328,14:32:31,241.89,0.08,4,96756,卖盘
329,14:32:26,241.81,-0.09,81,1958661,卖盘
330,14:32:21,241.9,-0.1,44,1064360,卖盘
331,14:32:16,242.0,--,10,242000,买盘
332,14:32:11,242.0,0.08,67,1621400,买盘
333,14:32:06,241.92,-0.1,174,4220778,卖盘
334,14:32:01,242.02,--,21,508242,卖盘
335,14:31:56,242.02,0.01,403,9766233,买盘
336,14:31:51,242.01,-0.01,92,2226492,中性盘
337,14:31:46,242.02,0.01,11,266222,买盘
338,14:31:41,242.01,-0.06,131,3170331,卖盘
339,14:31:36,242.07,0.01,75,1815525,买盘
340,14:31:31,242.06,--,25,605150,买盘
341,14:31:26,242.06,-0.01,39,944034,卖盘
342,14:31:21,242.07,-0.15,31,750417,卖盘
343,14:31:16,242.22,--,6,145332,买盘
344,14:31:11,242.22,-0.06,100,2422200,卖盘
345,14:31:06,242.28,0.05,26,629928,买盘
346,14:31:01,242.23,--,26,629798,买盘
347,14:30:56,242.23,-0.1,43,1041589,卖盘
348,14:30:51,242.33,-0.02,28,678524,卖盘
349,14:30:46,242.35,-0.03,28,678580,中性盘
350,14:30:41,242.38,-0.01,141,3417558,中性盘
351,14:30:36,242.39,--,30,727170,买盘
352,14:30:31,242.39,-0.01,16,387824,中性盘
353,14:30:26,242.4,-0.1,47,1139280,卖盘
354,14:30:21,242.5,--,33,800250,买盘
355,14:30:16,242.5,-0.31,109,2648100,卖盘
356,14:30:11,242.81,0.31,80,1951706,买盘
357,14:30:06,242.5,--,44,1067000,卖盘
358,14:30:01,242.5,--,5,121250,卖盘
359,14:29:56,242.5,0.18,174,4229685,买盘
360,14:29:51,242.32,-0.08,99,2398968,卖盘
361,14:29:45,242.4,--,9,218160,买盘
362,14:29:41,242.4,0.02,22,533280,买盘
363,14:29:36,242.38,-0.09,89,2157182,卖盘
364,14:29:30,242.47,0.01,13,315211,买盘
365,14:29:26,242.46,--,53,1285038,买盘
366,14:29:21,242.46,-0.19,90,2182140,卖盘
367,14:29:15,242.65,0.01,33,800745,买盘
368,14:29:11,242.64,-0.01,53,1285992,中性盘
369,14:29:06,242.65,-0.16,79,1916935,卖盘
370,14:29:00,242.81,0.11,26,631306,买盘
371,14:28:55,242.7,--,9,218430,买盘
372,14:28:51,242.7,-0.11,53,1286310,卖盘
373,14:28:45,242.81,-0.07,13,315653,卖盘
374,14:28:41,242.88,-0.02,42,1020096,卖盘
375,14:28:36,242.9,--,1,24290,买盘
376,14:28:30,242.9,-0.09,28,680120,卖盘
377,14:28:26,242.99,0.01,274,6657926,买盘
378,14:28:21,242.98,--,18,437364,买盘
379,14:28:15,242.98,-0.02,16,388768,卖盘
380,14:28:11,243.0,-0.06,447,10862829,卖盘
381,14:28:06,243.06,0.05,70,1709197,买盘
382,14:28:00,243.01,--,4,97204,买盘
383,14:27:56,243.01,-0.06,96,2348691,卖盘
384,14:27:51,243.07,0.06,45,1093815,买盘
385,14:27:44,243.01,-0.09,131,3202871,卖盘
386,14:27:40,243.1,--,1,24310,卖盘
387,14:27:36,243.1,0.01,113,2751892,买盘
388,14:27:29,243.09,0.03,38,923742,买盘
389,14:27:25,243.06,-0.03,84,2041704,卖盘
390,14:27:20,243.09,-0.01,29,704961,卖盘
391,14:27:15,243.1,-0.02,65,1580150,卖盘
392,14:27:10,243.12,-0.03,41,996792,卖盘
393,14:27:05,243.15,-0.01,33,802395,卖盘
394,14:27:00,243.16,-0.02,30,729480,卖盘
395,14:26:55,243.18,-0.03,26,632268,买盘
396,14:26:50,243.21,-0.02,120,2918520,卖盘
397,14:26:45,243.23,0.04,30,729690,买盘
398,14:26:40,243.19,-0.03,23,559337,卖盘
399,14:26:35,243.22,-0.03,75,1824150,中性盘
400,14:26:29,243.25,0.03,14,345171,买盘
401,14:26:25,243.22,-0.03,52,1264744,卖盘
402,14:26:20,243.25,0.02,51,1240575,买盘
403,14:26:15,243.23,--,11,267553,买盘
404,14:26:10,243.23,--,4,97292,买盘
405,14:26:05,243.23,-0.05,68,1653964,卖盘
406,14:26:00,243.28,0.01,37,900136,买盘
407,14:25:55,243.27,--,13,316251,买盘
408,14:25:50,243.27,-0.03,44,1082064,卖盘
409,14:25:44,243.3,-0.02,14,340620,卖盘
410,14:25:40,243.32,0.04,31,754292,买盘
411,14:25:35,243.28,-0.05,27,656856,卖盘
412,14:25:30,243.33,0.01,94,2287302,中性盘
413,14:25:25,243.32,--,4,97328,卖盘
414,14:25:20,243.32,0.03,45,1102969,买盘
415,14:25:14,243.29,-0.03,19,462251,卖盘
416,14:25:10,243.32,--,17,413644,买盘
417,14:25:05,243.32,--,32,778624,买盘
418,14:24:59,243.32,--,4,97328,买盘
419,14:24:55,243.32,-0.03,52,1265264,卖盘
420,14:24:50,243.35,-0.04,2,48670,卖盘
421,14:24:45,243.39,0.07,47,1154885,买盘
422,14:24:40,243.32,--,21,510972,卖盘
423,14:24:35,243.32,0.04,25,626305,买盘
424,14:24:30,243.28,--,55,1338040,买盘
425,14:24:25,243.28,-0.07,38,946359,卖盘
426,14:24:20,243.35,0.03,75,1827558,买盘
427,14:24:15,243.32,--,21,510972,买盘
428,14:24:10,243.32,-0.04,15,364980,卖盘
429,14:24:05,243.36,--,67,1630512,买盘
430,14:24:00,243.36,--,9,219024,买盘
431,14:23:55,243.36,--,0,0,买盘
432,14:23:50,243.36,-0.03,41,997776,卖盘
433,14:23:44,243.39,--,45,1095255,卖盘
434,14:23:40,243.39,-0.61,1,24339,卖盘
435,14:23:35,244.0,--,15,366000,买盘
436,14:23:29,244.0,0.75,102,2488800,买盘
437,14:23:25,243.25,-0.02,110,2675750,卖盘
438,14:23:20,243.27,-0.03,40,973080,中性盘
439,14:23:14,243.3,0.05,32,778560,卖盘
440,14:23:10,243.25,-0.25,18,437850,卖盘
441,14:23:05,243.5,0.25,5,121750,买盘
442,14:22:59,243.25,--,24,583800,卖盘
443,14:22:55,243.25,-0.25,10,243250,卖盘
444,14:22:50,243.5,0.29,31,777252,买盘
445,14:22:44,243.21,-0.01,43,1045803,卖盘
446,14:22:40,243.22,--,25,608050,买盘
447,14:22:35,243.22,-0.28,26,632372,卖盘
448,14:22:30,243.5,0.3,17,413950,买盘
449,14:22:23,243.2,-0.05,54,1313280,卖盘
450,14:22:20,243.25,0.05,25,608125,买盘
451,14:22:15,243.2,-0.05,36,883302,卖盘
452,14:22:08,243.25,-0.25,4,97300,买盘
453,14:22:05,243.5,--,31,754850,买盘
454,14:21:59,243.5,0.37,13,316550,买盘
455,14:21:54,243.13,--,0,0,卖盘
456,14:21:50,243.13,-0.37,36,875268,卖盘
457,14:21:45,243.5,0.32,45,1113038,买盘
458,14:21:39,243.18,0.06,4,104324,买盘
459,14:21:35,243.12,-0.06,98,2382576,卖盘
460,14:21:29,243.18,0.04,27,656586,买盘
461,14:21:24,243.14,-0.01,23,559222,卖盘
462,14:21:20,243.15,--,53,1288695,买盘
463,14:21:14,243.15,-0.24,22,534930,卖盘
464,14:21:08,243.39,0.26,12,292068,买盘
465,14:21:05,243.13,-0.01,28,680764,卖盘
466,14:21:00,243.14,-0.07,129,3136506,卖盘
467,14:20:53,243.21,0.03,4,97284,买盘
468,14:20:50,243.18,--,28,680904,买盘
469,14:20:45,243.18,-0.09,36,875448,卖盘
470,14:20:38,243.27,0.14,9,218943,买盘
471,14:20:35,243.13,-0.16,39,948207,卖盘
472,14:20:30,243.29,-0.01,71,1727359,卖盘
473,14:20:24,243.3,--,2,48660,买盘
474,14:20:20,243.3,0.12,18,437940,卖盘
475,14:20:14,243.18,-0.19,156,3793608,卖盘
476,14:20:09,243.37,--,20,486740,买盘
477,14:20:04,243.37,0.02,158,3845246,买盘
478,14:19:59,243.35,-0.13,21,511035,卖盘
479,14:19:54,243.48,0.08,14,340872,买盘
480,14:19:50,243.4,-0.11,64,1557760,卖盘
481,14:19:44,243.51,-0.03,21,511371,卖盘
482,14:19:39,243.54,0.03,23,560142,买盘
483,14:19:35,243.51,-0.01,19,462669,卖盘
484,14:19:29,243.52,-0.15,32,779264,卖盘
485,14:19:23,243.67,0.02,46,1120882,买盘
486,14:19:20,243.65,-0.09,47,1145155,卖盘
487,14:19:14,243.74,--,19,463106,买盘
488,14:19:09,243.74,-0.06,9,219366,卖盘
489,14:19:04,243.8,--,15,365700,买盘
490,14:18:59,243.8,-0.11,34,828920,卖盘
491,14:18:53,243.91,--,34,829294,买盘
492,14:18:49,243.91,-0.15,6,146346,卖盘
493,14:18:44,244.06,0.06,20,488120,买盘
494,14:18:38,244.0,-0.1,262,6392800,卖盘
495,14:18:34,244.1,-0.02,69,1684290,卖盘
496,14:18:29,244.12,--,36,878832,中性盘
497,14:18:24,244.12,--,23,561476,买盘
498,14:18:19,244.12,-0.03,5,122060,卖盘
499,14:18:14,244.15,-0.05,35,854525,卖盘
500,14:18:08,244.2,--,11,268620,买盘
501,14:18:04,244.2,-0.03,19,463980,卖盘
502,14:17:59,244.23,-0.05,10,244230,卖盘
503,14:17:53,244.28,-0.02,31,763619,卖盘
504,14:17:49,244.3,--,73,1783390,卖盘
505,14:17:44,244.3,-0.04,10,244300,卖盘
506,14:17:39,244.34,-0.04,22,537548,卖盘
507,14:17:34,244.38,0.04,3,73314,买盘
508,14:17:29,244.34,-0.04,1,24434,卖盘
509,14:17:23,244.38,0.08,20,488760,中性盘
510,14:17:19,244.3,-0.12,5,122150,卖盘
511,14:17:14,244.42,-0.04,1,24442,中性盘
512,14:17:09,244.46,--,13,335888,买盘
513,14:17:04,244.46,--,8,195568,买盘
514,14:16:59,244.46,--,1,24446,买盘
515,14:16:53,244.46,-0.04,23,585970,卖盘
516,14:16:49,244.5,--,2,48900,卖盘
517,14:16:44,244.5,0.02,53,1296583,中性盘
518,14:16:38,244.48,-0.02,31,757888,卖盘
519,14:16:34,244.5,0.01,3,73350,买盘
520,14:16:29,244.49,--,7,171143,买盘
521,14:16:23,244.49,-0.05,95,2329011,卖盘
522,14:16:19,244.54,--,1,24454,买盘
523,14:16:14,244.54,0.01,21,513534,买盘
524,14:16:08,244.53,-0.02,18,440154,卖盘
525,14:16:04,244.55,-0.02,8,195640,卖盘
526,14:15:59,244.57,-0.03,26,646153,卖盘
527,14:15:53,244.6,--,15,366900,卖盘
528,14:15:49,244.6,--,8,195680,卖盘
529,14:15:44,244.6,--,22,552306,卖盘
530,14:15:38,244.6,--,2,48920,卖盘
531,14:15:34,244.6,-0.02,1,24460,卖盘
532,14:15:29,244.62,0.02,31,758322,买盘
533,14:15:23,244.6,--,89,2176940,买盘
534,14:15:17,244.6,--,2,48920,买盘
535,14:15:14,244.6,--,22,556220,买盘
536,14:15:08,244.6,0.07,11,269060,买盘
537,14:15:02,244.53,-0.07,2,48906,卖盘
538,14:14:59,244.6,0.02,4,97840,中性盘
539,14:14:53,244.58,-0.05,85,2091892,卖盘
540,14:14:47,244.63,-0.09,7,171241,中性盘
541,14:14:44,244.72,--,10,244720,中性盘
542,14:14:38,244.72,--,10,244720,卖盘
543,14:14:32,244.72,--,5,122360,卖盘
544,14:14:29,244.72,--,44,1076768,买盘
545,14:14:23,244.72,0.11,118,2887696,买盘
546,14:14:17,244.61,--,3,73383,卖盘
547,14:14:14,244.61,-0.11,27,669742,卖盘
548,14:14:08,244.72,0.12,49,1199128,买盘
549,14:14:02,244.6,-0.05,2,48920,卖盘
550,14:13:59,244.65,0.05,23,562695,买盘
551,14:13:53,244.6,0.05,23,564781,买盘
552,14:13:47,244.55,-0.03,64,1587374,卖盘
553,14:13:44,244.58,-0.03,26,638109,卖盘
554,14:13:38,244.61,0.01,63,1541043,买盘
555,14:13:32,244.6,--,18,440280,买盘
556,14:13:29,244.6,--,535,13090992,卖盘
557,14:13:23,244.6,-0.05,274,6702040,卖盘
558,14:13:17,244.65,0.03,12,293580,买盘
559,14:13:14,244.62,-0.04,105,2588079,卖盘
560,14:13:08,244.66,0.06,40,978640,买盘
561,14:13:02,244.6,--,2,48920,卖盘
562,14:12:59,244.6,-0.02,91,2225860,卖盘
563,14:12:53,244.62,-0.03,10,244620,卖盘
564,14:12:47,244.65,-0.03,21,513765,买盘
565,14:12:43,244.68,--,34,831912,卖盘
566,14:12:38,244.68,-0.02,286,6997848,卖盘
567,14:12:32,244.7,-0.02,3,73410,中性盘
568,14:12:28,244.72,-0.03,209,5114648,卖盘
569,14:12:23,244.75,-0.03,7,171325,买盘
570,14:12:17,244.78,-0.01,4,97912,卖盘
571,14:12:13,244.79,-0.06,31,758849,卖盘
572,14:12:08,244.85,--,1,24485,买盘
573,14:12:02,244.85,-0.07,104,2561620,卖盘
574,14:11:58,244.92,0.04,51,1249092,中性盘
575,14:11:53,244.88,-0.06,233,5705704,卖盘
576,14:11:47,244.94,0.02,3,73482,中性盘
577,14:11:43,244.92,-0.03,80,1959360,卖盘
578,14:11:38,244.95,--,26,636870,买盘
579,14:11:32,244.95,0.02,4,97980,买盘
580,14:11:28,244.93,-0.02,4,97972,卖盘
581,14:11:23,244.95,0.02,9,220455,买盘
582,14:11:17,244.93,-0.01,5,122465,卖盘
583,14:11:13,244.94,0.01,25,612350,买盘
584,14:11:08,244.93,-0.01,8,195944,卖盘
585,14:11:02,244.94,0.01,2,48988,买盘
586,14:10:58,244.93,-0.02,4,97972,卖盘
587,14:10:53,244.95,0.01,4,97980,中性盘
588,14:10:47,244.94,0.01,9,220446,卖盘
589,14:10:43,244.93,-0.01,3,73479,卖盘
590,14:10:38,244.94,-0.01,5,131777,卖盘
591,14:10:32,244.95,--,67,1641165,买盘
592,14:10:28,244.95,0.01,2,48990,买盘
593,14:10:23,244.94,0.01,84,2057496,买盘
594,14:10:17,244.93,0.01,4,97972,买盘
595,14:10:13,244.92,-0.01,58,1420536,卖盘
596,14:10:08,244.93,-0.01,11,269423,卖盘
597,14:10:02,244.94,--,139,3404666,买盘
598,14:09:58,244.94,--,3,73482,卖盘
599,14:09:53,244.94,-0.01,16,391904,卖盘
600,14:09:47,244.95,-0.04,101,2493835,卖盘
601,14:09:43,244.99,--,6,146994,买盘
602,14:09:38,244.99,--,120,2939880,卖盘
603,14:09:32,244.99,-0.01,50,1224950,卖盘
604,14:09:28,245.0,-0.01,97,2376500,卖盘
605,14:09:23,245.01,0.01,13,318513,买盘
606,14:09:17,245.0,-0.01,98,2401000,卖盘
607,14:09:13,245.01,-0.01,2,49002,卖盘
608,14:09:08,245.02,--,32,784064,买盘
609,14:09:02,245.02,--,8,196016,买盘
610,14:08:58,245.02,-0.05,69,1690638,卖盘
611,14:08:53,245.07,--,10,245070,买盘
612,14:08:47,245.07,-0.03,19,465633,卖盘
613,14:08:43,245.1,0.03,9,220590,卖盘
614,14:08:38,245.07,0.02,40,980280,买盘
615,14:08:32,245.05,0.03,79,1935895,买盘
616,14:08:28,245.02,--,0,0,卖盘
617,14:08:23,245.02,--,34,833068,卖盘
618,14:08:17,245.02,0.01,5,122510,买盘
619,14:08:11,245.01,--,35,857535,卖盘
620,14:08:08,245.01,--,140,3430140,买盘
621,14:08:02,245.01,--,27,661527,买盘
622,14:07:56,245.01,--,31,759531,买盘
623,14:07:53,245.01,-0.03,9,220509,卖盘
624,14:07:47,245.04,0.04,7,171528,卖盘
625,14:07:41,245.0,-0.03,81,1984500,卖盘
626,14:07:38,245.03,-0.01,7,171521,卖盘
627,14:07:32,245.04,0.02,6,147024,买盘
628,14:07:26,245.02,--,6,147012,卖盘
629,14:07:23,245.02,0.02,109,2670718,买盘
630,14:07:17,245.0,0.01,8,196000,买盘
631,14:07:11,244.99,-0.01,21,514479,中性盘
632,14:07:08,245.0,0.03,53,1298500,买盘
633,14:07:02,244.97,-0.01,7,171479,中性盘
634,14:06:56,244.98,0.01,25,612450,卖盘
635,14:06:53,244.97,0.01,16,396606,买盘
636,14:06:47,244.96,-0.04,61,1514097,卖盘
637,14:06:41,245.0,--,3,73500,卖盘
638,14:06:38,245.0,--,17,416500,卖盘
639,14:06:32,245.0,--,38,935655,卖盘
640,14:06:26,245.0,--,5,122500,卖盘
641,14:06:23,245.0,0.02,44,1078000,买盘
642,14:06:17,244.98,0.02,11,269478,买盘
643,14:06:08,244.96,-0.02,2,48992,卖盘
644,14:06:02,244.98,0.05,1,24498,买盘
645,14:05:56,244.93,-0.02,15,367395,卖盘
646,14:05:53,244.95,0.02,18,440910,中性盘
647,14:05:47,244.93,-0.03,22,538846,卖盘
648,14:05:41,244.96,--,9,220464,买盘
649,14:05:38,244.96,--,15,367440,买盘
650,14:05:32,244.96,--,5,122480,买盘
651,14:05:26,244.96,-0.03,1,24496,买盘
652,14:05:22,244.99,--,5,122495,买盘
653,14:05:17,244.99,-0.01,1,24499,中性盘
654,14:05:11,245.0,-0.01,2,49000,卖盘
655,14:05:08,245.01,0.01,7,171507,买盘
656,14:05:02,245.0,0.12,33,808500,买盘
657,14:04:56,244.88,-0.02,5,122440,卖盘
658,14:04:52,244.9,-0.08,12,293880,卖盘
659,14:04:47,244.98,0.02,1,24498,买盘
660,14:04:41,244.96,0.03,10,244960,中性盘
661,14:04:37,244.93,-0.06,16,391888,卖盘
662,14:04:32,244.99,--,49,1200451,买盘
663,14:04:26,244.99,--,3,73497,买盘
664,14:04:22,244.99,-0.02,41,1004459,卖盘
665,14:04:17,245.01,0.01,23,563523,买盘
666,14:04:11,245.0,-0.05,181,4449200,卖盘
667,14:04:07,245.05,-0.02,4,98020,卖盘
668,14:04:02,245.07,0.02,44,1078308,中性盘
669,14:03:56,245.05,0.04,7,171535,买盘
670,14:03:52,245.01,-0.04,12,294012,卖盘
671,14:03:47,245.05,--,141,3455205,卖盘
672,14:03:41,245.05,--,8,196040,买盘
673,14:03:37,245.05,--,7,171535,买盘
674,14:03:32,245.05,--,21,514605,买盘
675,14:03:26,245.05,--,1,24505,买盘
676,14:03:22,245.05,-0.05,30,735150,卖盘
677,14:03:17,245.1,-0.02,4,98040,中性盘
678,14:03:11,245.12,0.06,1,24512,买盘
679,14:03:07,245.06,-0.11,19,465614,卖盘
680,14:03:02,245.17,-0.05,8,196136,中性盘
681,14:02:56,245.22,0.05,27,662094,买盘
682,14:02:52,245.17,0.15,3,73551,中性盘
683,14:02:47,245.02,-0.16,111,2719722,卖盘
684,14:02:41,245.18,-0.02,9,220662,卖盘
685,14:02:37,245.2,0.01,1,24520,中性盘
686,14:02:32,245.19,-0.03,5,122595,卖盘
687,14:02:26,245.22,0.02,2,49044,买盘
688,14:02:22,245.2,-0.05,6,151043,卖盘
689,14:02:17,245.25,-0.14,24,588600,卖盘
690,14:02:11,245.39,0.14,16,392624,买盘
691,14:02:07,245.25,--,0,0,卖盘
692,14:02:02,245.25,-0.11,34,833850,卖盘
693,14:01:56,245.36,--,21,515256,买盘
694,14:01:52,245.36,--,4,98144,买盘
695,14:01:47,245.36,-0.01,107,2625352,卖盘
696,14:01:41,245.37,--,3,73611,卖盘
697,14:01:37,245.37,--,0,0,卖盘
698,14:01:32,245.37,-0.03,9,220833,卖盘
699,14:01:26,245.4,0.02,31,760740,买盘
700,14:01:22,245.38,--,3,73614,卖盘
701,14:01:17,245.38,-0.02,24,588912,卖盘
702,14:01:11,245.4,--,13,319020,买盘
703,14:01:05,245.4,-0.03,14,343560,卖盘
704,14:01:01,245.43,0.02,43,1055349,买盘
705,14:00:56,245.41,--,25,613525,卖盘
706,14:00:50,245.41,-0.02,5,122705,卖盘
707,14:00:46,245.43,-0.01,12,294516,中性盘
708,14:00:41,245.44,0.01,6,147264,买盘
709,14:00:35,245.43,--,1,24543,买盘
710,14:00:32,245.43,-0.02,10,245430,卖盘
711,14:00:26,245.45,0.01,2,49090,卖盘
712,14:00:20,245.44,-0.01,1,24544,卖盘
713,14:00:17,245.45,--,13,319085,买盘
714,14:00:11,245.45,0.01,43,1055435,买盘
715,14:00:05,245.44,--,1,24544,卖盘
716,14:00:01,245.44,--,16,392704,卖盘
717,13:59:56,245.44,0.01,11,269984,买盘
718,13:59:50,245.43,-0.01,20,490860,卖盘
719,13:59:47,245.44,--,8,196352,买盘
720,13:59:41,245.44,-0.01,3,73632,卖盘
721,13:59:35,245.45,0.02,1,24545,买盘
722,13:59:32,245.43,--,5,122715,卖盘
723,13:59:26,245.43,0.01,2,49086,卖盘
724,13:59:20,245.42,-0.02,26,638092,卖盘
725,13:59:17,245.44,--,31,760864,买盘
726,13:59:11,245.44,--,5,122720,买盘
727,13:59:05,245.44,0.02,5,122720,买盘
728,13:59:02,245.42,-0.02,22,539924,卖盘
729,13:58:56,245.44,-0.01,1,24544,买盘
730,13:58:50,245.45,0.01,42,1030890,买盘
731,13:58:46,245.44,--,46,1129024,买盘
732,13:58:41,245.44,0.01,10,245440,买盘
733,13:58:31,245.43,-0.02,1,24543,卖盘
734,13:58:26,245.45,--,3,73635,买盘
735,13:58:20,245.45,0.02,2,49090,卖盘
736,13:58:17,245.43,--,2,49086,买盘
737,13:58:11,245.43,--,2,49086,买盘
738,13:58:05,245.43,-0.02,11,269973,卖盘
739,13:58:02,245.45,-0.05,16,392720,卖盘
740,13:57:56,245.5,0.08,6,147300,中性盘
741,13:57:50,245.42,-0.03,24,589008,卖盘
742,13:57:46,245.45,-0.05,4,98180,卖盘
743,13:57:41,245.5,--,7,171850,买盘
744,13:57:35,245.5,0.05,1,24550,买盘
745,13:57:31,245.45,-0.05,12,294540,卖盘
746,13:57:20,245.5,0.1,1,24550,买盘
747,13:57:16,245.4,-0.02,31,760740,卖盘
748,13:57:11,245.42,--,5,122710,买盘
749,13:57:05,245.42,-0.02,30,736260,卖盘
750,13:57:01,245.44,-0.07,4,98176,卖盘
751,13:56:56,245.51,--,0,0,买盘
752,13:56:50,245.51,-0.14,11,270061,卖盘
753,13:56:46,245.65,0.05,31,761515,买盘
754,13:56:41,245.6,-0.05,6,147360,卖盘
755,13:56:35,245.65,0.21,23,564995,买盘
756,13:56:31,245.44,-0.21,70,1718080,卖盘
757,13:56:26,245.65,--,0,0,买盘
758,13:56:20,245.65,--,123,3021495,买盘
759,13:56:16,245.65,--,22,540430,买盘
760,13:56:11,245.65,0.17,7,171955,买盘
761,13:56:05,245.48,0.06,102,2503896,买盘
762,13:56:01,245.42,-0.06,1,24542,卖盘
763,13:55:56,245.48,0.09,13,319124,买盘
764,13:55:50,245.39,0.03,3,73617,买盘
765,13:55:46,245.36,--,22,539792,卖盘
766,13:55:41,245.36,--,2,49072,卖盘
767,13:55:35,245.36,--,5,122680,买盘
768,13:55:31,245.36,0.04,13,318968,买盘
769,13:55:26,245.32,-0.03,14,343448,卖盘
770,13:55:20,245.35,--,4,98140,中性盘
771,13:55:16,245.35,-0.01,26,637910,卖盘
772,13:55:11,245.36,--,13,318968,中性盘
773,13:55:05,245.36,--,1,24536,买盘
774,13:55:01,245.36,0.01,31,760616,卖盘
775,13:54:56,245.35,-0.17,4,98140,卖盘
776,13:54:46,245.52,0.17,15,368280,中性盘
777,13:54:41,245.35,-0.21,49,1202215,卖盘
778,13:54:35,245.56,-0.04,20,491120,卖盘
779,13:54:31,245.6,--,5,122800,卖盘
780,13:54:26,245.6,--,14,343840,卖盘
781,13:54:20,245.6,-0.01,12,294720,卖盘
782,13:54:16,245.61,--,8,196488,卖盘
783,13:54:10,245.61,-0.05,2,49122,卖盘
784,13:54:05,245.66,-0.02,12,294792,卖盘
785,13:53:59,245.68,-0.02,7,171976,卖盘
786,13:53:50,245.7,--,0,0,买盘
787,13:53:44,245.7,--,2,49140,卖盘
788,13:53:40,245.7,-0.05,7,171990,卖盘
789,13:53:35,245.75,-0.02,4,98300,卖盘
790,13:53:29,245.77,--,1,24577,买盘
791,13:53:25,245.77,-0.03,12,294924,卖盘
792,13:53:20,245.8,--,5,122900,买盘
793,13:53:14,245.8,0.03,1,24580,买盘
794,13:53:10,245.77,-0.04,9,221193,卖盘
795,13:53:05,245.81,--,13,319553,买盘
796,13:52:55,245.81,--,18,442458,买盘
797,13:52:50,245.81,-0.01,9,221229,卖盘
798,13:52:44,245.82,-0.02,19,467058,卖盘
799,13:52:40,245.84,-0.16,4,98336,卖盘
800,13:52:35,246.0,0.17,64,1594080,买盘
801,13:52:29,245.83,-0.04,5,122915,卖盘
802,13:52:25,245.87,--,43,1057241,卖盘
803,13:52:20,245.87,0.01,8,196696,买盘
804,13:52:13,245.86,--,39,958854,卖盘
805,13:52:10,245.86,0.03,3,73758,卖盘
806,13:52:05,245.83,--,0,0,卖盘
807,13:51:59,245.83,-0.03,12,294996,卖盘
808,13:51:55,245.86,0.01,6,147516,买盘
809,13:51:50,245.85,0.03,6,152427,买盘
810,13:51:40,245.82,--,4,98328,卖盘
811,13:51:35,245.82,--,13,319566,买盘
812,13:51:25,245.82,--,1,44247,卖盘
813,13:51:20,245.82,--,1,29498,卖盘
814,13:51:14,245.82,--,27,663714,卖盘
815,13:51:10,245.82,-0.03,10,245820,卖盘
816,13:51:05,245.85,--,1,24585,买盘
817,13:50:59,245.85,0.01,1,24585,买盘
818,13:50:55,245.84,-0.01,11,274357,卖盘
819,13:50:50,245.85,-0.01,6,147510,卖盘
820,13:50:40,245.86,--,2,49172,中性盘
821,13:50:35,245.86,-0.01,11,270446,卖盘
822,13:50:25,245.87,--,8,196696,买盘
823,13:50:20,245.87,-0.01,6,147522,卖盘
824,13:50:14,245.88,--,1,24588,卖盘
825,13:50:10,245.88,-0.12,12,295056,卖盘
826,13:50:05,246.0,--,7,172200,买盘
827,13:49:55,246.0,--,3,73800,买盘
828,13:49:50,246.0,--,53,1303800,卖盘
829,13:49:44,246.0,--,4,98400,卖盘
830,13:49:40,246.0,--,16,393600,卖盘
831,13:49:35,246.0,-0.01,1,24600,卖盘
832,13:49:29,246.01,--,2,49202,买盘
833,13:49:25,246.01,--,8,196808,卖盘
834,13:49:20,246.01,-0.01,18,442818,卖盘
835,13:49:10,246.02,0.01,5,123010,中性盘
836,13:49:05,246.01,-0.02,1,24601,卖盘
837,13:48:55,246.03,0.02,2,49206,买盘
838,13:48:50,246.01,-0.02,8,196808,中性盘
839,13:48:44,246.03,0.03,2,49206,买盘
840,13:48:40,246.0,-0.09,6,147600,卖盘
841,13:48:34,246.09,0.09,41,1008969,买盘
842,13:48:29,246.0,-0.01,1,24600,卖盘
843,13:48:25,246.01,-0.08,2,49202,卖盘
844,13:48:20,246.09,--,2,49218,卖盘
845,13:48:14,246.09,0.09,1,24609,中性盘
846,13:48:10,246.0,-0.04,6,147600,卖盘
847,13:48:05,246.04,-0.05,13,319852,卖盘
848,13:47:59,246.09,0.05,2,49218,买盘
849,13:47:55,246.04,-0.05,1,24604,中性盘
850,13:47:50,246.09,0.05,8,196872,中性盘
851,13:47:44,246.04,-0.02,15,369060,卖盘
852,13:47:40,246.06,--,0,0,中性盘
853,13:47:35,246.06,-0.14,15,369090,卖盘
854,13:47:25,246.2,0.11,1,24620,买盘
855,13:47:20,246.09,--,16,393744,卖盘
856,13:47:14,246.09,0.03,1,24609,中性盘
857,13:47:10,246.06,--,10,246060,卖盘
858,13:47:05,246.06,--,7,172242,买盘
859,13:46:55,246.06,0.02,15,369090,买盘
860,13:46:50,246.04,-0.16,12,295248,买盘
861,13:46:44,246.2,0.2,2,49240,买盘
862,13:46:40,246.0,--,0,0,中性盘
863,13:46:35,246.0,-0.19,4,98400,卖盘
864,13:46:25,246.19,-0.02,29,713951,卖盘
865,13:46:20,246.21,-0.02,1,24621,买盘
866,13:46:14,246.23,-0.27,12,295476,中性盘
867,13:46:08,246.5,0.27,15,369750,买盘
868,13:46:05,246.23,-0.04,15,369345,卖盘
869,13:45:59,246.27,-0.18,1,24627,中性盘
870,13:45:53,246.45,0.15,20,492900,买盘
871,13:45:50,246.3,-0.09,8,197040,买盘
872,13:45:44,246.39,--,0,0,中性盘
873,13:45:38,246.39,-0.01,1,24639,买盘
874,13:45:34,246.4,0.21,45,1108800,买盘
875,13:45:29,246.19,-0.21,8,196952,卖盘
876,13:45:23,246.4,-0.1,1,24640,卖盘
877,13:45:19,246.5,0.1,8,197200,买盘
878,13:45:14,246.4,-0.05,2,49280,中性盘
879,13:45:07,246.45,0.25,1,24645,卖盘
880,13:45:04,246.2,--,3,73860,卖盘
881,13:44:59,246.2,-0.35,7,172340,卖盘
882,13:44:53,246.55,--,3,73965,买盘
883,13:44:49,246.55,--,14,345170,卖盘
884,13:44:44,246.55,-0.01,60,1500010,买盘
885,13:44:38,246.56,0.01,7,172592,买盘
886,13:44:34,246.55,--,4,98620,买盘
887,13:44:29,246.55,--,1,24655,买盘
888,13:44:23,246.55,--,1,24655,买盘
889,13:44:19,246.55,0.36,12,295860,买盘
890,13:44:14,246.19,-0.36,3,73857,卖盘
891,13:44:08,246.55,0.36,5,123275,买盘
892,13:44:04,246.19,-0.37,27,664713,卖盘
893,13:43:59,246.56,-0.02,15,369840,中性盘
894,13:43:53,246.58,0.02,6,147948,买盘
895,13:43:49,246.56,0.56,52,1282112,买盘
896,13:43:44,246.0,--,17,418200,买盘
897,13:43:38,246.0,--,3,73800,买盘
898,13:43:34,246.0,0.08,31,762600,买盘
899,13:43:29,245.92,0.05,5,122960,买盘
900,13:43:23,245.87,-0.11,1,24587,中性盘
901,13:43:19,245.98,0.06,27,664146,买盘
902,13:43:14,245.92,0.04,59,1450928,买盘
903,13:43:04,245.88,0.07,8,196704,买盘
904,13:42:59,245.81,--,4,98324,买盘
905,13:42:53,245.81,-0.01,4,98324,中性盘
906,13:42:49,245.82,0.01,17,417894,买盘
907,13:42:44,245.81,-0.01,8,204022,卖盘
908,13:42:38,245.82,--,1,24582,中性盘
909,13:42:34,245.82,0.01,20,491640,卖盘
910,13:42:28,245.81,--,21,516201,卖盘
911,13:42:23,245.81,-0.01,9,221229,卖盘
912,13:42:19,245.82,--,28,705503,买盘
913,13:42:13,245.82,0.01,15,368730,买盘
914,13:42:08,245.81,--,4,98324,卖盘
915,13:42:04,245.81,-0.01,15,368715,卖盘
916,13:41:59,245.82,0.02,6,147492,买盘
917,13:41:49,245.8,--,0,0,卖盘
918,13:41:44,245.8,-0.01,11,270380,卖盘
919,13:41:38,245.81,-0.01,2,49162,卖盘
920,13:41:34,245.82,0.01,18,442476,买盘
921,13:41:29,245.81,-0.01,1,24581,卖盘
922,13:41:23,245.82,--,0,0,买盘
923,13:41:19,245.82,-0.07,2,49164,中性盘
924,13:41:14,245.89,0.07,16,393424,买盘
925,13:41:08,245.82,-0.08,22,540804,卖盘
926,13:41:04,245.9,--,3,73770,买盘
927,13:40:59,245.9,-0.02,7,172130,卖盘
928,13:40:53,245.92,-0.02,1,24592,卖盘
929,13:40:49,245.94,--,0,0,买盘
930,13:40:44,245.94,0.04,23,565662,卖盘
931,13:40:38,245.9,--,0,0,卖盘
932,13:40:34,245.9,-0.04,21,516390,卖盘
933,13:40:29,245.94,-0.07,35,860790,卖盘
934,13:40:23,246.01,-0.09,11,270611,卖盘
935,13:40:19,246.1,0.08,45,1107450,买盘
936,13:40:14,246.02,0.02,44,1082488,买盘
937,13:40:08,246.0,--,23,565800,卖盘
938,13:40:04,246.0,-0.03,14,344400,卖盘
939,13:39:58,246.03,-0.07,7,172221,卖盘
940,13:39:49,246.1,-0.01,24,590640,卖盘
941,13:39:44,246.11,0.01,36,885996,买盘
942,13:39:38,246.1,--,1,24610,卖盘
943,13:39:33,246.1,--,17,418370,卖盘
944,13:39:29,246.1,0.08,68,1673480,买盘
945,13:39:23,246.02,--,3,73806,卖盘
946,13:39:19,246.02,-0.05,48,1180896,卖盘
947,13:39:14,246.07,-0.03,7,172249,卖盘
948,13:39:03,246.1,--,4,98440,买盘
949,13:38:58,246.1,-0.01,21,516810,中性盘
950,13:38:53,246.11,-0.05,1,24611,卖盘
951,13:38:47,246.16,0.04,1,24616,卖盘
952,13:38:44,246.12,0.02,22,541464,买盘
953,13:38:38,246.1,-0.06,6,147660,卖盘
954,13:38:28,246.16,--,0,0,中性盘
955,13:38:23,246.16,-0.04,1,24616,中性盘
956,13:38:17,246.2,0.1,5,123100,买盘
957,13:38:13,246.1,-0.06,49,1205890,卖盘
958,13:38:08,246.16,-0.03,14,344624,卖盘
959,13:38:02,246.19,--,2,49238,买盘
960,13:37:58,246.19,-0.02,36,886284,卖盘
961,13:37:53,246.21,-0.01,5,123105,卖盘
962,13:37:47,246.22,--,1,24622,买盘
963,13:37:43,246.22,0.02,20,492440,买盘
964,13:37:37,246.2,--,26,640120,卖盘
965,13:37:32,246.2,-0.01,10,246200,卖盘
966,13:37:28,246.21,0.01,3,73863,买盘
967,13:37:23,246.2,-0.01,12,295440,卖盘
968,13:37:17,246.21,-0.02,2,49242,卖盘
969,13:37:13,246.23,0.01,16,393968,买盘
970,13:37:07,246.22,-0.01,23,566306,卖盘
971,13:37:02,246.23,-0.01,1,24623,中性盘
972,13:36:58,246.24,--,40,984960,卖盘
973,13:36:53,246.24,0.01,5,123120,买盘
974,13:36:47,246.23,-0.01,1,24623,卖盘
975,13:36:43,246.24,--,0,0,买盘
976,13:36:38,246.24,0.01,19,467856,中性盘
977,13:36:28,246.23,-0.07,7,172361,卖盘
978,13:36:22,246.3,0.06,6,147780,买盘
979,13:36:16,246.24,-0.01,1,24624,买盘
980,13:36:13,246.25,--,3,73875,买盘
981,13:36:08,246.25,0.01,2,49250,卖盘
982,13:36:02,246.24,--,7,172368,卖盘
983,13:35:58,246.24,--,0,0,卖盘
984,13:35:52,246.24,-0.13,8,196992,卖盘
985,13:35:47,246.37,-0.01,4,98548,卖盘
986,13:35:43,246.38,--,3,73914,买盘
987,13:35:38,246.38,--,1,24638,中性盘
988,13:35:32,246.38,-0.1,1,24638,卖盘
989,13:35:28,246.48,--,18,443664,买盘
990,13:35:23,246.48,--,2,49296,买盘
991,13:35:13,246.48,--,27,665496,卖盘
992,13:35:07,246.48,-0.01,17,419016,卖盘
993,13:35:02,246.49,--,3,73947,买盘
994,13:34:58,246.49,--,7,172543,买盘
995,13:34:53,246.49,-0.01,5,123245,卖盘
996,13:34:43,246.5,-0.02,4,98600,卖盘
997,13:34:37,246.52,0.02,29,714908,买盘
998,13:34:32,246.5,-0.01,7,172550,卖盘
999,13:34:28,246.51,0.01,11,271161,中性盘
1000,13:34:22,246.5,-0.01,42,1035300,卖盘
1001,13:34:17,246.51,--,0,0,买盘
1002,13:34:13,246.51,-0.01,4,98604,卖盘
1003,13:34:08,246.52,--,18,443736,卖盘
1004,13:34:02,246.52,-0.01,30,739560,卖盘
1005,13:33:58,246.53,--,5,123265,买盘
1006,13:33:52,246.53,0.01,5,123265,买盘
1007,13:33:47,246.52,-0.01,5,123260,卖盘
1008,13:33:43,246.53,-0.01,5,123265,买盘
1009,13:33:38,246.54,0.01,32,788928,买盘
1010,13:33:32,246.53,-0.01,3,73959,卖盘
1011,13:33:28,246.54,0.01,5,123270,买盘
1012,13:33:23,246.53,--,13,320489,卖盘
1013,13:33:16,246.53,--,2,49306,卖盘
1014,13:33:08,246.53,--,6,147918,卖盘
1015,13:32:52,246.53,-0.01,2,49306,卖盘
1016,13:32:46,246.54,--,3,73962,买盘
1017,13:32:43,246.54,--,9,221886,卖盘
1018,13:32:38,246.54,-0.01,7,172578,卖盘
1019,13:32:31,246.55,-0.01,24,591720,卖盘
1020,13:32:27,246.56,0.01,46,1134176,买盘
1021,13:32:23,246.55,-0.01,50,1232750,卖盘
1022,13:32:12,246.56,--,4,98624,买盘
1023,13:32:07,246.56,-0.02,19,468464,卖盘
1024,13:32:01,246.58,-0.01,32,789056,中性盘
1025,13:31:56,246.59,0.03,1,24659,买盘
1026,13:31:52,246.56,-0.03,4,98624,卖盘
1027,13:31:47,246.59,0.04,6,147954,买盘
1028,13:31:37,246.55,--,2,49310,卖盘
1029,13:31:31,246.55,-0.03,12,295860,卖盘
1030,13:31:22,246.58,0.03,1,24658,中性盘
1031,13:31:17,246.55,--,0,0,买盘
1032,13:31:11,246.55,-0.03,20,493100,卖盘
1033,13:31:07,246.58,0.03,2,49316,买盘
1034,13:31:01,246.55,-0.01,6,147930,卖盘
1035,13:30:55,246.56,--,0,0,中性盘
1036,13:30:52,246.56,0.01,19,468464,买盘
1037,13:30:37,246.55,0.02,10,246550,买盘
1038,13:30:32,246.53,-0.02,33,813549,卖盘
1039,13:30:26,246.55,0.02,4,98620,买盘
1040,13:30:22,246.53,-0.01,21,517713,卖盘
1041,13:30:11,246.54,--,4,98616,卖盘
1042,13:30:07,246.54,0.01,1,24654,卖盘
1043,13:30:01,246.53,-0.02,7,172571,卖盘
1044,13:29:52,246.55,--,14,345170,卖盘
1045,13:29:46,246.55,--,2,49310,卖盘
1046,13:29:37,246.55,--,9,221895,卖盘
1047,13:29:32,246.55,-0.03,4,98620,卖盘
1048,13:29:22,246.58,--,5,143016,卖盘
1049,13:29:17,246.58,-0.02,11,271238,卖盘
1050,13:29:11,246.6,0.01,2,49320,买盘
1051,13:29:07,246.59,-0.01,4,103567,卖盘
1052,13:29:02,246.6,--,2,49320,买盘
1053,13:28:52,246.6,-0.02,3,73980,卖盘
1054,13:28:46,246.62,-0.08,4,98648,卖盘
1055,13:28:41,246.7,0.08,3,74010,买盘
1056,13:28:37,246.62,-0.08,4,98648,卖盘
1057,13:28:31,246.7,--,0,0,买盘
1058,13:28:22,246.7,-0.01,10,246700,卖盘
1059,13:28:17,246.71,-0.02,12,296052,卖盘
1060,13:28:11,246.73,--,1,24673,买盘
1061,13:28:07,246.73,0.03,4,98692,中性盘
1062,13:28:01,246.7,-0.12,5,123350,卖盘
1063,13:27:55,246.82,--,0,0,买盘
1064,13:27:52,246.82,0.02,1,24682,买盘
1065,13:27:46,246.8,--,5,123400,中性盘
1066,13:27:41,246.8,--,0,0,买盘
1067,13:27:37,246.8,-0.02,6,148080,卖盘
1068,13:27:31,246.82,--,1,24682,买盘
1069,13:27:26,246.82,--,17,438352,卖盘
1070,13:27:22,246.82,--,6,148092,卖盘
1071,13:27:17,246.82,--,55,1362446,卖盘
1072,13:27:01,246.82,--,3,74539,卖盘
1073,13:26:55,246.82,-0.03,5,123410,卖盘
1074,13:26:52,246.85,0.03,20,493700,买盘
1075,13:26:46,246.82,-0.01,18,444769,买盘
1076,13:26:40,246.83,0.03,20,493660,买盘
1077,13:26:31,246.8,--,5,123400,卖盘
1078,13:26:25,246.8,--,2,49360,卖盘
1079,13:26:21,246.8,--,8,197440,买盘
1080,13:26:17,246.8,--,7,172760,卖盘
1081,13:26:06,246.8,--,6,148080,卖盘
1082,13:26:01,246.8,-0.01,14,345520,卖盘
1083,13:25:55,246.81,-0.01,1,24681,卖盘
1084,13:25:46,246.82,--,3,74046,买盘
1085,13:25:37,246.82,0.01,2,49364,买盘
1086,13:25:31,246.81,--,5,123405,卖盘
1087,13:25:25,246.81,--,2,49362,卖盘
1088,13:25:16,246.81,--,1,24681,卖盘
1089,13:25:10,246.81,-0.05,2,49362,卖盘
1090,13:25:01,246.86,0.05,2,49372,买盘
1091,13:24:55,246.81,-0.05,1,24681,卖盘
1092,13:24:49,246.86,-0.02,2,49372,卖盘
1093,13:24:40,246.88,-0.01,11,271568,买盘
1094,13:24:31,246.89,0.03,6,148134,买盘
1095,13:24:25,246.86,--,1,24686,卖盘
1096,13:24:16,246.86,0.03,1,24686,卖盘
1097,13:24:10,246.83,-0.07,12,296196,卖盘
1098,13:24:04,246.9,--,10,246900,买盘
1099,13:23:55,246.9,--,2,49380,买盘
1100,13:23:46,246.9,--,1,24690,买盘
1101,13:23:40,246.9,0.02,3,74070,卖盘
1102,13:23:34,246.88,--,0,0,卖盘
1103,13:23:31,246.88,-0.06,2,49376,卖盘
1104,13:23:25,246.94,0.05,3,74082,买盘
1105,13:23:16,246.89,-0.11,4,98756,中性盘
1106,13:23:10,247.0,--,7,172900,买盘
1107,13:23:01,247.0,--,1,24700,买盘
1108,13:22:55,247.0,0.05,1,24700,买盘
1109,13:22:49,246.95,-0.05,5,123475,卖盘
1110,13:22:46,247.0,-0.01,54,1344174,卖盘
1111,13:22:40,247.01,0.01,4,98804,买盘
1112,13:22:34,247.0,--,1,24700,卖盘
1113,13:22:31,247.0,--,20,494000,卖盘
1114,13:22:19,247.0,--,21,518700,卖盘
1115,13:22:16,247.0,--,47,1175226,卖盘
1116,13:22:10,247.0,--,0,0,卖盘
1117,13:22:04,247.0,-0.01,3,74100,卖盘
1118,13:22:01,247.01,-0.08,21,518721,卖盘
1119,13:21:55,247.09,0.07,35,864815,买盘
1120,13:21:49,247.02,-0.07,15,370530,卖盘
1121,13:21:25,247.09,--,1,24709,卖盘
1122,13:21:19,247.09,-0.02,1,24709,卖盘
1123,13:21:16,247.11,--,1,24711,买盘
1124,13:21:10,247.11,0.05,5,123555,买盘
1125,13:20:55,247.06,0.01,1,24706,卖盘
1126,13:20:46,247.05,--,9,222345,卖盘
1127,13:20:40,247.05,0.01,33,815265,买盘
1128,13:20:34,247.04,-0.01,4,98816,卖盘
1129,13:20:31,247.05,--,9,222345,买盘
1130,13:20:25,247.05,0.01,3,74115,买盘
1131,13:20:19,247.04,--,1,24704,卖盘
1132,13:20:16,247.04,--,9,222336,卖盘
1133,13:20:10,247.04,--,6,148224,卖盘
1134,13:20:04,247.04,--,1,24704,卖盘
1135,13:20:01,247.04,0.01,17,419968,买盘
1136,13:19:55,247.03,-0.01,2,49406,卖盘
1137,13:19:45,247.04,--,2,49408,买盘
1138,13:19:40,247.04,--,1,24704,买盘
1139,13:19:34,247.04,-0.12,3,74112,卖盘
1140,13:19:30,247.16,-0.3,12,296592,卖盘
1141,13:19:25,247.46,0.26,50,1237300,买盘
1142,13:19:19,247.2,-0.1,3,74160,卖盘
1143,13:19:15,247.3,--,1,24730,买盘
1144,13:19:10,247.3,-0.01,1,24730,中性盘
1145,13:19:00,247.31,--,1,24731,买盘
1146,13:18:55,247.31,0.01,1,24731,买盘
1147,13:18:49,247.3,-0.01,3,74190,卖盘
1148,13:18:45,247.31,--,1,24731,买盘
1149,13:18:40,247.31,--,8,197848,买盘
1150,13:18:30,247.31,--,2,49462,买盘
1151,13:18:25,247.31,0.01,2,49462,买盘
1152,13:18:19,247.3,-0.01,2,49460,卖盘
1153,13:18:15,247.31,0.01,8,197848,买盘
1154,13:18:10,247.3,-0.01,16,413238,卖盘
1155,13:18:00,247.31,0.01,4,98924,买盘
1156,13:17:55,247.3,--,4,98920,卖盘
1157,13:17:49,247.3,-0.01,25,618250,卖盘
1158,13:17:43,247.31,0.01,4,98924,买盘
1159,13:17:40,247.3,-0.01,6,148380,卖盘
1160,13:17:34,247.31,0.01,4,98924,买盘
1161,13:17:25,247.3,-0.01,5,123650,卖盘
1162,13:17:19,247.31,-0.27,1,32892,卖盘
1163,13:17:13,247.58,0.27,1,24758,买盘
1164,13:17:10,247.31,--,3,74193,卖盘
1165,13:17:04,247.31,--,28,709037,卖盘
1166,13:16:58,247.31,--,10,247310,卖盘
1167,13:16:55,247.31,--,6,148386,卖盘
1168,13:16:49,247.31,0.01,13,321503,中性盘
1169,13:16:43,247.3,--,3,74190,买盘
1170,13:16:40,247.3,0.27,18,445140,买盘
1171,13:16:34,247.03,-0.27,47,1161041,卖盘
1172,13:16:28,247.3,-0.01,2,49460,卖盘
1173,13:16:25,247.31,0.01,7,173117,买盘
1174,13:16:19,247.3,--,2,49460,卖盘
1175,13:16:13,247.3,--,5,123650,卖盘
1176,13:16:10,247.3,--,115,2843950,卖盘
1177,13:15:58,247.3,--,0,0,卖盘
1178,13:15:55,247.3,-0.05,13,321490,卖盘
1179,13:15:49,247.35,-0.15,27,667845,卖盘
1180,13:15:43,247.5,--,0,0,买盘
1181,13:15:40,247.5,0.09,10,266062,买盘
1182,13:15:34,247.41,-0.09,6,148446,卖盘
1183,13:15:28,247.5,-0.01,2,49500,卖盘
1184,13:15:25,247.51,-0.05,4,99004,卖盘
1185,13:15:19,247.56,--,47,1163532,卖盘
1186,13:15:13,247.56,--,2,49512,卖盘
1187,13:15:10,247.56,--,49,1213044,卖盘
1188,13:15:04,247.56,-0.04,10,247560,卖盘
1189,13:14:55,247.6,0.03,1,24760,买盘
1190,13:14:49,247.57,--,1,24757,中性盘
1191,13:14:43,247.57,0.01,1,24757,卖盘
1192,13:14:40,247.56,--,0,0,卖盘
1193,13:14:34,247.56,--,0,0,卖盘
1194,13:14:28,247.56,-0.06,15,371340,卖盘
1195,13:14:25,247.62,0.06,1,24762,中性盘
1196,13:14:19,247.56,--,38,940728,卖盘
1197,13:14:13,247.56,-0.06,2,49512,卖盘
1198,13:14:10,247.62,0.06,6,148572,买盘
1199,13:14:04,247.56,-0.06,6,148536,卖盘
1200,13:13:58,247.62,0.06,11,272382,买盘
1201,13:13:55,247.56,-0.04,5,123780,卖盘
1202,13:13:49,247.6,0.04,15,371400,买盘
1203,13:13:43,247.56,-0.04,2,49512,卖盘
1204,13:13:40,247.6,--,2,49520,卖盘
1205,13:13:34,247.6,--,0,0,中性盘
1206,13:13:28,247.6,-0.2,1,24760,卖盘
1207,13:13:25,247.8,0.2,1,24780,买盘
1208,13:13:13,247.6,0.05,2,49520,卖盘
1209,13:13:10,247.55,--,2,49510,卖盘
1210,13:12:58,247.55,-0.4,2,49510,卖盘
1211,13:12:55,247.95,0.4,9,223155,买盘
1212,13:12:49,247.55,--,11,272305,卖盘
1213,13:12:43,247.55,--,67,1658585,卖盘
1214,13:12:39,247.55,0.03,4,99020,买盘
1215,13:12:34,247.52,--,11,272272,买盘
1216,13:12:24,247.52,0.02,1,24752,买盘
1217,13:12:13,247.5,-0.02,22,544500,卖盘
1218,13:12:09,247.52,-0.08,45,1113840,买盘
1219,13:12:04,247.6,0.1,2,49520,买盘
1220,13:11:58,247.5,--,5,123750,卖盘
1221,13:11:54,247.5,-0.06,25,618750,卖盘
1222,13:11:49,247.56,0.06,1,24756,买盘
1223,13:11:43,247.5,--,6,148500,卖盘
1224,13:11:39,247.5,--,16,396000,卖盘
1225,13:11:34,247.5,--,13,321750,卖盘
1226,13:11:28,247.5,0.01,83,2077515,买盘
1227,13:11:24,247.49,0.08,6,148494,买盘
1228,13:11:13,247.41,--,4,98964,卖盘
1229,13:11:09,247.41,--,0,0,卖盘
1230,13:11:04,247.41,-0.05,8,197928,卖盘
1231,13:10:58,247.46,0.07,19,470174,买盘
1232,13:10:52,247.39,-0.02,3,74217,卖盘
1233,13:10:49,247.41,0.11,4,98964,买盘
1234,13:10:43,247.3,--,17,420410,卖盘
1235,13:10:37,247.3,--,2,49460,卖盘
1236,13:10:34,247.3,-0.17,165,4080450,卖盘
1237,13:10:28,247.47,0.06,7,173229,买盘
1238,13:10:22,247.41,--,1,24741,买盘
1239,13:10:19,247.41,-0.06,4,98964,卖盘
1240,13:10:13,247.47,--,41,1014627,卖盘
1241,13:10:04,247.47,-0.01,1,24747,卖盘
1242,13:09:58,247.48,0.01,4,98992,买盘
1243,13:09:52,247.47,0.47,19,470193,买盘
1244,13:09:49,247.0,-0.3,2,49400,卖盘
1245,13:09:43,247.3,-0.16,10,247300,卖盘
1246,13:09:37,247.46,0.16,1,24746,买盘
1247,13:09:34,247.3,--,3,74190,卖盘
1248,13:09:28,247.3,0.32,11,272030,中性盘
1249,13:09:22,246.98,-0.49,5,123490,卖盘
1250,13:09:18,247.47,0.48,50,1237350,买盘
1251,13:09:13,246.99,--,2,49398,卖盘
1252,13:09:07,246.99,-0.01,2,49398,卖盘
1253,13:09:04,247.0,--,2,49400,买盘
1254,13:08:58,247.0,-0.3,13,321100,卖盘
1255,13:08:52,247.3,--,0,0,买盘
1256,13:08:49,247.3,0.3,1,24730,买盘
1257,13:08:43,247.0,--,2,49400,卖盘
1258,13:08:37,247.0,0.01,2,49400,买盘
1259,13:08:28,246.99,-0.01,3,74097,卖盘
1260,13:08:22,247.0,0.01,17,419900,买盘
1261,13:08:19,246.99,--,2,49398,卖盘
1262,13:08:13,246.99,-0.4,6,148194,卖盘
1263,13:08:07,247.39,0.09,1,24739,买盘
1264,13:07:58,247.3,0.3,22,554446,买盘
1265,13:07:52,247.0,0.01,2,49400,买盘
1266,13:07:43,246.99,--,8,197592,买盘
1267,13:07:37,246.99,0.04,1,24699,买盘
1268,13:07:34,246.95,-0.05,5,123475,卖盘
1269,13:07:28,247.0,0.48,43,1062100,买盘
1270,13:07:22,246.52,--,2,49304,卖盘
1271,13:07:19,246.52,-0.01,23,566996,卖盘
1272,13:07:13,246.53,0.01,1,24653,卖盘
1273,13:07:03,246.52,--,0,0,卖盘
1274,13:06:58,246.52,-0.47,5,123260,卖盘
1275,13:06:52,246.99,--,0,0,买盘
1276,13:06:49,246.99,0.01,36,905959,买盘
1277,13:06:43,246.98,--,13,321074,卖盘
1278,13:06:33,246.98,--,9,222282,卖盘
1279,13:06:28,246.98,0.33,54,1341595,买盘
1280,13:06:22,246.65,--,0,0,买盘
1281,13:06:18,246.65,0.14,7,172655,买盘
1282,13:06:13,246.51,--,11,271161,卖盘
1283,13:06:07,246.51,--,0,0,卖盘
1284,13:06:03,246.51,-0.01,60,1479060,卖盘
1285,13:05:58,246.52,--,0,0,中性盘
1286,13:05:43,246.52,0.01,30,739560,买盘
1287,13:05:37,246.51,0.03,6,165161,买盘
1288,13:05:18,246.48,--,6,147888,卖盘
1289,13:05:13,246.48,-0.02,23,566904,卖盘
1290,13:05:07,246.5,0.01,39,961350,买盘
1291,13:05:03,246.49,--,2,49298,买盘
1292,13:04:58,246.49,0.26,16,394384,买盘
1293,13:04:48,246.23,0.01,2,49246,中性盘
1294,13:04:43,246.22,--,9,221598,卖盘
1295,13:04:22,246.22,--,1,24622,买盘
1296,13:04:18,246.22,--,1,24622,买盘
1297,13:04:13,246.22,0.02,2,49244,买盘
1298,13:04:07,246.2,--,0,0,卖盘
1299,13:04:03,246.2,--,1,24620,卖盘
1300,13:03:58,246.2,--,2,49240,卖盘
1301,13:03:52,246.2,--,49,1206380,买盘
1302,13:03:46,246.2,0.06,2,49240,买盘
1303,13:03:43,246.14,0.01,15,369210,买盘
1304,13:03:37,246.13,-0.04,139,3421207,卖盘
1305,13:03:31,246.17,-0.33,72,1772424,卖盘
1306,13:03:28,246.5,0.3,1,24650,买盘
1307,13:03:22,246.2,--,2,49240,卖盘
1308,13:03:16,246.2,--,1,24620,卖盘
1309,13:03:12,246.2,0.03,53,1304860,买盘
1310,13:03:07,246.17,-0.03,10,246170,卖盘
1311,13:02:57,246.2,--,3,73860,买盘
1312,13:02:52,246.2,0.05,1,24620,买盘
1313,13:02:46,246.15,-0.05,2,49230,卖盘
1314,13:02:37,246.2,0.1,11,270820,买盘
1315,13:02:31,246.1,--,0,0,卖盘
1316,13:02:27,246.1,-0.1,11,270710,卖盘
1317,13:02:22,246.2,0.1,1,24620,买盘
1318,13:02:16,246.1,--,1,24610,卖盘
1319,13:02:12,246.1,--,6,147660,卖盘
1320,13:02:07,246.1,-0.01,15,369150,卖盘
1321,13:02:01,246.11,--,0,0,中性盘
1322,13:01:57,246.11,--,2,49222,中性盘
1323,13:01:52,246.11,--,8,196888,卖盘
1324,13:01:46,246.11,--,0,0,卖盘
1325,13:01:42,246.11,-0.41,20,492220,卖盘
1326,13:01:37,246.52,0.4,56,1380512,买盘
1327,13:01:31,246.12,0.02,1,24612,买盘
1328,13:01:27,246.1,--,2,49220,卖盘
1329,13:01:22,246.1,--,1,24610,卖盘
1330,13:01:12,246.1,-0.05,3,73830,卖盘
1331,13:01:07,246.15,-0.04,5,123075,买盘
1332,13:01:01,246.19,0.08,3,73857,卖盘
1333,13:00:46,246.11,--,0,0,卖盘
1334,13:00:42,246.11,-0.3,2,49222,卖盘
1335,13:00:37,246.41,-0.04,4,98564,中性盘
1336,13:00:31,246.45,0.35,1,24645,买盘
1337,13:00:27,246.1,-0.35,5,123050,卖盘
1338,13:00:22,246.45,0.35,6,147870,买盘
1339,13:00:16,246.1,--,0,0,卖盘
1340,13:00:12,246.1,-0.3,28,689080,卖盘
1341,13:00:07,246.4,0.32,56,1379840,买盘
1342,13:00:01,246.08,-0.01,16,393728,卖盘
1343,11:30:00,246.09,--,0,0,卖盘
1344,11:29:59,246.09,--,0,0,卖盘
1345,11:29:47,246.09,--,0,0,中性盘
1346,11:29:43,246.09,0.01,1,24609,中性盘
1347,11:29:38,246.08,--,4,98432,卖盘
1348,11:29:32,246.08,--,2,49216,卖盘
1349,11:29:28,246.08,0.01,12,295296,中性盘
1350,11:29:23,246.07,-0.01,3,73821,卖盘
1351,11:29:17,246.08,0.01,2,49216,买盘
1352,11:29:13,246.07,0.01,2,49214,中性盘
1353,11:29:08,246.06,-0.38,3,73818,卖盘
1354,11:29:02,246.44,0.36,5,123220,买盘
1355,11:28:58,246.08,0.02,4,98432,中性盘
1356,11:28:53,246.06,-0.01,13,319878,卖盘
1357,11:28:47,246.07,-0.38,7,172249,卖盘
1358,11:28:43,246.45,0.34,1,24645,买盘
1359,11:28:38,246.11,-0.09,9,221499,卖盘
1360,11:28:32,246.2,-0.28,4,98480,中性盘
1361,11:28:28,246.48,0.42,1,24648,买盘
1362,11:28:23,246.06,--,5,123030,卖盘
1363,11:28:13,246.06,--,0,0,卖盘
1364,11:28:08,246.06,-0.46,12,295272,卖盘
1365,11:28:02,246.52,--,39,961428,卖盘
1366,11:27:58,246.52,--,1,24652,卖盘
1367,11:27:53,246.52,0.46,20,493040,买盘
1368,11:27:47,246.06,--,13,319878,卖盘
1369,11:27:43,246.06,--,0,0,卖盘
1370,11:27:38,246.06,--,14,344484,卖盘
1371,11:27:32,246.06,0.01,19,467514,卖盘
1372,11:27:28,246.05,--,0,0,卖盘
1373,11:27:23,246.05,-0.49,9,221445,卖盘
1374,11:27:17,246.54,0.49,17,419118,中性盘
1375,11:27:08,246.05,0.03,4,98420,卖盘
1376,11:27:02,246.02,-0.03,10,246020,卖盘
1377,11:26:56,246.05,--,4,98420,卖盘
1378,11:26:53,246.05,0.03,5,123025,卖盘
1379,11:26:47,246.02,0.02,7,172214,买盘
1380,11:26:41,246.0,--,9,221400,卖盘
1381,11:26:38,246.0,--,20,492000,卖盘
1382,11:26:32,246.0,0.65,27,664200,买盘
1383,11:26:26,245.35,--,0,0,卖盘
1384,11:26:22,245.35,-0.65,30,736050,卖盘
1385,11:26:17,246.0,-0.7,76,1869600,卖盘
1386,11:26:11,246.7,-0.05,2,49340,卖盘
1387,11:26:07,246.75,--,0,0,中性盘
1388,11:25:53,246.75,-0.03,2,49350,卖盘
1389,11:25:47,246.78,--,3,74034,卖盘
1390,11:25:23,246.78,-0.09,19,468882,卖盘
1391,11:25:17,246.87,-0.01,58,1431846,卖盘
1392,11:25:11,246.88,--,2,49376,卖盘
1393,11:25:08,246.88,-0.08,11,271568,卖盘
1394,11:25:02,246.96,-0.01,3,74088,卖盘
1395,11:24:52,246.97,--,0,0,中性盘
1396,11:24:47,246.97,--,2,49394,买盘
1397,11:24:32,246.97,--,1,24697,买盘
1398,11:24:26,246.97,-0.01,8,197576,卖盘
1399,11:24:22,246.98,0.01,6,148188,买盘
1400,11:24:17,246.97,--,39,963183,卖盘
1401,11:24:07,246.97,-0.01,1,24697,卖盘
1402,11:23:56,246.98,0.01,1,24698,买盘
1403,11:23:47,246.97,--,0,0,卖盘
1404,11:23:41,246.97,-0.03,10,246970,卖盘
1405,11:23:26,247.0,--,1,24700,买盘
1406,11:23:22,247.0,-0.01,28,713830,卖盘
1407,11:23:17,247.01,--,4,98804,卖盘
1408,11:23:02,247.01,--,9,222309,卖盘
1409,11:22:47,247.01,-0.01,6,150676,卖盘
1410,11:22:26,247.02,--,6,148212,卖盘
1411,11:22:17,247.02,-0.14,1,24702,卖盘
1412,11:22:07,247.16,-0.08,5,123580,中性盘
1413,11:22:02,247.24,--,3,74172,买盘
1414,11:21:56,247.24,-0.02,1,24724,买盘
1415,11:21:52,247.26,0.03,1,24726,买盘
1416,11:21:47,247.23,--,2,49446,买盘
1417,11:21:41,247.23,-0.01,3,74169,卖盘
1418,11:21:32,247.24,-0.03,1,24724,买盘
1419,11:21:22,247.27,--,2,49454,卖盘
1420,11:21:17,247.27,0.25,6,148362,中性盘
1421,11:21:11,247.02,-0.38,9,222318,卖盘
1422,11:21:07,247.4,0.38,43,1063820,买盘
1423,11:21:02,247.02,0.01,1,24702,卖盘
1424,11:20:56,247.01,--,0,0,卖盘
1425,11:20:52,247.01,--,1,24701,卖盘
1426,11:20:47,247.01,--,0,0,卖盘
1427,11:20:41,247.01,--,1,24701,卖盘
1428,11:20:37,247.01,-0.31,3,74103,卖盘
1429,11:20:32,247.32,0.14,3,74196,买盘
1430,11:20:26,247.18,--,0,0,卖盘
1431,11:20:11,247.18,-0.32,5,123590,卖盘
1432,11:20:05,247.5,--,2,49500,买盘
1433,11:20:02,247.5,--,10,247500,买盘
1434,11:19:46,247.5,0.5,6,148500,买盘
1435,11:19:41,247.0,--,0,0,卖盘
1436,11:19:35,247.0,--,0,0,卖盘
1437,11:19:26,247.0,-0.5,1,24700,中性盘
1438,11:19:16,247.5,--,7,173250,买盘
1439,11:19:11,247.5,-0.1,12,298980,卖盘
1440,11:19:05,247.6,0.04,1,24760,买盘
1441,11:19:01,247.56,0.06,13,344603,买盘
1442,11:18:56,247.5,-0.04,5,123750,卖盘
1443,11:18:50,247.54,--,4,99016,买盘
1444,11:18:47,247.54,0.03,8,200507,买盘
1445,11:18:41,247.51,0.01,16,396016,买盘
1446,11:18:31,247.5,0.51,3,74250,买盘
1447,11:18:26,246.99,-0.01,6,148194,中性盘
1448,11:18:20,247.0,0.03,3,74100,买盘
1449,11:18:16,246.97,-0.03,15,370455,中性盘
1450,11:18:11,247.0,--,76,1877200,买盘
1451,11:18:05,247.0,--,11,271700,买盘
1452,11:18:01,247.0,0.03,55,1358500,买盘
1453,11:17:55,246.97,-0.02,1,24697,卖盘
1454,11:17:50,246.99,--,1,24699,买盘
1455,11:17:46,246.99,0.02,7,172893,买盘
1456,11:17:35,246.97,--,1,24697,买盘
1457,11:17:31,246.97,0.01,4,98788,买盘
1458,11:17:26,246.96,--,8,197568,卖盘
1459,11:17:20,246.96,--,2,49392,卖盘
1460,11:17:16,246.96,--,27,666792,买盘
1461,11:17:11,246.96,--,1,24696,买盘
1462,11:17:05,246.96,0.09,6,148176,买盘
1463,11:17:01,246.87,-0.03,18,444366,卖盘
1464,11:16:56,246.9,-0.02,4,120981,卖盘
1465,11:16:50,246.92,0.02,1,24692,买盘
1466,11:16:46,246.9,--,1,24690,中性盘
1467,11:16:31,246.9,-0.05,1,24690,买盘
1468,11:16:26,246.95,-0.01,8,197560,卖盘
1469,11:16:11,246.96,--,1,24696,卖盘
1470,11:16:05,246.96,0.06,73,1802808,买盘
1471,11:16:01,246.9,0.01,2,49380,中性盘
1472,11:15:56,246.89,--,14,345646,卖盘
1473,11:15:46,246.89,0.02,4,98756,买盘
1474,11:15:41,246.87,-0.02,10,246870,卖盘
1475,11:15:35,246.89,0.01,2,49378,买盘
1476,11:15:31,246.88,-0.02,55,1357840,卖盘
1477,11:15:26,246.9,0.01,5,123450,中性盘
1478,11:15:16,246.89,-0.01,3,74067,卖盘
1479,11:15:11,246.9,-0.06,1,24690,中性盘
1480,11:14:56,246.96,--,0,0,中性盘
1481,11:14:50,246.96,--,12,296352,卖盘
1482,11:14:46,246.96,-0.03,1,24696,卖盘
1483,11:14:41,246.99,0.03,3,74097,买盘
1484,11:14:31,246.96,--,2,49392,卖盘
1485,11:14:26,246.96,-0.01,6,148176,卖盘
1486,11:14:16,246.97,0.01,2,49394,买盘
1487,11:14:11,246.96,--,0,0,卖盘
1488,11:14:05,246.96,--,1,24696,卖盘
1489,11:14:01,246.96,--,1,24696,卖盘
1490,11:13:56,246.96,-0.03,4,98784,卖盘
1491,11:13:46,246.99,-0.01,3,74097,卖盘
1492,11:13:40,247.0,--,1,24700,买盘
1493,11:13:35,247.0,-0.01,44,1086800,卖盘
1494,11:13:29,247.01,--,0,0,卖盘
1495,11:13:26,247.01,-0.05,14,345814,卖盘
1496,11:13:14,247.06,--,0,0,卖盘
1497,11:13:11,247.06,-0.43,2,49412,卖盘
1498,11:13:05,247.49,--,2,49498,卖盘
1499,11:12:56,247.49,-0.01,5,123745,卖盘
1500,11:12:50,247.5,--,9,222750,买盘
1501,11:12:44,247.5,--,2,49500,买盘
1502,11:12:40,247.5,0.01,1,24750,买盘
1503,11:12:35,247.49,-0.01,5,123745,卖盘
1504,11:12:25,247.5,--,1,24750,卖盘
1505,11:12:20,247.5,--,1,24750,卖盘
1506,11:12:14,247.5,-0.04,1,24750,卖盘
1507,11:12:05,247.54,-0.25,2,49508,中性盘
1508,11:11:59,247.79,0.29,3,74337,买盘
1509,11:11:55,247.5,-0.28,2,49500,卖盘
1510,11:11:50,247.78,0.28,16,396448,买盘
1511,11:11:44,247.5,0.01,3,74250,买盘
1512,11:11:40,247.49,-0.29,8,197992,卖盘
1513,11:11:35,247.78,0.28,8,198224,买盘
1514,11:11:29,247.5,--,1,24750,买盘
1515,11:11:25,247.5,--,5,123750,卖盘
1516,11:11:20,247.5,--,16,396000,买盘
1517,11:11:14,247.5,--,3,74250,买盘
1518,11:11:10,247.5,--,53,1311750,买盘
1519,11:11:05,247.5,--,4,99000,买盘
1520,11:10:59,247.5,--,8,198000,买盘
1521,11:10:55,247.5,--,27,668250,买盘
1522,11:10:50,247.5,0.01,17,420750,买盘
1523,11:10:44,247.49,0.53,4,98996,买盘
1524,11:10:40,246.96,-0.04,11,271656,卖盘
1525,11:10:35,247.0,0.12,35,864500,买盘
1526,11:10:29,246.88,--,0,0,卖盘
1527,11:10:25,246.88,-0.08,5,123440,卖盘
1528,11:10:19,246.96,0.09,2,49392,买盘
1529,11:10:10,246.87,--,3,74061,卖盘
1530,11:10:05,246.87,--,27,666549,买盘
1531,11:09:55,246.87,0.03,10,246870,买盘
1532,11:09:50,246.84,-0.03,8,197472,卖盘
1533,11:09:40,246.87,--,8,197496,卖盘
1534,11:09:35,246.87,--,1,24687,卖盘
1535,11:09:25,246.87,-0.03,1,24687,卖盘
1536,11:09:20,246.9,0.1,3,74070,买盘
1537,11:09:14,246.8,--,0,0,卖盘
1538,11:09:10,246.8,--,1,24680,卖盘
1539,11:09:05,246.8,--,7,172760,卖盘
1540,11:08:55,246.8,-0.02,9,222120,卖盘
1541,11:08:50,246.82,0.01,8,197456,中性盘
1542,11:08:44,246.81,-0.03,1,24681,卖盘
1543,11:08:40,246.84,-0.03,2,49368,买盘
1544,11:08:34,246.87,0.01,2,49374,买盘
1545,11:08:25,246.86,-0.01,34,839324,卖盘
1546,11:08:20,246.87,--,3,74061,卖盘
1547,11:08:10,246.87,-0.06,3,74061,卖盘
1548,11:07:55,246.93,-0.03,4,98772,卖盘
1549,11:07:50,246.96,-0.04,2,49392,卖盘
1550,11:07:40,247.0,--,5,123500,买盘
1551,11:07:34,247.0,--,1,24700,买盘
1552,11:07:29,247.0,--,6,148200,买盘
1553,11:07:25,247.0,-0.06,46,1136200,卖盘
1554,11:07:20,247.06,--,5,123530,卖盘
1555,11:07:14,247.06,--,1,24706,卖盘
1556,11:07:04,247.06,0.01,1,24706,中性盘
1557,11:06:55,247.05,0.02,3,74115,中性盘
1558,11:06:50,247.03,-0.26,13,321139,卖盘
1559,11:06:44,247.29,0.24,6,148374,买盘
1560,11:06:40,247.05,--,8,197640,卖盘
1561,11:06:35,247.05,0.02,2,49410,买盘
1562,11:06:29,247.03,--,0,0,卖盘
1563,11:06:25,247.03,0.17,18,444654,买盘
1564,11:06:20,246.86,-0.14,9,222174,卖盘
1565,11:06:10,247.0,--,4,98800,买盘
1566,11:06:05,247.0,-0.05,47,1160900,卖盘
1567,11:05:59,247.05,-0.03,2,49410,卖盘
1568,11:05:55,247.08,0.06,1,24708,买盘
1569,11:05:50,247.02,-0.06,57,1408014,卖盘
1570,11:05:44,247.08,--,3,74124,卖盘
1571,11:05:40,247.08,-0.02,4,98832,卖盘
1572,11:05:35,247.1,-0.08,2,49420,卖盘
1573,11:05:29,247.18,--,9,222462,卖盘
1574,11:05:23,247.18,--,0,0,卖盘
1575,11:05:20,247.18,-0.01,2,49436,卖盘
1576,11:05:14,247.19,-0.01,6,148314,中性盘
1577,11:05:08,247.2,--,21,519120,卖盘
1578,11:05:05,247.2,-0.09,6,148320,卖盘
1579,11:04:50,247.29,--,0,0,中性盘
1580,11:04:44,247.29,-0.01,5,123645,卖盘
1581,11:04:19,247.3,-0.08,2,49460,卖盘
1582,11:04:14,247.38,--,5,123690,卖盘
1583,11:04:04,247.38,--,2,49476,卖盘
1584,11:03:59,247.38,-0.01,2,49476,卖盘
1585,11:03:49,247.39,--,2,49478,卖盘
1586,11:03:44,247.39,--,0,0,卖盘
1587,11:03:38,247.39,-0.11,1,24739,卖盘
1588,11:03:34,247.5,-0.1,5,123750,卖盘
1589,11:03:29,247.6,--,7,173320,买盘
1590,11:03:22,247.6,0.05,1,24760,中性盘
1591,11:03:19,247.55,-0.06,13,321815,中性盘
1592,11:03:14,247.61,--,0,0,买盘
1593,11:03:04,247.61,--,9,222849,卖盘
1594,11:02:59,247.61,-0.02,5,123805,卖盘
1595,11:02:53,247.63,--,2,49526,买盘
1596,11:02:49,247.63,--,6,170864,卖盘
1597,11:02:43,247.63,--,11,272393,卖盘
1598,11:02:37,247.63,--,0,0,卖盘
1599,11:02:34,247.63,--,10,247630,卖盘
1600,11:02:29,247.63,-0.02,12,297156,卖盘
1601,11:02:19,247.65,-0.15,2,49530,卖盘
1602,11:02:14,247.8,0.01,53,1313340,买盘
1603,11:02:04,247.79,-0.01,9,223011,卖盘
1604,11:01:59,247.8,0.01,8,198240,买盘
1605,11:01:53,247.79,--,1,24779,卖盘
1606,11:01:49,247.79,-0.01,8,198232,卖盘
1607,11:01:43,247.8,0.01,2,49560,买盘
1608,11:01:34,247.79,--,3,74337,卖盘
1609,11:01:29,247.79,--,15,371685,卖盘
1610,11:01:23,247.79,--,2,49558,卖盘
1611,11:01:19,247.79,--,24,594696,卖盘
1612,11:01:13,247.79,--,1,24779,卖盘
1613,11:01:04,247.79,--,2,49558,卖盘
1614,11:00:59,247.79,0.16,4,99116,买盘
1615,11:00:52,247.63,--,2,49526,卖盘
1616,11:00:49,247.63,--,10,247630,卖盘
1617,11:00:44,247.63,-0.16,1,24763,卖盘
1618,11:00:34,247.79,0.11,3,74337,买盘
1619,11:00:23,247.68,-0.07,2,49536,买盘
1620,11:00:19,247.75,0.07,4,99100,买盘
1621,11:00:04,247.68,0.02,9,222912,中性盘
1622,10:59:59,247.66,--,2,49532,中性盘
1623,10:59:52,247.66,--,1,24766,卖盘
1624,10:59:49,247.66,-0.12,4,99064,卖盘
1625,10:59:44,247.78,0.12,1,24778,买盘
1626,10:59:34,247.66,--,2,49532,卖盘
1627,10:59:23,247.66,--,0,0,卖盘
1628,10:59:19,247.66,0.01,4,99064,卖盘
1629,10:59:14,247.65,-0.02,1,24765,卖盘
1630,10:59:04,247.67,0.02,5,123835,买盘
1631,10:58:59,247.65,--,1,24765,卖盘
1632,10:58:49,247.65,--,5,123825,卖盘
1633,10:58:44,247.65,--,4,99060,卖盘
1634,10:58:37,247.65,--,1,24765,卖盘
1635,10:58:34,247.65,--,0,2476,买盘
1636,10:58:29,247.65,0.02,2,49530,买盘
1637,10:58:19,247.63,--,2,49526,卖盘
1638,10:58:04,247.63,-0.02,1,24763,卖盘
1639,10:57:59,247.65,--,3,74295,买盘
1640,10:57:53,247.65,--,6,148590,买盘
1641,10:57:49,247.65,-0.15,11,272415,卖盘
1642,10:57:38,247.8,0.15,13,322140,买盘
1643,10:57:34,247.65,-0.15,11,272415,卖盘
1644,10:57:29,247.8,0.01,43,1065540,买盘
1645,10:57:23,247.79,0.14,6,148674,买盘
1646,10:57:19,247.65,--,11,272415,卖盘
1647,10:57:13,247.65,0.02,2,49530,买盘
1648,10:57:07,247.63,0.02,9,222867,买盘
1649,10:57:01,247.61,--,5,123805,卖盘
1650,10:56:59,247.61,-0.02,1,24761,卖盘
1651,10:56:53,247.63,--,0,0,买盘
1652,10:56:46,247.63,--,4,99052,买盘
1653,10:56:43,247.63,0.03,2,49526,买盘
1654,10:56:37,247.6,-0.06,3,74280,卖盘
1655,10:56:31,247.66,-0.13,1,24766,卖盘
1656,10:56:28,247.79,0.13,119,2948701,买盘
1657,10:56:22,247.66,-0.02,6,148596,卖盘
1658,10:56:17,247.68,-0.09,1,24768,卖盘
1659,10:56:13,247.77,0.09,4,99108,买盘
1660,10:56:07,247.68,0.03,8,198144,买盘
1661,10:56:01,247.65,--,1,24765,卖盘
1662,10:55:58,247.65,--,1,24765,卖盘
1663,10:55:52,247.65,-0.03,7,173355,卖盘
1664,10:55:46,247.68,-0.09,1,24768,中性盘
1665,10:55:43,247.77,0.09,48,1189296,买盘
1666,10:55:38,247.68,0.08,3,74304,买盘
1667,10:55:31,247.6,-0.08,1,24760,卖盘
1668,10:55:28,247.68,0.27,13,321984,买盘
1669,10:55:22,247.41,--,13,321633,卖盘
1670,10:55:17,247.41,-0.19,3,76697,卖盘
1671,10:55:13,247.6,--,11,272360,中性盘
1672,10:55:07,247.6,-0.02,2,49520,买盘
1673,10:55:02,247.62,0.22,10,247620,买盘
1674,10:54:58,247.4,-0.2,1,24740,卖盘
1675,10:54:52,247.6,--,14,346640,买盘
1676,10:54:43,247.6,0.21,2,49520,买盘
1677,10:54:38,247.39,-0.21,5,123695,卖盘
1678,10:54:32,247.6,0.2,6,148560,买盘
1679,10:54:28,247.4,--,1,24740,买盘
1680,10:54:23,247.4,--,28,692720,买盘
1681,10:54:16,247.4,0.01,3,74220,买盘
1682,10:54:13,247.39,--,2,49478,卖盘
1683,10:54:07,247.39,-0.01,11,272129,卖盘
1684,10:53:58,247.4,0.01,3,74220,买盘
1685,10:53:52,247.39,-0.03,1,24739,卖盘
1686,10:53:46,247.42,0.02,1,24742,买盘
1687,10:53:43,247.4,-0.2,2,49480,卖盘
1688,10:53:37,247.6,0.18,1,24760,买盘
1689,10:53:31,247.42,--,1,24742,卖盘
1690,10:53:22,247.42,--,4,98968,卖盘
1691,10:53:16,247.42,--,18,445356,卖盘
1692,10:53:07,247.42,--,5,123710,卖盘
1693,10:53:01,247.42,--,0,0,卖盘
1694,10:52:58,247.42,--,1,24742,卖盘
1695,10:52:52,247.42,-0.01,4,98968,卖盘
1696,10:52:46,247.43,-0.02,19,470117,卖盘
1697,10:52:43,247.45,0.03,1,24745,买盘
1698,10:52:37,247.42,-0.35,1,24742,卖盘
1699,10:52:28,247.77,--,0,0,买盘
1700,10:52:22,247.77,0.35,24,594648,买盘
1701,10:52:13,247.42,--,1,24742,卖盘
1702,10:52:07,247.42,-0.36,7,173194,卖盘
1703,10:51:58,247.78,0.36,6,148668,买盘
1704,10:51:52,247.42,-0.03,13,321646,卖盘
1705,10:51:46,247.45,-0.34,2,49490,中性盘
1706,10:51:37,247.79,0.37,3,74337,买盘
1707,10:51:27,247.42,-0.37,2,49484,卖盘
1708,10:51:22,247.79,-0.01,6,148674,卖盘
1709,10:51:16,247.8,--,3,74340,买盘
1710,10:51:13,247.8,0.01,4,99120,买盘
1711,10:51:07,247.79,--,44,1090276,买盘
1712,10:51:01,247.79,0.01,5,123895,买盘
1713,10:50:57,247.78,0.38,9,223002,买盘
1714,10:50:52,247.4,--,0,0,卖盘
1715,10:50:46,247.4,--,5,123700,卖盘
1716,10:50:42,247.4,-0.39,1,24740,卖盘
1717,10:50:37,247.79,-0.01,26,644254,中性盘
1718,10:50:31,247.8,--,2,49560,买盘
1719,10:50:28,247.8,0.41,3,74340,买盘
1720,10:50:22,247.39,0.04,7,173173,卖盘
1721,10:50:16,247.35,-0.42,4,98940,卖盘
1722,10:50:12,247.77,0.37,13,322101,买盘
1723,10:50:07,247.4,0.05,18,456205,买盘
1724,10:49:58,247.35,0.01,20,494700,买盘
1725,10:49:52,247.34,--,23,568882,卖盘
1726,10:49:46,247.34,--,1,24734,卖盘
1727,10:49:42,247.34,-0.01,3,74202,卖盘
1728,10:49:37,247.35,0.05,58,1434630,买盘
1729,10:49:27,247.3,0.01,2,49460,中性盘
1730,10:49:22,247.29,--,20,494580,卖盘
1731,10:49:16,247.29,--,5,123645,卖盘
1732,10:49:07,247.29,-0.03,9,222561,卖盘
1733,10:49:01,247.32,0.12,21,519372,买盘
1734,10:48:52,247.2,--,6,148320,卖盘
1735,10:48:46,247.2,0.04,4,98880,中性盘
1736,10:48:31,247.16,-0.16,11,271876,中性盘
1737,10:48:25,247.32,0.14,7,173124,买盘
1738,10:48:22,247.18,-0.11,4,98872,卖盘
1739,10:48:16,247.29,--,6,148374,卖盘
1740,10:48:10,247.29,--,1,24729,卖盘
1741,10:48:07,247.29,--,19,469851,卖盘
1742,10:48:01,247.29,-0.01,17,420393,卖盘
1743,10:47:55,247.3,--,2,49460,买盘
1744,10:47:52,247.3,0.22,15,370950,买盘
1745,10:47:46,247.08,-0.02,15,370620,卖盘
1746,10:47:40,247.1,--,6,148260,买盘
1747,10:47:37,247.1,-0.01,11,271810,买盘
1748,10:47:31,247.11,-0.01,1,24711,卖盘
1749,10:47:25,247.12,-0.18,1,24712,卖盘
1750,10:47:22,247.3,--,6,148380,买盘
1751,10:47:16,247.3,--,2,49460,买盘
1752,10:47:07,247.3,-0.03,23,589068,卖盘
1753,10:47:01,247.33,0.01,3,74199,中性盘
1754,10:46:55,247.32,-0.02,2,49464,卖盘
1755,10:46:52,247.34,--,2,49468,买盘
1756,10:46:46,247.34,--,7,173138,卖盘
1757,10:46:40,247.34,--,1,24734,卖盘
1758,10:46:37,247.34,-0.01,2,49468,卖盘
1759,10:46:31,247.35,--,1,24735,买盘
1760,10:46:25,247.35,--,7,173145,卖盘
1761,10:46:22,247.35,-0.04,3,74205,卖盘
1762,10:46:16,247.39,0.03,1,24739,买盘
1763,10:46:10,247.36,-0.03,2,49472,买盘
1764,10:46:01,247.39,-0.01,10,247390,卖盘
1765,10:45:55,247.4,--,11,272140,买盘
1766,10:45:52,247.4,--,41,1014340,卖盘
1767,10:45:46,247.4,-0.01,31,766940,卖盘
1768,10:45:40,247.41,0.01,3,74223,买盘
1769,10:45:37,247.4,--,39,964860,卖盘
1770,10:45:31,247.4,--,11,272140,卖盘
1771,10:45:25,247.4,-0.01,4,98960,卖盘
1772,10:45:22,247.41,0.01,9,222669,中性盘
1773,10:45:16,247.4,--,5,123700,卖盘
1774,10:45:10,247.4,-0.01,10,247400,卖盘
1775,10:45:07,247.41,0.01,4,98964,中性盘
1776,10:45:01,247.4,-0.01,4,98960,卖盘
1777,10:44:55,247.41,-0.01,1,24741,买盘
1778,10:44:52,247.42,--,4,98968,卖盘
1779,10:44:46,247.42,--,3,74226,卖盘
1780,10:44:40,247.42,--,1,24742,卖盘
1781,10:44:37,247.42,--,14,346388,卖盘
1782,10:44:31,247.42,0.01,7,173194,买盘
1783,10:44:25,247.41,-0.01,2,49482,买盘
1784,10:44:22,247.42,--,1,24742,买盘
1785,10:44:16,247.42,-0.04,7,173194,卖盘
1786,10:44:07,247.46,0.04,8,197968,中性盘
1787,10:44:01,247.42,-0.08,1,24742,卖盘
1788,10:43:55,247.5,0.1,1,24750,买盘
1789,10:43:52,247.4,--,0,0,卖盘
1790,10:43:46,247.4,-0.1,53,1311220,卖盘
1791,10:43:40,247.5,--,3,74250,卖盘
1792,10:43:36,247.5,--,10,247500,卖盘
1793,10:43:31,247.5,--,2,49500,买盘
1794,10:43:25,247.5,--,2,49500,买盘
1795,10:43:22,247.5,0.09,1,24750,买盘
1796,10:43:16,247.41,-0.1,1,24741,卖盘
1797,10:43:10,247.51,--,0,0,买盘
1798,10:43:07,247.51,-0.03,4,99004,卖盘
1799,10:43:01,247.54,0.03,22,544588,买盘
1800,10:42:55,247.51,-0.01,5,123755,卖盘
1801,10:42:51,247.52,--,4,99008,买盘
1802,10:42:46,247.52,0.01,14,346528,买盘
1803,10:42:40,247.51,-0.01,1,24751,卖盘
1804,10:42:36,247.52,--,10,247520,买盘
1805,10:42:31,247.52,--,27,668304,卖盘
1806,10:42:25,247.52,-0.02,1,24752,卖盘
1807,10:42:21,247.54,--,3,74262,买盘
1808,10:42:16,247.54,--,10,247540,买盘
1809,10:42:10,247.54,-0.42,19,470326,卖盘
1810,10:42:06,247.96,--,6,148776,买盘
1811,10:42:01,247.96,0.42,1,24796,买盘
1812,10:41:55,247.54,-0.44,2,49508,卖盘
1813,10:41:51,247.98,0.44,20,495960,买盘
1814,10:41:46,247.54,--,0,0,卖盘
1815,10:41:40,247.54,-0.46,2,49508,卖盘
1816,10:41:36,248.0,--,49,1215200,买盘
1817,10:41:25,248.0,--,0,0,买盘
1818,10:41:19,248.0,0.48,14,347200,买盘
1819,10:41:16,247.52,-0.46,5,123760,卖盘
1820,10:41:10,247.98,-0.02,9,223182,买盘
1821,10:41:04,248.0,0.1,2,49600,买盘
1822,10:41:01,247.9,0.05,5,123950,中性盘
1823,10:40:55,247.85,0.15,7,173495,买盘
1824,10:40:49,247.7,-0.29,1,24770,卖盘
1825,10:40:46,247.99,--,6,148794,买盘
1826,10:40:40,247.99,0.14,17,421583,买盘
1827,10:40:34,247.85,-0.1,1,24785,卖盘
1828,10:40:31,247.95,--,9,223155,买盘
1829,10:40:19,247.95,0.03,1,24795,买盘
1830,10:40:16,247.92,0.42,7,173544,买盘
1831,10:40:10,247.5,-0.2,22,544500,卖盘
1832,10:40:04,247.7,0.11,3,74310,买盘
1833,10:40:01,247.59,0.09,39,965601,买盘
1834,10:39:55,247.5,-0.02,27,668250,卖盘
1835,10:39:49,247.52,-0.07,4,99008,中性盘
1836,10:39:46,247.59,0.07,19,470421,买盘
1837,10:39:40,247.52,--,5,123760,买盘
1838,10:39:34,247.52,0.01,6,148512,买盘
1839,10:39:31,247.51,--,5,123755,卖盘
1840,10:39:25,247.51,0.01,4,99004,卖盘
1841,10:39:19,247.5,-0.02,12,297000,卖盘
1842,10:39:16,247.52,--,10,247520,卖盘
1843,10:39:10,247.52,-0.03,12,297024,卖盘
1844,10:39:01,247.55,--,0,0,中性盘
1845,10:38:55,247.55,--,4,99020,卖盘
1846,10:38:49,247.55,-0.23,2,49510,卖盘
1847,10:38:46,247.78,0.23,1,24778,中性盘
1848,10:38:40,247.55,-0.05,30,742650,卖盘
1849,10:38:34,247.6,-0.32,4,99040,卖盘
1850,10:38:31,247.92,-0.03,1,24792,卖盘
1851,10:38:25,247.95,0.03,14,347130,买盘
1852,10:38:16,247.92,-0.03,4,99168,卖盘
1853,10:38:10,247.95,-0.03,12,314896,卖盘
1854,10:38:04,247.98,0.03,2,49596,买盘
1855,10:38:01,247.95,--,54,1338930,卖盘
1856,10:37:55,247.95,-0.01,19,471105,卖盘
1857,10:37:46,247.96,0.01,1,24796,买盘
1858,10:37:40,247.95,--,4,99180,卖盘
1859,10:37:34,247.95,-0.01,21,520695,卖盘
1860,10:37:31,247.96,-0.01,2,49592,卖盘
1861,10:37:25,247.97,-0.03,2,49594,卖盘
1862,10:37:19,248.0,--,0,0,买盘
1863,10:37:16,248.0,0.03,2,49600,买盘
1864,10:37:10,247.97,-0.13,13,322361,卖盘
1865,10:37:01,248.1,-0.01,26,645060,买盘
1866,10:36:55,248.11,--,0,0,中性盘
1867,10:36:49,248.11,0.11,1,24811,卖盘
1868,10:36:46,248.0,-0.12,7,173600,卖盘
1869,10:36:40,248.12,--,2,49624,买盘
1870,10:36:34,248.12,0.02,2,49624,买盘
1871,10:36:31,248.1,0.08,15,372150,买盘
1872,10:36:25,248.02,-0.08,4,99208,卖盘
1873,10:36:16,248.1,--,0,0,卖盘
1874,10:36:10,248.1,-0.01,6,148860,卖盘
1875,10:36:04,248.11,--,4,99244,卖盘
1876,10:36:00,248.11,-0.49,2,49622,卖盘
1877,10:35:55,248.6,0.36,178,4425080,买盘
1878,10:35:45,248.24,0.14,3,74472,买盘
1879,10:35:40,248.1,--,10,248100,卖盘
1880,10:35:34,248.1,-0.1,1,24810,卖盘
1881,10:35:30,248.2,--,1,24820,卖盘
1882,10:35:25,248.2,-0.05,5,124100,卖盘
1883,10:35:19,248.25,0.05,3,74475,买盘
1884,10:35:15,248.2,0.19,32,794240,买盘
1885,10:35:10,248.01,--,8,198408,卖盘
1886,10:35:04,248.01,--,1,24801,卖盘
1887,10:35:00,248.01,--,1,24801,卖盘
1888,10:34:55,248.01,--,2,49602,卖盘
1889,10:34:49,248.01,--,7,173607,卖盘
1890,10:34:45,248.01,--,3,74403,卖盘
1891,10:34:40,248.01,-0.05,10,248010,卖盘
1892,10:34:34,248.06,0.04,8,198448,买盘
1893,10:34:30,248.02,0.01,6,148812,买盘
1894,10:34:25,248.01,--,16,396816,买盘
1895,10:34:19,248.01,0.01,11,272811,买盘
1896,10:34:10,248.0,-0.02,2,49600,中性盘
1897,10:34:04,248.02,0.02,6,148812,买盘
1898,10:34:00,248.0,-0.01,5,124000,卖盘
1899,10:33:55,248.01,--,6,148806,卖盘
1900,10:33:49,248.01,--,1,24801,卖盘
1901,10:33:45,248.01,--,3,74403,中性盘
1902,10:33:40,248.01,--,5,124005,卖盘
1903,10:33:34,248.01,-0.08,4,99204,中性盘
1904,10:33:28,248.09,--,3,74427,买盘
1905,10:33:25,248.09,0.1,8,198472,买盘
1906,10:33:19,247.99,-0.1,2,49598,卖盘
1907,10:33:13,248.09,--,3,74427,买盘
1908,10:33:10,248.09,0.01,17,421753,中性盘
1909,10:33:04,248.08,-0.02,27,669816,卖盘
1910,10:32:55,248.1,-0.08,1,24810,卖盘
1911,10:32:49,248.18,0.08,1,24818,买盘
1912,10:32:40,248.1,-0.15,3,74430,卖盘
1913,10:32:34,248.25,--,6,148950,卖盘
1914,10:32:28,248.25,--,1,24825,卖盘
1915,10:32:25,248.25,--,10,248250,卖盘
1916,10:32:19,248.25,--,1,24825,卖盘
1917,10:32:10,248.25,--,4,99300,卖盘
1918,10:32:04,248.25,-0.21,5,124125,卖盘
1919,10:31:58,248.46,-0.13,1,24846,买盘
1920,10:31:49,248.59,0.11,19,472321,买盘
1921,10:31:43,248.48,0.23,10,248480,买盘
1922,10:31:40,248.25,-0.23,10,248250,卖盘
1923,10:31:34,248.48,-0.12,47,1167856,中性盘
1924,10:31:28,248.6,0.12,5,124300,买盘
1925,10:31:25,248.48,-0.15,23,571504,卖盘
1926,10:31:19,248.63,--,6,149178,买盘
1927,10:31:13,248.63,--,2,49726,买盘
1928,10:31:10,248.63,0.03,27,671301,买盘
1929,10:31:04,248.6,--,3,74580,卖盘
1930,10:30:58,248.6,--,4,99440,中性盘
1931,10:30:55,248.6,-0.03,11,273460,中性盘
1932,10:30:49,248.63,0.13,8,198904,买盘
1933,10:30:43,248.5,0.02,2,49700,买盘
1934,10:30:40,248.48,0.08,75,1863600,买盘
1935,10:30:34,248.4,-0.1,23,571320,卖盘
1936,10:30:28,248.5,0.1,46,1143100,卖盘
1937,10:30:25,248.4,-0.22,14,347760,卖盘
1938,10:30:19,248.62,0.12,57,1417134,买盘
1939,10:30:13,248.5,--,17,422450,买盘
1940,10:30:10,248.5,0.04,13,323050,买盘
1941,10:30:04,248.46,0.06,15,372690,买盘
1942,10:29:58,248.4,0.01,7,173880,买盘
1943,10:29:55,248.39,0.21,21,521619,买盘
1944,10:29:49,248.18,--,34,843812,买盘
1945,10:29:43,248.18,0.03,4,99272,买盘
1946,10:29:40,248.15,0.07,18,446670,买盘
1947,10:29:34,248.08,0.09,39,967512,买盘
1948,10:29:28,247.99,-0.17,137,3397463,卖盘
1949,10:29:24,248.16,0.06,7,173712,买盘
1950,10:29:19,248.1,--,6,156303,买盘
1951,10:29:13,248.1,--,12,315087,卖盘
1952,10:29:09,248.1,0.05,13,329973,买盘
1953,10:29:04,248.05,-0.03,3,74415,卖盘
1954,10:28:58,248.08,0.02,1,24808,买盘
1955,10:28:54,248.06,0.01,6,148836,买盘
1956,10:28:49,248.05,--,11,272855,买盘
1957,10:28:43,248.05,0.02,1,24805,买盘
1958,10:28:39,248.03,0.04,20,496060,买盘
1959,10:28:34,247.99,--,11,272789,买盘
1960,10:28:28,247.99,--,1,24799,买盘
1961,10:28:24,247.99,--,109,2703091,卖盘
1962,10:28:19,247.99,--,5,123995,卖盘
1963,10:28:13,247.99,--,3,74397,卖盘
1964,10:28:09,247.99,-0.01,4,99196,卖盘
1965,10:27:58,248.0,0.01,7,173600,买盘
1966,10:27:54,247.99,-0.01,7,173593,卖盘
1967,10:27:49,248.0,0.05,4,99200,买盘
1968,10:27:43,247.95,-0.03,1,24795,卖盘
1969,10:27:39,247.98,-0.01,31,768738,卖盘
1970,10:27:34,247.99,0.01,12,309987,买盘
1971,10:27:28,247.98,0.03,1,24798,买盘
1972,10:27:24,247.95,-0.03,4,99180,卖盘
1973,10:27:13,247.98,0.03,2,49596,买盘
1974,10:27:09,247.95,-0.03,27,669465,卖盘
1975,10:27:04,247.98,0.03,7,193424,买盘
1976,10:26:58,247.95,-0.03,1,24795,卖盘
1977,10:26:54,247.98,0.03,2,49596,买盘
1978,10:26:49,247.95,--,1,24795,卖盘
1979,10:26:43,247.95,-0.04,1,24795,卖盘
1980,10:26:39,247.99,-0.01,2,49598,买盘
1981,10:26:34,248.0,0.01,5,124000,买盘
1982,10:26:28,247.99,0.05,21,520779,买盘
1983,10:26:24,247.94,-0.05,6,148764,买盘
1984,10:26:19,247.99,0.21,25,619975,买盘
1985,10:26:09,247.78,-0.17,6,148668,卖盘
1986,10:26:04,247.95,0.17,9,223155,买盘
1987,10:25:54,247.78,-0.22,4,99112,卖盘
1988,10:25:49,248.0,--,0,0,买盘
1989,10:25:43,248.0,0.39,18,446400,买盘
1990,10:25:37,247.61,-0.39,5,123805,卖盘
1991,10:25:34,248.0,0.4,12,297600,买盘
1992,10:25:28,247.6,0.05,1,24760,卖盘
1993,10:25:22,247.55,--,0,0,卖盘
1994,10:25:19,247.55,-0.44,1,24755,卖盘
1995,10:25:13,247.99,0.39,2,49598,买盘
1996,10:25:07,247.6,-0.4,1,24760,买盘
1997,10:25:04,248.0,--,0,0,买盘
1998,10:24:58,248.0,0.4,146,3620800,买盘
1999,10:24:52,247.6,--,1,24760,卖盘
2000,10:24:48,247.6,-0.28,5,123800,卖盘
2001,10:24:43,247.88,-0.12,3,74364,买盘
2002,10:24:37,248.0,0.12,20,496000,买盘
2003,10:24:33,247.88,-0.05,3,74364,卖盘
2004,10:24:28,247.93,--,19,471067,卖盘
2005,10:24:22,247.93,-0.06,6,148758,卖盘
2006,10:24:18,247.99,-0.01,1,24799,中性盘
2007,10:24:13,248.0,0.07,36,892800,买盘
2008,10:24:07,247.93,-0.07,1,24793,卖盘
2009,10:24:03,248.0,0.07,5,124000,买盘
2010,10:23:58,247.93,--,3,74379,卖盘
2011,10:23:52,247.93,--,0,0,中性盘
2012,10:23:48,247.93,--,45,1115685,卖盘
2013,10:23:43,247.93,--,5,123965,卖盘
2014,10:23:37,247.93,-0.04,5,123965,卖盘
2015,10:23:33,247.97,0.04,167,4141099,买盘
2016,10:23:28,247.93,-0.02,41,1016513,卖盘
2017,10:23:22,247.95,-0.02,5,123975,买盘
2018,10:23:18,247.97,0.04,59,1463023,买盘
2019,10:23:13,247.93,--,17,421481,卖盘
2020,10:23:07,247.93,-0.02,33,830565,卖盘
2021,10:23:03,247.95,0.02,105,2603475,买盘
2022,10:22:58,247.93,--,10,247930,买盘
2023,10:22:52,247.93,-0.04,12,297516,中性盘
2024,10:22:48,247.97,-0.01,37,917489,中性盘
2025,10:22:43,247.98,0.03,9,223182,买盘
2026,10:22:37,247.95,-0.01,4,99180,中性盘
2027,10:22:33,247.96,0.03,21,520716,买盘
2028,10:22:28,247.93,--,11,272723,买盘
2029,10:22:22,247.93,0.42,26,652303,买盘
2030,10:22:18,247.51,-0.37,19,487347,卖盘
2031,10:22:13,247.88,--,9,230776,买盘
2032,10:22:07,247.88,0.04,100,2478800,买盘
2033,10:22:03,247.84,-0.01,10,247840,中性盘
2034,10:21:58,247.85,0.01,12,297420,买盘
2035,10:21:52,247.84,0.14,18,446112,买盘
2036,10:21:48,247.7,0.01,7,173390,买盘
2037,10:21:43,247.69,0.19,3,74307,中性盘
2038,10:21:37,247.5,-0.2,1,24750,卖盘
2039,10:21:33,247.7,0.01,16,396320,买盘
2040,10:21:28,247.69,0.19,24,594456,买盘
2041,10:21:22,247.5,--,24,594000,买盘
2042,10:21:18,247.5,-0.19,43,1064250,卖盘
2043,10:21:13,247.69,0.17,62,1535678,买盘
2044,10:21:07,247.52,--,9,222768,中性盘
2045,10:21:03,247.52,--,13,321776,卖盘
2046,10:20:58,247.52,0.02,3,74256,买盘
2047,10:20:52,247.5,0.02,2,49500,卖盘
2048,10:20:48,247.48,-0.02,37,915676,买盘
2049,10:20:43,247.5,--,9,222750,卖盘
2050,10:20:33,247.5,0.14,6,148500,中性盘
2051,10:20:28,247.36,--,11,272096,卖盘
2052,10:20:18,247.36,-0.16,2,49472,卖盘
2053,10:20:13,247.52,0.17,6,148512,买盘
2054,10:20:07,247.35,0.01,1,24735,卖盘
2055,10:20:03,247.34,-0.23,6,148404,卖盘
2056,10:19:58,247.57,0.22,9,222813,买盘
2057,10:19:52,247.35,0.01,4,98940,买盘
2058,10:19:48,247.34,-0.24,24,605983,卖盘
2059,10:19:43,247.58,0.24,1,24758,买盘
2060,10:19:28,247.34,--,3,74202,卖盘
2061,10:19:22,247.34,-0.32,2,49468,卖盘
2062,10:19:13,247.66,--,0,0,买盘
2063,10:19:07,247.66,--,5,123830,卖盘
2064,10:19:03,247.66,0.32,6,148596,卖盘
2065,10:18:58,247.34,-0.35,1,24734,卖盘
2066,10:18:52,247.69,0.03,6,148614,买盘
2067,10:18:48,247.66,0.32,19,487394,买盘
2068,10:18:43,247.34,-0.32,8,197872,中性盘
2069,10:18:37,247.66,--,2,49532,买盘
2070,10:18:33,247.66,--,4,99064,买盘
2071,10:18:28,247.66,--,7,173362,买盘
2072,10:18:22,247.66,--,3,74298,卖盘
2073,10:18:18,247.66,--,3,90643,卖盘
2074,10:18:13,247.66,--,11,272673,卖盘
2075,10:18:07,247.66,-0.04,2,49532,卖盘
2076,10:18:03,247.7,0.04,46,1139420,买盘
2077,10:17:58,247.66,-0.04,2,49532,卖盘
2078,10:17:43,247.7,--,0,0,买盘
2079,10:17:37,247.7,--,6,148620,买盘
2080,10:17:31,247.7,--,8,198160,买盘
2081,10:17:28,247.7,--,1,24770,买盘
2082,10:17:22,247.7,-0.03,14,346780,卖盘
2083,10:17:16,247.73,-0.12,2,49546,中性盘
2084,10:17:07,247.85,-0.11,10,260242,卖盘
2085,10:17:01,247.96,0.02,26,644696,买盘
2086,10:16:58,247.94,0.01,6,148764,买盘
2087,10:16:52,247.93,-0.01,8,198344,卖盘
2088,10:16:46,247.94,--,26,644644,买盘
2089,10:16:42,247.94,0.28,93,2318239,买盘
2090,10:16:37,247.66,-0.21,7,173362,卖盘
2091,10:16:31,247.87,0.2,26,644462,买盘
2092,10:16:27,247.67,0.36,61,1510787,买盘
2093,10:16:22,247.31,--,0,0,卖盘
2094,10:16:16,247.31,-0.55,2,49462,卖盘
2095,10:16:12,247.86,0.06,14,347004,买盘
2096,10:16:07,247.8,0.5,16,396480,买盘
2097,10:16:01,247.3,-0.01,22,544060,卖盘
2098,10:15:57,247.31,-0.42,3,74193,卖盘
2099,10:15:52,247.73,0.43,2,49546,买盘
2100,10:15:46,247.3,--,13,333855,卖盘
2101,10:15:42,247.3,--,10,247300,卖盘
2102,10:15:37,247.3,0.2,26,642980,买盘
2103,10:15:31,247.1,-0.5,2,49420,卖盘
2104,10:15:27,247.6,0.31,126,3119760,买盘
2105,10:15:22,247.29,--,9,222561,买盘
2106,10:15:16,247.29,0.19,6,148374,买盘
2107,10:15:12,247.1,-0.2,2,49420,卖盘
2108,10:15:07,247.3,--,14,346220,卖盘
2109,10:15:01,247.3,-0.18,4,111285,卖盘
2110,10:14:57,247.48,-0.01,9,222732,中性盘
2111,10:14:52,247.49,0.19,6,148494,买盘
2112,10:14:46,247.3,-0.19,7,173110,卖盘
2113,10:14:42,247.49,--,6,148494,买盘
2114,10:14:37,247.49,--,8,197992,卖盘
2115,10:14:31,247.49,--,21,519729,卖盘
2116,10:14:27,247.49,-0.01,15,371235,卖盘
2117,10:14:22,247.5,--,4,99000,买盘
2118,10:14:16,247.5,--,5,123750,买盘
2119,10:14:12,247.5,-0.36,60,1485000,卖盘
2120,10:14:07,247.86,0.28,85,2106810,买盘
2121,10:14:01,247.58,0.08,11,272338,买盘
2122,10:13:57,247.5,--,3,74250,卖盘
2123,10:13:52,247.5,--,6,148500,卖盘
2124,10:13:46,247.5,-0.1,1,24750,卖盘
2125,10:13:42,247.6,-0.06,6,148560,中性盘
2126,10:13:37,247.66,0.16,30,742980,中性盘
2127,10:13:31,247.5,-0.15,10,247500,卖盘
2128,10:13:27,247.65,--,2,49530,买盘
2129,10:13:22,247.65,-0.21,8,198120,卖盘
2130,10:13:16,247.86,-0.01,5,123930,中性盘
2131,10:13:12,247.87,0.12,28,694036,买盘
2132,10:13:07,247.75,0.05,12,297300,买盘
2133,10:13:01,247.7,-0.17,2,49540,卖盘
2134,10:12:57,247.87,0.07,22,545314,中性盘
2135,10:12:52,247.8,0.05,130,3221400,买盘
2136,10:12:46,247.75,--,1,24775,买盘
2137,10:12:42,247.75,0.08,20,495500,中性盘
2138,10:12:37,247.67,-0.19,18,445806,卖盘
2139,10:12:31,247.86,0.11,46,1140156,买盘
2140,10:12:27,247.75,-0.05,135,3344625,卖盘
2141,10:12:22,247.8,-0.06,16,396480,卖盘
2142,10:12:16,247.86,0.06,3,74358,买盘
2143,10:12:12,247.8,-0.07,6,148680,卖盘
2144,10:12:07,247.87,0.03,9,223083,买盘
2145,10:12:01,247.84,0.34,13,322192,买盘
2146,10:11:57,247.5,--,13,321750,卖盘
2147,10:11:52,247.5,--,3,74250,卖盘
2148,10:11:46,247.5,--,0,0,卖盘
2149,10:11:42,247.5,-0.3,17,420750,卖盘
2150,10:11:37,247.8,0.31,49,1214220,买盘
2151,10:11:31,247.49,-0.18,3,74247,卖盘
2152,10:11:27,247.67,0.37,40,990680,买盘
2153,10:11:22,247.3,-0.65,11,272030,卖盘
2154,10:11:16,247.95,0.45,55,1363725,买盘
2155,10:11:12,247.5,--,4,99000,买盘
2156,10:11:07,247.5,--,5,123750,卖盘
2157,10:11:01,247.5,-0.1,6,148500,卖盘
2158,10:10:57,247.6,0.1,30,742800,买盘
2159,10:10:52,247.5,0.45,7,173250,买盘
2160,10:10:46,247.05,0.05,5,123525,买盘
2161,10:10:42,247.0,-0.01,75,1852500,卖盘
2162,10:10:37,247.01,0.01,128,3161728,买盘
2163,10:10:31,247.0,0.1,94,2321800,买盘
2164,10:10:27,246.9,-0.01,35,864150,卖盘
2165,10:10:21,246.91,0.11,1,24691,中性盘
2166,10:10:16,246.8,0.01,8,197440,买盘
2167,10:10:12,246.79,--,59,1456061,卖盘
2168,10:10:07,246.79,-0.01,2,49358,卖盘
2169,10:10:01,246.8,--,3,74040,买盘
2170,10:09:57,246.8,0.02,17,419560,买盘
2171,10:09:52,246.78,0.04,15,370170,买盘
2172,10:09:46,246.74,0.02,5,123370,中性盘
2173,10:09:40,246.72,--,20,493440,卖盘
2174,10:09:37,246.72,0.03,76,1875072,买盘
2175,10:09:31,246.69,0.05,17,419373,买盘
2176,10:09:25,246.64,--,6,147984,买盘
2177,10:09:21,246.64,-0.05,3,73992,买盘
2178,10:09:16,246.69,0.05,17,419373,买盘
2179,10:09:10,246.64,--,2,49328,买盘
2180,10:09:06,246.64,0.02,3,73992,买盘
2181,10:09:01,246.62,0.02,6,147972,买盘
2182,10:08:55,246.6,--,1,24660,卖盘
2183,10:08:52,246.6,-0.02,8,197280,卖盘
2184,10:08:46,246.62,0.02,25,628881,买盘
2185,10:08:40,246.6,--,4,98640,买盘
2186,10:08:36,246.6,-0.04,29,727470,卖盘
2187,10:08:31,246.64,0.03,1,24664,中性盘
2188,10:08:25,246.61,0.01,4,98644,买盘
2189,10:08:21,246.6,--,2,49320,卖盘
2190,10:08:16,246.6,-0.04,3,73980,卖盘
2191,10:08:10,246.64,0.02,3,86324,买盘
2192,10:08:06,246.62,0.07,5,123310,中性盘
2193,10:08:01,246.55,-0.04,26,641030,卖盘
2194,10:07:55,246.59,--,0,0,卖盘
2195,10:07:51,246.59,0.03,6,147954,买盘
2196,10:07:46,246.56,-0.04,3,73968,中性盘
2197,10:07:40,246.6,0.05,10,246600,买盘
2198,10:07:36,246.55,--,3,73965,卖盘
2199,10:07:31,246.55,--,4,98620,卖盘
2200,10:07:25,246.55,--,2,49310,卖盘
2201,10:07:21,246.55,0.06,43,1060411,买盘
2202,10:07:16,246.49,-0.01,12,295788,卖盘
2203,10:07:06,246.5,--,4,98600,买盘
2204,10:07:01,246.5,--,5,147653,卖盘
2205,10:06:51,246.5,--,12,295800,卖盘
2206,10:06:46,246.5,--,61,1503896,买盘
2207,10:06:40,246.5,0.02,6,147900,买盘
2208,10:06:36,246.48,0.01,30,739440,中性盘
2209,10:06:31,246.47,--,21,517587,中性盘
2210,10:06:25,246.47,--,7,172529,卖盘
2211,10:06:21,246.47,0.07,7,172529,买盘
2212,10:06:16,246.4,--,21,517440,卖盘
2213,10:06:10,246.4,--,1,24640,卖盘
2214,10:06:06,246.4,--,26,640640,卖盘
2215,10:06:01,246.4,-0.02,7,172480,卖盘
2216,10:05:55,246.42,0.02,2,49284,买盘
2217,10:05:51,246.4,0.02,16,396704,买盘
2218,10:05:40,246.38,0.01,4,98552,买盘
2219,10:05:36,246.37,0.01,11,271007,买盘
2220,10:05:31,246.36,--,11,270996,买盘
2221,10:05:25,246.36,0.05,1,24636,买盘
2222,10:05:21,246.31,0.12,14,344834,中性盘
2223,10:05:16,246.19,--,4,98476,卖盘
2224,10:05:10,246.19,--,4,98476,卖盘
2225,10:05:06,246.19,-0.19,2,49238,卖盘
2226,10:05:01,246.38,0.19,82,2020316,买盘
2227,10:04:55,246.19,--,0,0,卖盘
2228,10:04:51,246.19,-0.18,2,49238,卖盘
2229,10:04:46,246.37,0.17,13,320281,买盘
2230,10:04:40,246.2,--,3,73860,买盘
2231,10:04:36,246.2,--,3,73860,卖盘
2232,10:04:31,246.2,-0.18,1,24620,卖盘
2233,10:04:21,246.38,-0.04,24,591312,卖盘
2234,10:04:16,246.42,0.04,3,73926,买盘
2235,10:04:10,246.38,--,7,172466,卖盘
2236,10:04:06,246.38,-0.04,4,98552,卖盘
2237,10:04:01,246.42,--,0,0,买盘
2238,10:03:55,246.42,0.26,1,24642,买盘
2239,10:03:51,246.16,-0.29,13,320008,卖盘
2240,10:03:46,246.45,--,37,936263,卖盘
2241,10:03:40,246.45,-0.01,2,49290,卖盘
2242,10:03:36,246.46,0.01,28,690088,买盘
2243,10:03:31,246.45,0.05,62,1528236,买盘
2244,10:03:25,246.4,0.28,7,172480,买盘
2245,10:03:21,246.12,0.02,1,24612,中性盘
2246,10:03:06,246.1,-0.01,2,49220,卖盘
2247,10:03:01,246.11,-0.37,1,24611,卖盘
2248,10:02:55,246.48,--,0,0,买盘
2249,10:02:51,246.48,0.06,17,419016,买盘
2250,10:02:40,246.42,0.32,2,49284,买盘
2251,10:02:36,246.1,-0.31,38,935180,卖盘
2252,10:02:30,246.41,--,16,394256,卖盘
2253,10:02:25,246.41,-0.01,1,24641,卖盘
2254,10:02:16,246.42,0.03,39,965227,买盘
2255,10:02:10,246.39,-0.01,6,147834,中性盘
2256,10:02:04,246.4,0.14,7,172480,买盘
2257,10:02:00,246.26,-0.13,6,147756,中性盘
2258,10:01:55,246.39,0.19,2,49278,买盘
2259,10:01:49,246.2,-0.07,1,24620,卖盘
2260,10:01:45,246.27,-0.01,4,98508,买盘
2261,10:01:40,246.28,-0.11,6,147768,中性盘
2262,10:01:34,246.39,--,0,0,买盘
2263,10:01:30,246.39,0.13,52,1281228,买盘
2264,10:01:25,246.26,-0.02,5,123130,中性盘
2265,10:01:15,246.28,0.08,21,517188,买盘
2266,10:01:10,246.2,0.02,32,787840,买盘
2267,10:01:04,246.18,0.08,3,73854,中性盘
2268,10:01:00,246.1,-0.09,5,123050,卖盘
2269,10:00:55,246.19,0.01,21,516999,买盘
2270,10:00:49,246.18,0.01,21,516978,买盘
2271,10:00:45,246.17,0.19,269,6639204,买盘
2272,10:00:40,245.98,-0.12,18,442764,卖盘
2273,10:00:34,246.1,0.01,102,2510220,买盘
2274,10:00:30,246.09,--,15,369135,买盘
2275,10:00:25,246.09,0.11,26,639834,中性盘
2276,10:00:19,245.98,-0.12,22,541156,卖盘
2277,10:00:15,246.1,--,36,885960,买盘
2278,10:00:10,246.1,--,28,689080,买盘
2279,10:00:04,246.1,--,0,0,买盘
2280,10:00:00,246.1,0.12,2,49220,买盘
2281,09:59:55,245.98,-0.12,5,122990,卖盘
2282,09:59:49,246.1,-0.02,126,3108243,卖盘
2283,09:59:45,246.12,-0.05,6,147672,卖盘
2284,09:59:40,246.17,0.07,2,49234,买盘
2285,09:59:34,246.1,-0.02,54,1328940,卖盘
2286,09:59:30,246.12,-0.07,25,615300,卖盘
2287,09:59:25,246.19,0.02,33,812427,买盘
2288,09:59:15,246.17,-0.02,10,246170,卖盘
2289,09:59:10,246.19,--,15,369285,买盘
2290,09:59:00,246.19,--,7,172333,买盘
2291,09:58:55,246.19,-0.08,9,221571,卖盘
2292,09:58:49,246.27,0.08,9,221643,买盘
2293,09:58:45,246.19,--,1,24619,卖盘
2294,09:58:40,246.19,--,3,73857,卖盘
2295,09:58:34,246.19,-0.08,1,24619,中性盘
2296,09:58:30,246.27,0.12,6,147762,买盘
2297,09:58:25,246.15,-0.04,5,123075,中性盘
2298,09:58:19,246.19,0.07,17,418523,买盘
2299,09:58:15,246.12,--,24,590688,买盘
2300,09:58:09,246.12,0.02,4,98448,买盘
2301,09:58:04,246.1,--,1,24610,卖盘
2302,09:58:00,246.1,--,21,516810,卖盘
2303,09:57:54,246.1,0.13,25,632477,买盘
2304,09:57:49,245.97,0.01,2,49194,中性盘
2305,09:57:45,245.96,--,12,295152,卖盘
2306,09:57:39,245.96,-0.02,8,196768,卖盘
2307,09:57:34,245.98,0.02,2,49196,买盘
2308,09:57:30,245.96,-0.02,7,172172,卖盘
2309,09:57:24,245.98,0.03,1,24598,卖盘
2310,09:57:19,245.95,--,0,0,卖盘
2311,09:57:15,245.95,--,25,632337,买盘
2312,09:57:09,245.95,-0.03,31,762445,买盘
2313,09:56:54,245.98,-0.31,295,7263543,卖盘
2314,09:56:49,246.29,0.17,43,1059047,买盘
2315,09:56:45,246.12,--,16,393792,卖盘
2316,09:56:39,246.12,-0.07,12,295344,卖盘
2317,09:56:34,246.19,0.07,1,24619,买盘
2318,09:56:30,246.12,0.02,57,1402884,买盘
2319,09:56:24,246.1,--,26,639860,买盘
2320,09:56:14,246.1,-0.02,9,221490,买盘
2321,09:56:09,246.12,0.02,51,1255212,买盘
2322,09:56:04,246.1,--,0,0,中性盘
2323,09:55:59,246.1,--,4,98440,买盘
2324,09:55:54,246.1,--,1,24610,卖盘
2325,09:55:49,246.1,--,1,24610,卖盘
2326,09:55:45,246.1,0.04,48,1181280,买盘
2327,09:55:39,246.06,-0.04,14,344484,卖盘
2328,09:55:34,246.1,0.07,3,73830,买盘
2329,09:55:29,246.03,-0.07,7,172221,卖盘
2330,09:55:24,246.1,--,4,98440,买盘
2331,09:55:19,246.1,-0.02,46,1132060,卖盘
2332,09:55:14,246.12,0.02,13,319956,买盘
2333,09:55:09,246.1,0.07,106,2608660,买盘
2334,09:55:04,246.03,-0.07,20,492060,卖盘
2335,09:54:59,246.1,0.08,106,2608660,买盘
2336,09:54:54,246.02,-0.09,13,319826,卖盘
2337,09:54:49,246.11,--,3,73833,买盘
2338,09:54:44,246.11,0.11,106,2608766,买盘
2339,09:54:39,246.0,-0.01,58,1426800,卖盘
2340,09:54:34,246.01,0.01,99,2452965,买盘
2341,09:54:28,246.0,--,17,418200,买盘
2342,09:54:24,246.0,0.01,84,2066400,买盘
2343,09:54:19,245.99,-0.01,65,1598935,卖盘
2344,09:54:13,246.0,--,24,590400,买盘
2345,09:54:09,246.0,--,29,713400,买盘
2346,09:54:04,246.0,--,57,1402200,买盘
2347,09:53:58,246.0,0.01,10,246000,买盘
2348,09:53:54,245.99,--,18,442782,买盘
2349,09:53:49,245.99,--,12,295188,买盘
2350,09:53:43,245.99,0.01,9,221391,买盘
2351,09:53:39,245.98,-0.01,7,172186,中性盘
2352,09:53:34,245.99,--,5,122995,买盘
2353,09:53:28,245.99,0.22,8,196792,买盘
2354,09:53:24,245.77,-0.21,7,172039,卖盘
2355,09:53:19,245.98,0.23,6,147588,买盘
2356,09:53:09,245.75,-0.23,45,1105875,卖盘
2357,09:53:04,245.98,0.23,101,2484398,买盘
2358,09:52:58,245.75,--,2,49150,卖盘
2359,09:52:54,245.75,--,273,6717330,卖盘
2360,09:52:49,245.75,--,1,24575,卖盘
2361,09:52:43,245.75,-0.05,1,24575,卖盘
2362,09:52:39,245.8,0.05,66,1625967,买盘
2363,09:52:34,245.75,0.2,9,230513,中性盘
2364,09:52:28,245.55,--,0,15224,买盘
2365,09:52:24,245.55,-0.23,0,15224,卖盘
2366,09:52:19,245.78,-0.02,1,24578,中性盘
2367,09:52:13,245.8,0.02,2,49160,买盘
2368,09:52:09,245.78,-0.02,11,270358,卖盘
2369,09:52:04,245.8,--,3,73740,买盘
2370,09:51:54,245.8,-0.04,161,3980239,卖盘
2371,09:51:49,245.84,0.02,9,221256,买盘
2372,09:51:43,245.82,0.02,2,49164,买盘
2373,09:51:39,245.8,0.02,33,812860,买盘
2374,09:51:34,245.78,--,0,0,买盘
2375,09:51:28,245.78,0.23,3,73734,买盘
2376,09:51:24,245.55,-0.23,0,9330,中性盘
2377,09:51:18,245.78,--,6,147468,买盘
2378,09:51:13,245.78,0.47,16,393248,买盘
2379,09:51:09,245.31,-0.22,15,367965,卖盘
2380,09:51:03,245.53,-0.02,12,300037,卖盘
2381,09:50:58,245.55,0.02,93,2302767,买盘
2382,09:50:54,245.53,-0.02,18,463560,卖盘
2383,09:50:48,245.55,0.02,2,49110,买盘
2384,09:50:43,245.53,0.23,6,150264,买盘
2385,09:50:39,245.3,-0.23,3,73590,中性盘
2386,09:50:33,245.53,0.23,34,834802,买盘
2387,09:50:28,245.3,0.02,1,24530,卖盘
2388,09:50:24,245.28,-0.02,11,281090,卖盘
2389,09:50:18,245.3,-0.23,1,24530,中性盘
2390,09:50:13,245.53,--,154,3781162,卖盘
2391,09:50:09,245.53,0.25,4,108278,卖盘
2392,09:50:03,245.28,--,12,294336,卖盘
2393,09:49:58,245.28,--,30,735840,卖盘
2394,09:49:54,245.28,-0.02,44,1097628,中性盘
2395,09:49:48,245.3,0.03,2,49060,买盘
2396,09:49:43,245.27,--,0,5886,买盘
2397,09:49:39,245.27,--,39,977155,卖盘
2398,09:49:33,245.27,--,47,1156693,买盘
2399,09:49:24,245.27,--,55,1350947,卖盘
2400,09:49:18,245.27,--,61,1518711,买盘
2401,09:49:13,245.27,0.02,2,49054,买盘
2402,09:49:09,245.25,-0.02,40,981000,卖盘
2403,09:49:03,245.27,-0.04,34,835880,卖盘
2404,09:48:58,245.31,0.01,1,24531,卖盘
2405,09:48:54,245.3,0.03,8,218807,买盘
2406,09:48:48,245.27,0.02,13,318851,卖盘
2407,09:48:38,245.25,0.05,55,1354515,买盘
2408,09:48:33,245.2,--,5,122600,买盘
2409,09:48:28,245.2,-0.05,58,1422160,卖盘
2410,09:48:23,245.25,-0.02,62,1520550,卖盘
2411,09:48:18,245.27,0.02,11,269797,买盘
2412,09:48:08,245.25,0.01,5,125568,卖盘
2413,09:48:03,245.24,0.04,24,588576,中性盘
2414,09:47:53,245.2,-0.05,5,140744,卖盘
2415,09:47:48,245.25,0.01,22,550831,买盘
2416,09:47:43,245.24,--,2,63271,卖盘
2417,09:47:38,245.24,--,41,1015784,卖盘
2418,09:47:33,245.24,--,38,931912,买盘
2419,09:47:28,245.24,-0.01,21,515004,卖盘
2420,09:47:23,245.25,-0.4,9,220725,卖盘
2421,09:47:18,245.65,0.5,3,73695,买盘
2422,09:47:08,245.15,--,14,343210,卖盘
2423,09:47:03,245.15,-0.82,35,858025,卖盘
2424,09:46:58,245.97,0.82,105,2582685,买盘
2425,09:46:53,245.15,-0.64,6,156896,卖盘
2426,09:46:48,245.79,0.66,4,98316,买盘
2427,09:46:43,245.13,-0.73,17,436576,卖盘
2428,09:46:37,245.86,0.06,48,1180128,买盘
2429,09:46:33,245.8,--,4,98320,买盘
2430,09:46:28,245.8,-0.1,6,147480,卖盘
2431,09:46:22,245.9,0.1,12,295080,买盘
2432,09:46:18,245.8,-0.1,12,294960,卖盘
2433,09:46:13,245.9,-0.03,23,565570,卖盘
2434,09:46:07,245.93,--,8,196744,卖盘
2435,09:46:03,245.93,--,6,147558,中性盘
2436,09:45:58,245.93,-0.01,10,245930,买盘
2437,09:45:52,245.94,--,0,0,中性盘
2438,09:45:48,245.94,-0.02,3,73782,中性盘
2439,09:45:43,245.96,0.03,7,172172,买盘
2440,09:45:37,245.93,-0.06,73,1795289,卖盘
2441,09:45:33,245.99,0.04,45,1106955,买盘
2442,09:45:28,245.95,0.02,18,442710,中性盘
2443,09:45:22,245.93,-0.04,6,147558,卖盘
2444,09:45:18,245.97,0.47,51,1254447,买盘
2445,09:45:13,245.5,-0.43,23,564650,卖盘
2446,09:45:07,245.93,0.01,9,221337,买盘
2447,09:45:03,245.92,0.42,17,418064,买盘
2448,09:44:58,245.5,--,6,162030,买盘
2449,09:44:52,245.5,0.5,6,157120,买盘
2450,09:44:48,245.0,--,102,2499000,买盘
2451,09:44:43,245.0,0.01,5,122500,买盘
2452,09:44:37,244.99,-0.01,15,367485,卖盘
2453,09:44:33,245.0,-0.01,19,465500,卖盘
2454,09:44:28,245.01,0.01,3,73503,中性盘
2455,09:44:22,245.0,-0.29,10,245000,卖盘
2456,09:44:18,245.29,0.3,10,245290,买盘
2457,09:44:12,244.99,-0.01,23,563477,卖盘
2458,09:44:07,245.0,--,1,24500,卖盘
2459,09:44:03,245.0,--,13,318500,买盘
2460,09:43:57,245.0,--,13,318500,买盘
2461,09:43:48,245.0,--,6,147000,买盘
2462,09:43:42,245.0,--,11,269500,买盘
2463,09:43:37,245.0,--,1,24500,买盘
2464,09:43:33,245.0,-0.3,6,147000,卖盘
2465,09:43:27,245.3,0.3,3,73590,买盘
2466,09:43:22,245.0,-0.2,5,122500,卖盘
2467,09:43:18,245.2,0.02,61,1495720,卖盘
2468,09:43:12,245.18,0.15,2,49036,卖盘
2469,09:43:07,245.03,-0.27,35,857605,卖盘
2470,09:43:03,245.3,0.12,8,196240,买盘
2471,09:42:57,245.18,-0.12,6,147108,卖盘
2472,09:42:52,245.3,-0.02,1,24530,中性盘
2473,09:42:48,245.32,0.02,7,171724,买盘
2474,09:42:42,245.3,-0.02,1,24530,卖盘
2475,09:42:37,245.32,-0.08,2,49064,买盘
2476,09:42:33,245.4,-0.07,5,122700,卖盘
2477,09:42:27,245.47,-0.03,18,441846,卖盘
2478,09:42:17,245.5,--,4,98200,卖盘
2479,09:42:12,245.5,-0.49,1,24550,卖盘
2480,09:42:07,245.99,-0.01,13,319787,买盘
2481,09:42:02,246.0,0.01,43,1057800,买盘
2482,09:41:57,245.99,-0.01,52,1279148,卖盘
2483,09:41:52,246.0,-0.01,33,824100,卖盘
2484,09:41:48,246.01,--,3,73803,卖盘
2485,09:41:42,246.01,-0.01,3,86103,卖盘
2486,09:41:37,246.02,0.01,34,836468,买盘
2487,09:41:32,246.01,-0.01,8,196808,卖盘
2488,09:41:27,246.02,-0.1,4,98408,买盘
2489,09:41:22,246.12,0.11,1,24612,买盘
2490,09:41:17,246.01,-0.11,13,319813,卖盘
2491,09:41:12,246.12,--,7,172284,买盘
2492,09:41:07,246.12,--,9,221508,买盘
2493,09:41:02,246.12,--,17,418404,卖盘
2494,09:40:57,246.12,--,2,49224,卖盘
2495,09:40:52,246.12,-0.1,4,98448,卖盘
2496,09:40:47,246.22,0.1,7,172354,买盘
2497,09:40:42,246.12,0.09,21,516852,买盘
2498,09:40:37,246.03,--,69,1697607,买盘
2499,09:40:32,246.03,-0.19,11,270633,卖盘
2500,09:40:27,246.22,0.02,12,295464,买盘
2501,09:40:22,246.2,-0.01,1,24620,买盘
2502,09:40:17,246.21,0.01,2,49242,买盘
2503,09:40:12,246.2,0.08,34,837080,买盘
2504,09:40:07,246.12,-0.1,21,516852,卖盘
2505,09:40:02,246.22,0.1,16,393952,买盘
2506,09:39:57,246.12,-0.1,2,49224,卖盘
2507,09:39:52,246.22,-0.01,2,49244,卖盘
2508,09:39:47,246.23,0.23,7,172361,买盘
2509,09:39:42,246.0,-0.23,22,541200,卖盘
2510,09:39:32,246.23,--,0,0,买盘
2511,09:39:27,246.23,0.23,4,98492,买盘
2512,09:39:22,246.0,-0.2,1,24600,卖盘
2513,09:39:17,246.2,0.2,7,172340,买盘
2514,09:39:12,246.0,-0.02,29,713400,卖盘
2515,09:39:02,246.02,0.02,9,221418,买盘
2516,09:38:57,246.0,--,2,49200,中性盘
2517,09:38:52,246.0,--,35,861000,买盘
2518,09:38:46,246.0,--,5,123000,买盘
2519,09:38:42,246.0,-0.25,52,1279200,卖盘
2520,09:38:37,246.25,--,10,246250,卖盘
2521,09:38:31,246.25,--,47,1157375,卖盘
2522,09:38:27,246.25,--,27,664875,卖盘
2523,09:38:22,246.25,-0.05,8,197000,中性盘
2524,09:38:16,246.3,--,6,147780,买盘
2525,09:38:12,246.3,--,20,492600,买盘
2526,09:38:07,246.3,-0.04,7,172410,买盘
2527,09:38:01,246.34,-0.05,6,147804,中性盘
2528,09:37:57,246.39,0.03,22,542058,买盘
2529,09:37:52,246.36,0.11,17,418812,中性盘
2530,09:37:46,246.25,--,2,49250,卖盘
2531,09:37:42,246.25,0.25,8,204880,中性盘
2532,09:37:37,246.0,--,1,24600,卖盘
2533,09:37:31,246.0,-0.36,9,221400,卖盘
2534,09:37:27,246.36,0.37,24,591264,买盘
2535,09:37:21,245.99,-0.01,61,1500539,卖盘
2536,09:37:16,246.0,0.02,71,1746600,买盘
2537,09:37:12,245.98,0.01,27,664146,买盘
2538,09:37:06,245.97,0.37,7,184477,买盘
2539,09:37:01,245.6,--,1,24560,卖盘
2540,09:36:57,245.6,-0.4,5,122800,卖盘
2541,09:36:51,246.0,--,0,0,买盘
2542,09:36:46,246.0,0.2,30,738000,买盘
2543,09:36:42,245.8,-0.1,4,98320,卖盘
2544,09:36:36,245.9,0.1,4,98360,中性盘
2545,09:36:27,245.8,-0.16,4,98320,卖盘
2546,09:36:21,245.96,0.16,1,24596,中性盘
2547,09:36:16,245.8,-0.16,91,2236780,卖盘
2548,09:36:12,245.96,-0.02,19,467324,卖盘
2549,09:36:01,245.98,-0.02,4,115118,卖盘
2550,09:35:57,246.0,--,15,369000,卖盘
2551,09:35:51,246.0,0.04,20,499872,买盘
2552,09:35:46,245.96,0.06,3,73788,买盘
2553,09:35:42,245.9,-0.06,4,98360,中性盘
2554,09:35:36,245.96,-0.04,66,1640061,卖盘
2555,09:35:31,246.0,--,12,295200,卖盘
2556,09:35:27,246.0,0.02,88,2172672,买盘
2557,09:35:21,245.98,0.02,43,1070013,买盘
2558,09:35:16,245.96,0.01,5,122980,卖盘
2559,09:35:12,245.95,0.05,20,491900,买盘
2560,09:35:06,245.9,--,10,245900,中性盘
2561,09:35:01,245.9,0.01,11,270490,买盘
2562,09:34:57,245.89,0.15,37,909793,买盘
2563,09:34:51,245.74,-0.16,22,540628,卖盘
2564,09:34:46,245.9,--,5,122950,买盘
2565,09:34:41,245.9,-0.05,10,245900,买盘
2566,09:34:36,245.95,0.18,10,245950,买盘
2567,09:34:31,245.77,-0.13,2,49154,卖盘
2568,09:34:26,245.9,0.01,29,713110,买盘
2569,09:34:21,245.89,-0.02,16,393424,买盘
2570,09:34:16,245.91,0.11,12,295092,买盘
2571,09:34:11,245.8,-0.1,28,688240,卖盘
2572,09:34:06,245.9,--,27,663930,买盘
2573,09:34:01,245.9,0.02,2,49180,买盘
2574,09:33:56,245.88,0.19,43,1067365,买盘
2575,09:33:51,245.69,-0.11,25,614225,卖盘
2576,09:33:46,245.8,0.07,34,835720,买盘
2577,09:33:41,245.73,--,11,270303,买盘
2578,09:33:36,245.73,--,7,172011,买盘
2579,09:33:31,245.73,-0.06,11,270303,卖盘
2580,09:33:26,245.79,0.06,53,1302687,买盘
2581,09:33:21,245.73,0.01,8,196584,买盘
2582,09:33:16,245.72,0.22,2,49144,买盘
2583,09:33:11,245.5,-0.1,2,49100,卖盘
2584,09:33:06,245.6,-0.17,19,466640,中性盘
2585,09:33:01,245.77,0.27,6,147462,买盘
2586,09:32:56,245.5,--,0,0,卖盘
2587,09:32:51,245.5,-0.28,49,1202950,卖盘
2588,09:32:46,245.78,-0.01,4,98312,中性盘
2589,09:32:41,245.79,--,3,73737,买盘
2590,09:32:36,245.79,0.02,12,294948,买盘
2591,09:32:26,245.77,--,8,196616,买盘
2592,09:32:21,245.77,0.17,8,196616,买盘
2593,09:32:16,245.6,--,1,24560,卖盘
2594,09:32:11,245.6,0.09,5,122800,中性盘
2595,09:32:06,245.51,0.01,7,171857,中性盘
2596,09:32:01,245.5,--,1,24550,卖盘
2597,09:31:56,245.5,0.03,3,73650,中性盘
2598,09:31:51,245.47,-0.03,40,981880,卖盘
2599,09:31:46,245.5,--,2,49100,卖盘
2600,09:31:41,245.5,--,10,245500,中性盘
2601,09:31:36,245.5,-0.3,5,122750,卖盘
2602,09:31:31,245.8,--,25,614500,买盘
2603,09:31:26,245.8,--,5,122900,买盘
2604,09:31:21,245.8,--,4,98320,买盘
2605,09:31:16,245.8,0.03,1,24580,买盘
2606,09:31:11,245.77,-0.13,4,98308,卖盘
2607,09:31:06,245.9,--,19,467210,卖盘
2608,09:31:01,245.9,0.43,6,147540,买盘
2609,09:30:55,245.47,--,0,0,卖盘
2610,09:30:51,245.47,-0.48,20,490940,卖盘
2611,09:30:46,245.95,-0.03,14,353430,卖盘
2612,09:30:40,245.98,0.03,3,89290,买盘
2613,09:30:36,245.95,-0.04,27,685462,卖盘
2614,09:30:30,245.99,0.01,12,298385,买盘
2615,09:30:25,245.98,0.03,15,368970,买盘
2616,09:30:21,245.95,-0.01,6,147570,买盘
2617,09:30:15,245.96,0.16,16,395995,买盘
2618,09:30:10,245.8,0.4,14,344120,买盘
2619,09:30:06,245.4,--,137,3361980,卖盘
2620,09:28:55,245.4,--,0,0,卖盘
2621,09:25:03,245.4,245.4,165,4049100,买盘
