,time,price,change,volume,amount,type
0,15:00:00,10.07,--,0,0,买盘
1,15:00:00,10.07,--,0,0,买盘
2,15:00:00,10.07,--,4,4028,买盘
3,14:59:55,10.07,-0.01,170,171190,卖盘
4,14:59:49,10.08,0.01,33,33264,买盘
5,14:59:45,10.07,--,109,109763,卖盘
6,14:59:40,10.07,--,159,160113,卖盘
7,14:59:30,10.07,0.01,858,864006,买盘
8,14:59:25,10.06,--,110,110660,卖盘
9,14:59:19,10.06,--,16,16096,卖盘
10,14:59:15,10.06,-0.01,42,42252,卖盘
11,14:59:10,10.07,0.01,217,218519,买盘
12,14:59:04,10.06,--,5,5030,卖盘
13,14:59:00,10.06,--,43,43258,卖盘
14,14:58:55,10.06,--,59,59354,卖盘
15,14:58:49,10.06,--,27,27162,卖盘
16,14:58:45,10.06,--,327,328962,买盘
17,14:58:40,10.06,--,252,253512,买盘
18,14:58:34,10.06,0.01,7,7042,买盘
19,14:58:30,10.05,--,100,100500,卖盘
20,14:58:25,10.05,-0.01,35,35175,卖盘
21,14:58:19,10.06,--,2,2012,买盘
22,14:58:15,10.06,--,63,63378,买盘
23,14:58:10,10.06,--,214,215284,买盘
24,14:58:04,10.06,--,4,4024,买盘
25,14:58:00,10.06,--,210,211260,买盘
26,14:57:55,10.06,-0.01,312,313872,卖盘
27,14:57:49,10.07,--,24,24168,买盘
28,14:57:45,10.07,--,107,107749,买盘
29,14:57:40,10.07,--,30,30210,买盘
30,14:57:34,10.07,0.01,29,29203,买盘
31,14:57:30,10.06,-0.01,157,157942,卖盘
32,14:57:24,10.07,--,17,17119,卖盘
33,14:57:15,10.07,--,338,340366,卖盘
34,14:57:09,10.07,--,28,28196,卖盘
35,14:57:04,10.07,--,29,29203,卖盘
36,14:57:00,10.07,--,200,201400,卖盘
37,14:56:54,10.07,--,107,107749,卖盘
38,14:56:49,10.07,--,12,12084,卖盘
39,14:56:45,10.07,-0.01,95,95665,卖盘
40,14:56:39,10.08,0.01,41,41328,买盘
41,14:56:34,10.07,--,37,37259,卖盘
42,14:56:30,10.07,--,77,77539,卖盘
43,14:56:24,10.07,--,57,57399,买盘
44,14:56:19,10.07,--,2,2014,买盘
45,14:56:15,10.07,0.01,77,77539,买盘
46,14:56:09,10.06,-0.01,50,50300,卖盘
47,14:56:04,10.07,0.01,190,191330,买盘
48,14:56:00,10.06,--,263,264578,卖盘
49,14:55:54,10.06,--,90,90540,卖盘
50,14:55:49,10.06,--,20,20120,卖盘
51,14:55:45,10.06,--,106,106736,买盘
52,14:55:39,10.06,--,9,9054,买盘
53,14:55:34,10.06,--,74,74444,买盘
54,14:55:30,10.06,--,43,43258,买盘
55,14:55:24,10.06,--,71,71506,卖盘
56,14:55:19,10.06,--,10,10060,卖盘
57,14:55:15,10.06,--,584,587504,卖盘
58,14:55:09,10.06,--,151,152087,卖盘
59,14:55:04,10.06,--,12,12072,卖盘
60,14:55:00,10.06,--,5,5030,卖盘
61,14:54:54,10.06,--,110,110660,卖盘
62,14:54:49,10.06,--,25,25331,卖盘
63,14:54:45,10.06,--,31,31186,卖盘
64,14:54:39,10.06,--,18,18108,卖盘
65,14:54:34,10.06,-0.01,30,30180,卖盘
66,14:54:30,10.07,0.01,37,37853,买盘
67,14:54:24,10.06,--,81,81486,卖盘
68,14:54:19,10.06,--,7,7042,卖盘
69,14:54:14,10.06,-0.01,196,197357,卖盘
70,14:54:09,10.07,--,1,1007,卖盘
71,14:53:59,10.07,0.01,463,466855,买盘
72,14:53:54,10.06,--,5,5030,卖盘
73,14:53:49,10.06,--,161,162559,卖盘
74,14:53:44,10.06,--,18,18108,卖盘
75,14:53:39,10.06,--,14,14084,卖盘
76,14:53:29,10.06,--,13,13671,卖盘
77,14:53:24,10.06,-0.01,23,23138,卖盘
78,14:53:14,10.07,-0.02,160,161512,卖盘
79,14:53:09,10.09,0.02,890,898191,买盘
80,14:53:04,10.07,--,15,15105,卖盘
81,14:52:59,10.07,--,70,70490,卖盘
82,14:52:54,10.07,--,42,42545,卖盘
83,14:52:49,10.07,--,38,38266,卖盘
84,14:52:44,10.07,0.02,256,258184,买盘
85,14:52:39,10.05,-0.01,160,161593,卖盘
86,14:52:34,10.06,0.01,53,53318,买盘
87,14:52:29,10.05,-0.01,55,55275,卖盘
88,14:52:24,10.06,--,39,39646,卖盘
89,14:52:19,10.06,--,3,3018,卖盘
90,14:52:14,10.06,--,10,10060,卖盘
91,14:52:09,10.06,-0.02,127,127762,卖盘
92,14:52:04,10.08,0.02,162,163296,买盘
93,14:51:59,10.06,-0.01,274,276237,卖盘
94,14:51:54,10.07,--,126,126882,买盘
95,14:51:49,10.07,--,84,85000,卖盘
96,14:51:43,10.07,--,330,332310,卖盘
97,14:51:39,10.07,--,86,86602,卖盘
98,14:51:34,10.07,-0.01,17,17713,卖盘
99,14:51:24,10.08,--,70,70560,卖盘
100,14:51:19,10.08,-0.01,340,342720,卖盘
101,14:51:13,10.09,--,31,31279,买盘
102,14:51:08,10.09,--,18,18162,买盘
103,14:50:58,10.09,--,184,185656,卖盘
104,14:50:54,10.09,-0.01,10,10090,卖盘
105,14:50:49,10.1,--,42,42420,买盘
106,14:50:23,10.1,0.01,30,30300,卖盘
107,14:50:18,10.09,-0.01,1063,1072567,卖盘
108,14:50:13,10.1,-0.01,30,30300,卖盘
109,14:50:09,10.11,0.01,10,10110,买盘
110,14:50:03,10.1,--,136,137360,卖盘
111,14:49:58,10.1,--,75,75750,卖盘
112,14:49:54,10.1,--,115,116150,卖盘
113,14:49:48,10.1,--,123,124230,卖盘
114,14:49:38,10.1,-0.01,15,15150,卖盘
115,14:49:33,10.11,--,20,20220,买盘
116,14:49:28,10.11,--,2,2022,买盘
117,14:49:24,10.11,--,2,2022,买盘
118,14:49:18,10.11,--,572,578292,卖盘
119,14:49:13,10.11,--,2,2022,卖盘
120,14:49:08,10.11,--,1,1011,卖盘
121,14:49:03,10.11,--,25,25275,卖盘
122,14:48:53,10.11,--,9,9099,卖盘
123,14:48:48,10.11,-0.01,8,8088,卖盘
124,14:48:43,10.12,0.01,60,60719,买盘
125,14:48:33,10.11,--,66,66726,卖盘
126,14:48:28,10.11,--,5,5055,卖盘
127,14:48:23,10.11,-0.01,55,55605,卖盘
128,14:48:18,10.12,--,43,43516,买盘
129,14:48:08,10.12,0.01,10,10120,买盘
130,14:48:03,10.11,-0.01,38,38418,卖盘
131,14:47:58,10.12,--,13,13155,买盘
132,14:47:53,10.12,--,18,18216,买盘
133,14:47:48,10.12,0.01,30,30359,买盘
134,14:47:43,10.11,--,10,10110,卖盘
135,14:47:38,10.11,--,12,12132,卖盘
136,14:47:23,10.11,--,127,128397,卖盘
137,14:47:18,10.11,--,24,24264,卖盘
138,14:47:13,10.11,--,75,75825,卖盘
139,14:47:08,10.11,0.01,17,17187,买盘
140,14:47:03,10.1,--,30,30300,卖盘
141,14:46:58,10.1,--,16,16160,卖盘
142,14:46:53,10.1,-0.01,147,148470,卖盘
143,14:46:48,10.11,0.01,60,60660,买盘
144,14:46:43,10.1,--,20,20200,卖盘
145,14:46:38,10.1,--,104,105040,卖盘
146,14:46:28,10.1,-0.01,72,72720,卖盘
147,14:46:23,10.11,--,4,4044,买盘
148,14:46:18,10.11,--,23,23253,买盘
149,14:46:13,10.11,0.02,50,50550,买盘
150,14:46:08,10.09,-0.01,222,223998,卖盘
151,14:46:02,10.1,--,34,34340,卖盘
152,14:45:58,10.1,-0.01,10,10100,卖盘
153,14:45:53,10.11,0.01,52,52572,买盘
154,14:45:48,10.1,--,13,13130,卖盘
155,14:45:38,10.1,--,141,142410,买盘
156,14:45:33,10.1,--,50,50500,卖盘
157,14:45:28,10.1,--,12,12120,卖盘
158,14:45:23,10.1,0.01,110,111100,买盘
159,14:45:18,10.09,-0.01,306,308754,卖盘
160,14:45:13,10.1,--,80,80800,卖盘
161,14:45:08,10.1,0.01,111,112110,买盘
162,14:45:03,10.09,-0.01,96,96864,卖盘
163,14:44:53,10.1,0.01,36,36360,买盘
164,14:44:48,10.09,--,27,27243,卖盘
165,14:44:43,10.09,-0.01,5,5045,卖盘
166,14:44:38,10.1,--,85,85850,买盘
167,14:44:33,10.1,--,88,88880,买盘
168,14:44:28,10.1,--,12,12120,买盘
169,14:44:23,10.1,0.01,65,65650,买盘
170,14:44:18,10.09,-0.01,220,221980,卖盘
171,14:44:13,10.1,--,18,18180,买盘
172,14:44:08,10.1,0.01,48,48480,买盘
173,14:44:03,10.09,--,202,203818,卖盘
174,14:43:58,10.09,-0.01,51,51459,卖盘
175,14:43:53,10.1,--,193,194930,卖盘
176,14:43:48,10.1,--,141,142410,买盘
177,14:43:43,10.1,--,40,40400,买盘
178,14:43:37,10.1,0.01,30,30300,买盘
179,14:43:32,10.09,-0.01,25,25225,卖盘
180,14:43:27,10.1,-0.02,52,52520,中性盘
181,14:43:22,10.12,0.02,62,62743,买盘
182,14:43:17,10.1,-0.01,42,42420,买盘
183,14:43:12,10.11,0.02,29,29319,买盘
184,14:43:07,10.09,--,14,14126,卖盘
185,14:43:02,10.09,-0.02,49,49441,卖盘
186,14:42:57,10.11,-0.01,55,55605,中性盘
187,14:42:47,10.12,0.03,70,70840,买盘
188,14:42:42,10.09,-0.03,1050,1059450,卖盘
189,14:42:37,10.12,--,40,40480,买盘
190,14:42:32,10.12,--,3,3035,买盘
191,14:42:27,10.12,--,58,58695,买盘
192,14:42:22,10.12,--,27,27323,卖盘
193,14:42:17,10.12,--,23,23276,卖盘
194,14:42:12,10.12,--,50,50599,买盘
195,14:42:07,10.12,--,140,141680,卖盘
196,14:42:02,10.12,--,40,40480,卖盘
197,14:41:57,10.12,--,83,83996,卖盘
198,14:41:52,10.12,-0.01,40,40480,卖盘
199,14:41:47,10.13,--,161,163093,买盘
200,14:41:41,10.13,-0.01,65,65845,买盘
201,14:41:32,10.14,0.01,100,101400,买盘
202,14:41:27,10.13,--,231,234762,卖盘
203,14:41:22,10.13,-0.01,5,5065,卖盘
204,14:41:17,10.14,--,7,7098,买盘
205,14:41:12,10.14,--,223,226122,买盘
206,14:41:02,10.14,--,2,2028,卖盘
207,14:40:57,10.14,0.01,23,23322,中性盘
208,14:40:52,10.13,-0.01,333,337329,卖盘
209,14:40:47,10.14,--,184,186576,卖盘
210,14:40:42,10.14,--,79,80106,卖盘
211,14:40:32,10.14,--,59,59826,卖盘
212,14:40:27,10.14,-0.01,100,101400,卖盘
213,14:40:12,10.15,--,10,10150,买盘
214,14:40:07,10.15,--,392,397880,卖盘
215,14:40:02,10.15,--,46,46690,卖盘
216,14:39:57,10.15,--,61,61915,卖盘
217,14:39:52,10.15,--,30,30450,卖盘
218,14:39:47,10.15,--,247,250958,买盘
219,14:39:42,10.15,--,2,2030,买盘
220,14:39:27,10.15,--,43,43645,卖盘
221,14:39:22,10.15,--,398,403970,卖盘
222,14:39:17,10.15,--,23,23345,卖盘
223,14:39:12,10.15,--,47,47705,卖盘
224,14:38:57,10.15,-0.01,27,27405,卖盘
225,14:38:47,10.16,0.01,2,2032,买盘
226,14:38:42,10.15,--,80,81200,卖盘
227,14:38:32,10.15,-0.01,46,46690,卖盘
228,14:38:27,10.16,--,64,65024,卖盘
229,14:38:22,10.16,--,120,121920,卖盘
230,14:38:17,10.16,--,55,55880,卖盘
231,14:38:12,10.16,--,88,89408,卖盘
232,14:38:02,10.16,--,29,29464,卖盘
233,14:37:57,10.16,--,109,110744,买盘
234,14:37:47,10.16,--,178,180848,卖盘
235,14:37:37,10.16,--,12,12192,卖盘
236,14:37:32,10.16,0.01,551,559816,买盘
237,14:37:27,10.15,-0.01,1090,1106350,卖盘
238,14:37:17,10.16,--,105,106680,卖盘
239,14:37:07,10.16,0.01,633,643128,买盘
240,14:37:02,10.15,--,50,50750,卖盘
241,14:36:57,10.15,-0.01,16,16240,卖盘
242,14:36:52,10.16,--,320,325120,买盘
243,14:36:47,10.16,-0.01,679,689864,卖盘
244,14:36:32,10.17,--,7,7119,买盘
245,14:36:27,10.17,0.01,25,25425,买盘
246,14:36:21,10.16,--,11,11176,卖盘
247,14:36:17,10.16,--,51,51816,卖盘
248,14:36:02,10.16,-0.01,90,91440,卖盘
249,14:35:57,10.17,0.01,26,26442,买盘
250,14:35:46,10.16,-0.01,44,44704,卖盘
251,14:35:35,10.17,--,105,106785,买盘
252,14:35:11,10.17,-0.01,98,99666,卖盘
253,14:35:06,10.18,0.01,6,6108,买盘
254,14:35:01,10.17,--,10,10170,卖盘
255,14:34:56,10.17,--,10,10170,卖盘
256,14:34:51,10.17,--,216,219672,买盘
257,14:34:46,10.17,0.01,7,7119,买盘
258,14:34:36,10.16,--,11,11176,卖盘
259,14:34:31,10.16,-0.01,2,2032,卖盘
260,14:34:26,10.17,0.01,24,24408,买盘
261,14:34:21,10.16,-0.01,15,15240,卖盘
262,14:33:51,10.17,--,400,406800,买盘
263,14:33:41,10.17,--,6,6102,卖盘
264,14:33:36,10.17,0.01,44,44748,买盘
265,14:33:26,10.16,--,37,37592,卖盘
266,14:33:21,10.16,--,3,3048,卖盘
267,14:33:16,10.16,--,10,10160,卖盘
268,14:33:11,10.16,-0.01,47,47752,卖盘
269,14:33:06,10.17,0.01,105,106785,买盘
270,14:32:56,10.16,-0.01,225,228600,卖盘
271,14:32:51,10.17,0.01,77,78309,买盘
272,14:32:46,10.16,--,5,5080,卖盘
273,14:32:41,10.16,-0.01,1,1016,卖盘
274,14:32:35,10.17,--,7,7119,买盘
275,14:32:31,10.17,0.02,47,47799,买盘
276,14:32:26,10.15,--,10,10150,卖盘
277,14:32:21,10.15,--,19,19285,卖盘
278,14:32:16,10.15,--,0,0,卖盘
279,14:32:11,10.15,-0.02,1005,1020075,卖盘
280,14:32:06,10.17,0.02,265,269505,买盘
281,14:32:01,10.15,-0.01,300,304500,卖盘
282,14:31:56,10.16,--,15,15240,卖盘
283,14:31:51,10.16,--,3,3048,卖盘
284,14:31:46,10.16,--,5,5080,卖盘
285,14:31:41,10.16,--,6,6096,卖盘
286,14:31:35,10.16,-0.01,50,50800,卖盘
287,14:31:26,10.17,--,87,88479,买盘
288,14:31:21,10.17,--,2,2034,卖盘
289,14:31:16,10.17,--,10,10170,卖盘
290,14:31:11,10.17,--,40,40680,卖盘
291,14:31:06,10.17,0.01,253,257301,买盘
292,14:30:56,10.16,-0.01,10,10160,卖盘
293,14:30:51,10.17,--,81,82377,卖盘
294,14:30:46,10.17,--,10,10170,卖盘
295,14:30:41,10.17,0.01,121,123057,买盘
296,14:30:36,10.16,--,53,53848,卖盘
297,14:30:31,10.16,--,16,16256,卖盘
298,14:30:21,10.16,--,3,3048,卖盘
299,14:30:11,10.16,-0.01,28,28448,卖盘
300,14:30:06,10.17,0.01,2,2034,买盘
301,14:30:01,10.16,--,10,10160,卖盘
302,14:29:56,10.16,-0.01,5,5080,卖盘
303,14:29:51,10.17,0.01,9,9153,买盘
304,14:29:41,10.16,--,15,15240,卖盘
305,14:29:36,10.16,-0.01,1,1016,卖盘
306,14:29:30,10.17,--,4,4068,买盘
307,14:29:26,10.17,-0.02,200,203400,买盘
308,14:29:21,10.19,0.02,145,147755,买盘
309,14:29:15,10.17,-0.01,50,50850,卖盘
310,14:29:10,10.18,--,1,1018,买盘
311,14:29:06,10.18,0.01,15,15270,中性盘
312,14:29:00,10.17,-0.01,555,564435,卖盘
313,14:28:55,10.18,0.01,24,24432,买盘
314,14:28:51,10.17,--,30,30510,卖盘
315,14:28:41,10.17,-0.01,165,167805,卖盘
316,14:28:35,10.18,0.01,331,336958,买盘
317,14:28:30,10.17,-0.01,5,5085,卖盘
318,14:28:14,10.18,--,134,136412,卖盘
319,14:28:11,10.18,--,44,44792,卖盘
320,14:28:06,10.18,--,50,50900,卖盘
321,14:28:00,10.18,--,52,52936,卖盘
322,14:27:56,10.18,--,40,40720,买盘
323,14:27:51,10.18,--,10,10180,买盘
324,14:27:44,10.18,--,7,7126,卖盘
325,14:27:40,10.18,--,15,15270,卖盘
326,14:27:36,10.18,-0.01,25,25450,卖盘
327,14:27:29,10.19,0.01,60,61140,买盘
328,14:27:25,10.18,--,80,81440,卖盘
329,14:27:15,10.18,--,144,146592,买盘
330,14:27:05,10.18,0.01,2,2036,买盘
331,14:26:50,10.17,-0.01,6,6102,卖盘
332,14:26:45,10.18,0.01,338,344084,买盘
333,14:26:35,10.17,--,20,20340,卖盘
334,14:26:29,10.17,--,5,5085,卖盘
335,14:26:25,10.17,--,12,12204,卖盘
336,14:26:20,10.17,--,28,28476,卖盘
337,14:26:14,10.17,--,173,175941,买盘
338,14:26:10,10.17,--,23,23391,买盘
339,14:26:05,10.17,0.01,10,10170,买盘
340,14:26:00,10.16,-0.01,21,21336,卖盘
341,14:25:50,10.17,--,100,101700,买盘
342,14:25:44,10.17,0.01,10,10170,买盘
343,14:25:40,10.16,--,2,2032,卖盘
344,14:25:35,10.16,-0.01,6,6096,卖盘
345,14:25:20,10.17,0.01,179,182043,买盘
346,14:25:14,10.16,-0.01,36,36576,卖盘
347,14:25:05,10.17,0.01,10,10170,买盘
348,14:24:59,10.16,-0.01,4,4064,卖盘
349,14:24:55,10.17,0.01,5,5085,买盘
350,14:24:50,10.16,--,59,59944,卖盘
351,14:24:45,10.16,--,13,13208,买盘
352,14:24:40,10.16,0.01,134,136144,买盘
353,14:24:35,10.15,0.01,645,654675,卖盘
354,14:24:30,10.14,-0.01,50,50700,卖盘
355,14:24:15,10.15,0.01,197,199955,买盘
356,14:24:10,10.14,-0.01,106,107484,卖盘
357,14:24:05,10.15,--,154,156310,买盘
358,14:24:00,10.15,--,9,9135,买盘
359,14:23:55,10.15,--,5,5075,卖盘
360,14:23:50,10.15,--,25,25375,买盘
361,14:23:44,10.15,--,77,78155,卖盘
362,14:23:35,10.15,0.01,105,106575,卖盘
363,14:23:29,10.14,-0.01,450,456300,卖盘
364,14:23:25,10.15,0.01,218,222010,买盘
365,14:23:20,10.14,--,34,34476,卖盘
366,14:23:14,10.14,-0.01,102,103428,卖盘
367,14:23:10,10.15,0.01,101,102515,买盘
368,14:23:05,10.14,-0.01,6,6084,卖盘
369,14:22:59,10.15,0.01,18,18270,买盘
370,14:22:50,10.14,-0.01,10,10140,卖盘
371,14:22:44,10.15,0.01,32,32480,买盘
372,14:22:40,10.14,--,29,29406,卖盘
373,14:22:35,10.14,-0.01,164,166296,卖盘
374,14:22:30,10.15,0.01,52,52780,买盘
375,14:22:20,10.14,--,2,2028,卖盘
376,14:22:15,10.14,--,10,10140,卖盘
377,14:22:08,10.14,--,5,5070,卖盘
378,14:22:05,10.14,--,111,112554,卖盘
379,14:21:59,10.14,-0.01,105,106470,卖盘
380,14:21:54,10.15,0.01,10,10150,买盘
381,14:21:50,10.14,--,13,13182,卖盘
382,14:21:45,10.14,-0.01,22,22308,卖盘
383,14:21:39,10.15,--,1,1015,买盘
384,14:21:08,10.15,--,35,35799,卖盘
385,14:21:05,10.15,--,426,432390,卖盘
386,14:20:45,10.15,--,27,27405,卖盘
387,14:20:30,10.15,-0.01,18,18270,卖盘
388,14:20:24,10.16,0.01,2,2032,卖盘
389,14:20:04,10.15,-0.01,44,44660,卖盘
390,14:19:59,10.16,--,62,62992,买盘
391,14:19:50,10.16,--,2,2032,买盘
392,14:19:44,10.16,--,70,71120,卖盘
393,14:19:38,10.16,--,11,11176,卖盘
394,14:19:35,10.16,-0.01,30,30480,卖盘
395,14:19:29,10.17,0.01,20,20340,买盘
396,14:19:23,10.16,-0.01,3,3048,卖盘
397,14:19:20,10.17,--,15,15255,卖盘
398,14:19:09,10.17,--,10,10170,卖盘
399,14:18:53,10.17,--,5,5085,卖盘
400,14:18:49,10.17,--,10,10170,卖盘
401,14:18:44,10.17,--,15,15255,卖盘
402,14:18:18,10.17,-0.02,26,26442,卖盘
403,14:18:08,10.19,0.03,205,208895,买盘
404,14:18:04,10.16,0.01,10,10160,卖盘
405,14:17:59,10.15,--,0,0,卖盘
406,14:17:53,10.15,-0.01,160,162400,卖盘
407,14:17:44,10.16,--,0,0,卖盘
408,14:17:39,10.16,-0.03,15,15240,卖盘
409,14:17:34,10.19,--,0,0,买盘
410,14:17:23,10.19,0.03,52,52988,买盘
411,14:17:14,10.16,-0.02,1,1016,卖盘
412,14:17:09,10.18,0.02,200,203600,买盘
413,14:17:04,10.16,--,6,6096,卖盘
414,14:16:59,10.16,--,10,10160,卖盘
415,14:16:48,10.16,--,10,10160,卖盘
416,14:16:38,10.16,--,12,12192,卖盘
417,14:16:34,10.16,--,2,2032,卖盘
418,14:16:29,10.16,0.01,6,6096,卖盘
419,14:16:14,10.15,-0.03,22,22330,卖盘
420,14:16:08,10.18,0.03,708,720744,买盘
421,14:16:04,10.15,--,5,5075,卖盘
422,14:15:59,10.15,--,1,1015,卖盘
423,14:15:44,10.15,--,7,7105,卖盘
424,14:15:38,10.15,--,70,71050,卖盘
425,14:15:34,10.15,--,166,168490,卖盘
426,14:15:23,10.15,--,305,309575,卖盘
427,14:15:14,10.15,--,66,66990,卖盘
428,14:15:08,10.15,-0.01,22,22330,卖盘
429,14:14:53,10.16,--,101,102616,买盘
430,14:14:47,10.16,--,20,20320,买盘
431,14:14:44,10.16,--,25,25400,买盘
432,14:14:38,10.16,--,116,117856,卖盘
433,14:14:29,10.16,--,14,14224,卖盘
434,14:14:23,10.16,--,25,25400,卖盘
435,14:14:17,10.16,--,55,55880,卖盘
436,14:14:14,10.16,--,5,5080,卖盘
437,14:14:08,10.16,--,9,9144,卖盘
438,14:14:02,10.16,-0.01,5,5080,卖盘
439,14:13:59,10.17,0.01,40,40680,买盘
440,14:13:53,10.16,--,35,35560,卖盘
441,14:13:44,10.16,--,8,8128,卖盘
442,14:13:38,10.16,-0.01,268,272288,卖盘
443,14:13:32,10.17,--,6,6102,买盘
444,14:13:29,10.17,--,95,96615,买盘
445,14:13:23,10.17,--,119,121023,买盘
446,14:13:17,10.17,--,121,123057,卖盘
447,14:13:14,10.17,--,57,57969,卖盘
448,14:12:59,10.17,--,59,60003,卖盘
449,14:12:47,10.17,--,30,30510,卖盘
450,14:12:43,10.17,--,66,67122,卖盘
451,14:12:38,10.17,--,27,27459,卖盘
452,14:12:32,10.17,--,113,114921,卖盘
453,14:12:28,10.17,--,9,9153,卖盘
454,14:12:23,10.17,--,49,49833,卖盘
455,14:12:13,10.17,--,20,20340,卖盘
456,14:12:08,10.17,--,117,118989,卖盘
457,14:11:58,10.17,--,44,44748,卖盘
458,14:11:38,10.17,--,21,21357,卖盘
459,14:11:23,10.17,--,10,10170,卖盘
460,14:11:17,10.17,--,0,0,卖盘
461,14:11:13,10.17,--,2010,2044170,卖盘
462,14:11:08,10.17,--,46,46782,卖盘
463,14:11:02,10.17,--,50,50850,卖盘
464,14:10:58,10.17,-0.01,100,101700,卖盘
465,14:10:53,10.18,0.01,28,28504,买盘
466,14:10:47,10.17,-0.01,10,10170,卖盘
467,14:10:43,10.18,--,42,43346,卖盘
468,14:10:38,10.18,--,7,7553,买盘
469,14:10:32,10.18,--,16,16288,买盘
470,14:10:28,10.18,--,31,32148,卖盘
471,14:10:17,10.18,-0.01,60,61080,卖盘
472,14:10:13,10.19,0.01,3,3057,买盘
473,14:10:08,10.18,--,50,50900,卖盘
474,14:10:02,10.18,--,33,33594,卖盘
475,14:09:58,10.18,--,26,26468,卖盘
476,14:09:53,10.18,--,36,36648,卖盘
477,14:09:47,10.18,--,100,101800,卖盘
478,14:09:43,10.18,--,80,81440,卖盘
479,14:09:38,10.18,-0.01,301,306418,卖盘
480,14:09:32,10.19,0.01,20,20380,买盘
481,14:09:28,10.18,-0.01,100,101800,卖盘
482,14:09:17,10.19,0.01,4,4076,买盘
483,14:09:08,10.18,-0.02,17,17306,卖盘
484,14:09:02,10.2,0.02,38,38760,买盘
485,14:08:58,10.18,--,0,0,卖盘
486,14:08:47,10.18,-0.01,25,25450,卖盘
487,14:08:43,10.19,--,60,61140,卖盘
488,14:08:28,10.19,--,40,40760,卖盘
489,14:08:17,10.19,--,8,8152,卖盘
490,14:08:11,10.19,--,30,30570,卖盘
491,14:08:08,10.19,--,86,88061,买盘
492,14:07:56,10.19,--,2,2038,买盘
493,14:07:53,10.19,--,30,30570,买盘
494,14:07:41,10.19,--,5,5095,买盘
495,14:07:32,10.19,0.01,84,85596,买盘
496,14:07:17,10.18,--,26,26468,卖盘
497,14:07:02,10.18,--,1,1018,卖盘
498,14:06:56,10.18,-0.01,10,10180,卖盘
499,14:06:53,10.19,--,100,101900,买盘
500,14:06:41,10.19,0.01,210,213990,买盘
501,14:06:38,10.18,--,7,7126,卖盘
502,14:06:26,10.18,-0.01,10,10180,卖盘
503,14:06:23,10.19,0.01,40,40760,买盘
504,14:06:17,10.18,-0.01,100,101800,卖盘
505,14:06:11,10.19,0.01,115,117185,买盘
506,14:06:08,10.18,--,54,54972,卖盘
507,14:06:02,10.18,--,22,22396,卖盘
508,14:05:56,10.18,--,16,16288,卖盘
509,14:05:47,10.18,--,55,55990,卖盘
510,14:05:41,10.18,--,8,8144,卖盘
511,14:05:38,10.18,--,63,64134,卖盘
512,14:05:32,10.18,--,47,47846,买盘
513,14:05:26,10.18,--,68,69224,买盘
514,14:05:17,10.18,--,54,54972,买盘
515,14:05:08,10.18,--,45,45810,卖盘
516,14:05:02,10.18,-0.01,6,6108,卖盘
517,14:04:52,10.19,0.01,6,6114,买盘
518,14:04:47,10.18,--,13,13234,卖盘
519,14:04:41,10.18,--,8,8144,卖盘
520,14:04:32,10.18,--,1,1018,卖盘
521,14:04:22,10.18,-0.01,20,20360,卖盘
522,14:04:11,10.19,--,0,0,买盘
523,14:04:07,10.19,0.01,100,101900,买盘
524,14:04:02,10.18,0.01,15,15270,买盘
525,14:03:52,10.17,--,20,20340,卖盘
526,14:03:47,10.17,-0.01,50,50850,卖盘
527,14:03:37,10.18,--,15,15270,卖盘
528,14:03:32,10.18,0.01,3,3054,买盘
529,14:03:22,10.17,-0.01,215,218655,卖盘
530,14:03:17,10.18,-0.01,14,14252,卖盘
531,14:03:07,10.19,0.02,9,9171,买盘
532,14:03:02,10.17,--,0,0,卖盘
533,14:02:56,10.17,-0.02,42,42714,卖盘
534,14:02:47,10.19,0.01,10,10190,买盘
535,14:02:41,10.18,0.01,10,10180,中性盘
536,14:02:32,10.17,--,217,220689,卖盘
537,14:02:26,10.17,--,3,3051,卖盘
538,14:02:22,10.17,--,10,10170,卖盘
539,14:02:11,10.17,-0.01,34,34578,卖盘
540,14:02:02,10.18,0.01,23,23414,买盘
541,14:01:41,10.17,-0.01,3,3051,卖盘
542,14:01:32,10.18,--,53,53954,买盘
543,14:01:26,10.18,--,26,26468,买盘
544,14:01:17,10.18,0.01,8,8144,买盘
545,14:01:11,10.17,-0.01,2,2034,卖盘
546,14:00:41,10.18,0.01,20,20360,买盘
547,14:00:35,10.17,--,144,146448,卖盘
548,14:00:32,10.17,-0.01,35,35595,卖盘
549,14:00:26,10.18,--,20,20360,买盘
550,14:00:11,10.18,--,30,30540,买盘
551,14:00:05,10.18,--,10,10180,买盘
552,14:00:01,10.18,--,6,6108,买盘
553,13:59:56,10.18,-0.01,90,91620,卖盘
554,13:59:50,10.19,0.01,11,11209,买盘
555,13:59:47,10.18,--,50,50900,卖盘
556,13:59:41,10.18,--,20,20360,卖盘
557,13:59:32,10.18,0.01,623,635109,买盘
558,13:59:26,10.17,--,24,24408,卖盘
559,13:59:20,10.17,0.01,6,6102,中性盘
560,13:59:11,10.16,-0.01,59,59944,卖盘
561,13:59:02,10.17,0.02,333,338661,买盘
562,13:58:56,10.15,--,37,37555,卖盘
563,13:58:50,10.15,--,1,1015,卖盘
564,13:58:46,10.15,--,17,17255,卖盘
565,13:58:41,10.15,--,5,5075,卖盘
566,13:58:35,10.15,0.01,369,375275,买盘
567,13:58:31,10.14,-0.01,23,23322,卖盘
568,13:58:26,10.15,0.01,44,44660,买盘
569,13:58:17,10.14,-0.01,5,5070,卖盘
570,13:58:11,10.15,0.01,2,2030,买盘
571,13:58:05,10.14,--,37,37518,卖盘
572,13:58:02,10.14,-0.01,21,21294,卖盘
573,13:57:56,10.15,--,23,23345,买盘
574,13:57:50,10.15,--,29,29435,买盘
575,13:57:46,10.15,--,184,186760,买盘
576,13:57:41,10.15,--,23,23345,买盘
577,13:57:35,10.15,0.01,102,103530,买盘
578,13:57:31,10.14,--,1,1014,卖盘
579,13:57:26,10.14,-0.01,114,115596,卖盘
580,13:57:20,10.15,--,33,33495,买盘
581,13:57:16,10.15,0.01,100,101500,买盘
582,13:57:11,10.14,-0.01,2,2028,卖盘
583,13:56:56,10.15,--,234,237510,买盘
584,13:56:46,10.15,--,333,337995,买盘
585,13:56:41,10.15,-0.01,55,55825,卖盘
586,13:56:35,10.16,0.02,100,101600,买盘
587,13:56:31,10.14,-0.01,1000,1014000,卖盘
588,13:56:26,10.15,-0.01,21,21315,卖盘
589,13:56:11,10.16,--,10,10160,买盘
590,13:56:01,10.16,--,7,7112,买盘
591,13:55:46,10.16,--,2,2032,买盘
592,13:55:41,10.16,--,65,66040,买盘
593,13:55:31,10.16,--,20,20320,买盘
594,13:55:26,10.16,-0.01,38,38608,卖盘
595,13:55:20,10.17,0.01,45,45765,买盘
596,13:55:16,10.16,-0.01,56,56896,卖盘
597,13:55:11,10.17,0.01,4,4068,买盘
598,13:55:01,10.16,--,12,12192,卖盘
599,13:54:50,10.16,-0.01,5,5080,卖盘
600,13:54:46,10.17,--,20,20340,买盘
601,13:54:41,10.17,0.01,101,102717,买盘
602,13:54:35,10.16,--,60,60960,卖盘
603,13:54:31,10.16,--,0,0,卖盘
604,13:54:20,10.16,-0.01,15,15240,卖盘
605,13:54:16,10.17,--,7,7119,卖盘
606,13:54:10,10.17,--,53,53901,卖盘
607,13:54:05,10.17,-0.01,5,5085,卖盘
608,13:53:55,10.18,0.01,2,2036,买盘
609,13:53:44,10.17,0.01,2,2034,中性盘
610,13:53:40,10.16,-0.02,20,20320,卖盘
611,13:53:35,10.18,0.01,23,23414,买盘
612,13:53:29,10.17,--,21,21357,买盘
613,13:53:25,10.17,0.01,3,3051,买盘
614,13:53:19,10.16,--,106,107696,买盘
615,13:53:14,10.16,0.01,52,52832,买盘
616,13:53:10,10.15,--,43,43645,卖盘
617,13:53:05,10.15,--,189,191835,卖盘
618,13:52:58,10.15,--,10,10150,卖盘
619,13:52:55,10.15,0.01,1624,1648360,买盘
620,13:52:50,10.14,--,24,24336,卖盘
621,13:52:44,10.14,--,71,71994,卖盘
622,13:52:40,10.14,--,13,13182,卖盘
623,13:52:35,10.14,-0.01,28,28392,卖盘
624,13:52:29,10.15,--,5,5075,买盘
625,13:52:25,10.15,0.01,161,163415,买盘
626,13:52:19,10.14,-0.01,6,6084,卖盘
627,13:52:10,10.15,--,10,10150,买盘
628,13:52:05,10.15,--,254,257810,卖盘
629,13:51:59,10.15,--,5,5075,卖盘
630,13:51:55,10.15,--,38,38570,卖盘
631,13:51:50,10.15,--,280,284200,卖盘
632,13:51:40,10.15,-0.01,151,153265,卖盘
633,13:51:35,10.16,--,1,1016,买盘
634,13:51:29,10.16,--,5,5080,买盘
635,13:51:10,10.16,--,2,2032,买盘
636,13:51:05,10.16,--,7,7112,买盘
637,13:50:55,10.16,--,100,101600,买盘
638,13:50:44,10.16,--,10,10160,买盘
639,13:50:40,10.16,--,156,159349,卖盘
640,13:50:35,10.16,-0.01,6,6096,卖盘
641,13:50:20,10.17,-0.01,10,10170,买盘
642,13:50:10,10.18,0.02,28,28504,买盘
643,13:50:05,10.16,-0.02,1000,1016000,卖盘
644,13:49:55,10.18,0.01,117,119106,买盘
645,13:49:50,10.17,--,93,94581,卖盘
646,13:49:44,10.17,-0.01,2,2034,卖盘
647,13:49:40,10.18,0.01,9,9162,买盘
648,13:49:35,10.17,--,20,20340,卖盘
649,13:49:29,10.17,-0.01,11,11187,卖盘
650,13:49:25,10.18,--,33,33594,买盘
651,13:49:20,10.18,--,8,8144,买盘
652,13:49:14,10.18,0.01,20,20360,买盘
653,13:48:55,10.17,-0.01,20,20340,卖盘
654,13:48:34,10.18,--,10,10180,买盘
655,13:48:29,10.18,0.01,17,17306,买盘
656,13:48:25,10.17,-0.01,51,51867,卖盘
657,13:48:20,10.18,0.01,35,35630,买盘
658,13:48:14,10.17,-0.01,26,26442,卖盘
659,13:48:04,10.18,--,30,30540,买盘
660,13:47:55,10.18,--,4,4072,买盘
661,13:47:50,10.18,--,152,154736,卖盘
662,13:47:40,10.18,--,8,8144,卖盘
663,13:47:35,10.18,--,15,15270,卖盘
664,13:47:29,10.18,-0.01,50,50900,卖盘
665,13:47:20,10.19,0.01,42,42798,买盘
666,13:47:05,10.18,-0.01,65,66170,卖盘
667,13:46:55,10.19,0.01,9,9171,买盘
668,13:46:50,10.18,-0.01,10,10180,卖盘
669,13:46:40,10.19,--,10,10190,买盘
670,13:46:25,10.19,--,110,112090,买盘
671,13:46:14,10.19,0.01,20,20380,买盘
672,13:45:53,10.18,-0.01,30,30540,卖盘
673,13:45:50,10.19,0.01,45,45855,买盘
674,13:45:44,10.18,--,21,21378,卖盘
675,13:45:38,10.18,--,6,6108,买盘
676,13:45:34,10.18,--,219,222942,卖盘
677,13:45:29,10.18,--,81,82458,卖盘
678,13:45:23,10.18,-0.01,3,3054,卖盘
679,13:45:19,10.19,0.01,31,31589,买盘
680,13:45:07,10.18,-0.01,5,5090,卖盘
681,13:45:04,10.19,0.01,10,10190,买盘
682,13:44:59,10.18,--,5,5090,卖盘
683,13:44:49,10.18,--,3,3054,卖盘
684,13:44:44,10.18,--,50,50900,卖盘
685,13:44:34,10.18,--,149,151682,卖盘
686,13:44:29,10.18,-0.01,23,23414,卖盘
687,13:44:19,10.19,--,20,20380,买盘
688,13:44:14,10.19,0.01,3,3057,买盘
689,13:43:59,10.18,0.01,148,150664,买盘
690,13:43:53,10.17,-0.01,5,5085,卖盘
691,13:43:49,10.18,--,22,22396,买盘
692,13:43:44,10.18,--,245,249410,买盘
693,13:43:38,10.18,0.01,40,40720,买盘
694,13:43:34,10.17,--,27,27459,卖盘
695,13:43:29,10.17,-0.01,15,15255,卖盘
696,13:43:23,10.18,0.01,20,20360,买盘
697,13:43:19,10.17,--,10,10170,卖盘
698,13:43:13,10.17,-0.01,5,5085,卖盘
699,13:43:04,10.18,0.01,5,5090,买盘
700,13:42:59,10.17,--,4,4068,卖盘
701,13:42:49,10.17,--,5,5085,卖盘
702,13:42:44,10.17,--,60,61020,卖盘
703,13:42:38,10.17,--,128,130176,卖盘
704,13:42:34,10.17,--,103,104751,卖盘
705,13:42:28,10.17,--,15,15255,卖盘
706,13:42:23,10.17,--,25,25425,卖盘
707,13:42:19,10.17,--,100,101700,卖盘
708,13:42:13,10.17,--,46,46782,卖盘
709,13:42:04,10.17,--,59,60003,卖盘
710,13:41:59,10.17,--,100,101700,卖盘
711,13:41:52,10.17,--,7,7119,卖盘
712,13:41:49,10.17,--,90,91530,卖盘
713,13:41:44,10.17,--,33,33561,卖盘
714,13:41:34,10.17,--,10,10170,卖盘
715,13:41:29,10.17,--,11,11187,卖盘
716,13:41:23,10.17,--,60,61020,卖盘
717,13:41:19,10.17,--,10,10170,卖盘
718,13:41:14,10.17,--,22,22374,卖盘
719,13:41:04,10.17,-0.01,28,28476,卖盘
720,13:40:59,10.18,--,109,110962,买盘
721,13:40:49,10.18,0.01,153,155754,买盘
722,13:40:44,10.17,--,42,42714,卖盘
723,13:40:38,10.17,--,38,38646,卖盘
724,13:40:34,10.17,--,49,49833,卖盘
725,13:40:28,10.17,-0.01,7,7119,卖盘
726,13:40:23,10.18,--,8,8144,买盘
727,13:40:19,10.18,0.01,3,3054,买盘
728,13:40:14,10.17,--,10,10170,卖盘
729,13:40:07,10.17,-0.01,10,10170,买盘
730,13:40:03,10.18,--,0,0,买盘
731,13:39:58,10.18,0.01,20,20360,买盘
732,13:39:53,10.17,-0.01,15,15255,卖盘
733,13:39:49,10.18,0.01,45,45810,买盘
734,13:39:33,10.17,--,201,204417,卖盘
735,13:39:29,10.17,-0.01,23,24367,卖盘
736,13:39:23,10.18,0.01,17,17306,买盘
737,13:39:19,10.17,-0.01,5,5085,卖盘
738,13:38:53,10.18,--,17,17306,卖盘
739,13:38:47,10.18,--,11,11198,卖盘
740,13:38:43,10.18,--,30,30540,卖盘
741,13:38:38,10.18,--,10,10180,卖盘
742,13:38:32,10.18,--,373,379714,卖盘
743,13:38:28,10.18,--,10,10180,卖盘
744,13:38:23,10.18,-0.01,63,64134,卖盘
745,13:38:13,10.19,0.01,66,67254,买盘
746,13:37:58,10.18,--,13,13234,卖盘
747,13:37:53,10.18,--,10,10180,卖盘
748,13:37:46,10.18,-0.01,39,39702,卖盘
749,13:37:28,10.19,-0.01,110,112681,卖盘
750,13:37:23,10.2,--,2,2039,买盘
751,13:37:07,10.2,0.01,52,53039,买盘
752,13:37:02,10.19,-0.01,26,26494,卖盘
753,13:36:53,10.2,--,20,20400,买盘
754,13:36:47,10.2,0.01,20,20400,买盘
755,13:36:43,10.19,--,28,28532,卖盘
756,13:36:38,10.19,--,15,15285,卖盘
757,13:36:32,10.19,--,3,3057,卖盘
758,13:36:22,10.19,-0.01,2,2038,卖盘
759,13:36:02,10.2,0.01,20,20400,买盘
760,13:35:58,10.19,--,175,178325,卖盘
761,13:35:52,10.19,-0.01,83,84577,卖盘
762,13:35:47,10.2,0.01,519,529380,买盘
763,13:35:43,10.19,--,260,264940,卖盘
764,13:35:38,10.19,--,201,204819,卖盘
765,13:35:28,10.19,0.01,201,205246,买盘
766,13:35:23,10.18,0.01,39,39702,中性盘
767,13:35:16,10.17,-0.01,1134,1153278,卖盘
768,13:35:13,10.18,-0.01,30,30540,卖盘
769,13:35:07,10.19,0.01,3,3057,买盘
770,13:35:02,10.18,--,30,30540,卖盘
771,13:34:58,10.18,--,10,10180,卖盘
772,13:34:52,10.18,0.01,63,64134,买盘
773,13:34:47,10.17,--,261,265437,买盘
774,13:34:43,10.17,--,317,322389,卖盘
775,13:34:37,10.17,--,10,10170,卖盘
776,13:34:32,10.17,--,300,305100,卖盘
777,13:34:28,10.17,--,65,66105,卖盘
778,13:34:22,10.17,--,2,2034,卖盘
779,13:34:13,10.17,0.01,3,3051,买盘
780,13:34:07,10.16,-0.01,104,105664,卖盘
781,13:34:01,10.17,0.01,200,203400,买盘
782,13:33:58,10.16,--,76,77216,卖盘
783,13:33:52,10.16,-0.01,5,5080,卖盘
784,13:33:47,10.17,--,130,132210,买盘
785,13:33:43,10.17,--,10,10170,买盘
786,13:33:28,10.17,--,10,10170,买盘
787,13:33:23,10.17,--,333,338661,卖盘
788,13:33:13,10.17,--,77,78309,卖盘
789,13:33:08,10.17,--,12,12204,卖盘
790,13:33:02,10.17,-0.01,10,10170,卖盘
791,13:32:52,10.18,0.01,50,50900,买盘
792,13:32:46,10.17,-0.01,32,32544,卖盘
793,13:32:43,10.18,0.01,8,8144,买盘
794,13:32:38,10.17,-0.02,20,20340,卖盘
795,13:32:31,10.19,--,0,0,买盘
796,13:32:27,10.19,--,26,26494,买盘
797,13:32:23,10.19,--,518,528045,买盘
798,13:32:16,10.19,--,2,2425,卖盘
799,13:32:12,10.19,--,7,7764,买盘
800,13:32:07,10.19,--,6,6501,卖盘
801,13:32:01,10.19,--,509,518671,卖盘
802,13:31:55,10.19,--,20,20380,卖盘
803,13:31:47,10.19,--,30,30570,卖盘
804,13:31:40,10.19,--,6,6114,卖盘
805,13:31:37,10.19,--,71,72980,买盘
806,13:31:31,10.19,--,10,10190,买盘
807,13:31:25,10.19,0.01,2,2038,买盘
808,13:31:22,10.18,--,26,26468,卖盘
809,13:31:16,10.18,-0.01,43,43774,卖盘
810,13:31:11,10.19,--,10,10190,买盘
811,13:31:01,10.19,-0.01,435,443265,卖盘
812,13:30:52,10.2,0.01,48,48960,买盘
813,13:30:41,10.19,-0.01,5,5095,卖盘
814,13:30:37,10.2,0.01,73,74460,买盘
815,13:30:31,10.19,--,35,35665,卖盘
816,13:30:22,10.19,--,20,20380,卖盘
817,13:30:07,10.19,-0.01,22,22418,卖盘
818,13:30:01,10.2,--,33,33660,买盘
819,13:29:55,10.2,0.01,100,102000,买盘
820,13:29:46,10.19,-0.01,55,56045,卖盘
821,13:29:32,10.2,--,111,113219,买盘
822,13:29:17,10.2,0.01,38,38760,买盘
823,13:29:11,10.19,--,105,106995,卖盘
824,13:29:07,10.19,--,47,47893,卖盘
825,13:28:56,10.19,--,20,20380,卖盘
826,13:28:52,10.19,--,56,57064,买盘
827,13:28:46,10.19,0.01,28,28532,买盘
828,13:28:37,10.18,-0.01,42,42756,卖盘
829,13:28:31,10.19,--,21,21399,买盘
830,13:28:22,10.19,--,12,12228,卖盘
831,13:28:17,10.19,-0.01,30,30570,卖盘
832,13:28:11,10.2,0.02,88,89760,买盘
833,13:28:07,10.18,-0.01,1000,1018000,卖盘
834,13:28:01,10.19,--,17,17323,卖盘
835,13:27:52,10.19,--,138,140622,卖盘
836,13:27:46,10.19,--,10,10190,卖盘
837,13:27:41,10.19,--,20,20380,卖盘
838,13:27:37,10.19,-0.01,30,30570,卖盘
839,13:27:31,10.2,0.01,40,40800,买盘
840,13:27:22,10.19,--,457,466202,卖盘
841,13:27:17,10.19,--,70,71330,卖盘
842,13:27:10,10.19,-0.01,33,33627,卖盘
843,13:27:07,10.2,--,65,66300,买盘
844,13:27:01,10.2,--,55,56099,买盘
845,13:26:55,10.2,--,5,5100,买盘
846,13:26:52,10.2,--,30,30599,买盘
847,13:26:40,10.2,--,197,200940,卖盘
848,13:26:36,10.2,--,15,15299,卖盘
849,13:26:31,10.2,-0.01,322,328440,卖盘
850,13:26:25,10.21,--,50,51050,买盘
851,13:26:21,10.21,--,50,51050,买盘
852,13:26:17,10.21,--,119,121499,买盘
853,13:26:06,10.21,--,71,72491,卖盘
854,13:26:01,10.21,-0.01,9,9189,卖盘
855,13:25:51,10.22,0.01,40,40880,买盘
856,13:25:46,10.21,--,13,13273,卖盘
857,13:25:40,10.21,--,10,10210,卖盘
858,13:25:37,10.21,-0.01,48,49008,卖盘
859,13:25:31,10.22,0.01,1,1022,买盘
860,13:25:21,10.21,-0.01,20,20420,卖盘
861,13:25:16,10.22,--,46,47012,买盘
862,13:25:07,10.22,--,12,12764,卖盘
863,13:25:01,10.22,-0.01,37,37814,卖盘
864,13:24:49,10.23,0.01,44,45012,买盘
865,13:24:46,10.22,-0.01,3,3066,卖盘
866,13:24:40,10.23,0.01,38,38874,买盘
867,13:24:34,10.22,--,5,5110,卖盘
868,13:24:31,10.22,-0.01,13,13286,卖盘
869,13:24:25,10.23,--,30,30690,买盘
870,13:24:10,10.23,--,32,32736,买盘
871,13:24:04,10.23,--,17,17391,买盘
872,13:24:01,10.23,-0.01,43,43989,买盘
873,13:23:49,10.24,--,0,0,买盘
874,13:23:46,10.24,0.02,40,40960,买盘
875,13:23:40,10.22,-0.02,11,11242,卖盘
876,13:23:34,10.24,0.01,45,46080,买盘
877,13:23:31,10.23,--,203,207669,卖盘
878,13:23:25,10.23,--,15,15345,卖盘
879,13:23:19,10.23,--,7,7161,卖盘
880,13:23:16,10.23,--,49,50127,卖盘
881,13:23:10,10.23,--,25,25575,卖盘
882,13:23:04,10.23,--,1,1023,卖盘
883,13:23:01,10.23,-0.01,7,7161,卖盘
884,13:22:55,10.24,0.01,14,14336,买盘
885,13:22:46,10.23,-0.01,100,102300,卖盘
886,13:22:40,10.24,--,5,5120,买盘
887,13:22:34,10.24,--,2,2048,买盘
888,13:22:31,10.24,--,12,12288,买盘
889,13:22:25,10.24,--,20,20480,买盘
890,13:22:16,10.24,--,11,11264,买盘
891,13:22:01,10.24,--,18,18432,买盘
892,13:21:55,10.24,--,12,12288,买盘
893,13:21:46,10.24,--,87,89088,卖盘
894,13:21:40,10.24,--,3,3072,卖盘
895,13:21:34,10.24,--,8,8192,买盘
896,13:21:31,10.24,--,34,34816,卖盘
897,13:21:19,10.24,--,7,7168,卖盘
898,13:21:16,10.24,--,313,320512,卖盘
899,13:21:04,10.24,--,260,266240,卖盘
900,13:21:01,10.24,--,9,9216,卖盘
901,13:20:55,10.24,--,58,59392,卖盘
902,13:20:49,10.24,--,22,22528,卖盘
903,13:20:46,10.24,--,83,84992,买盘
904,13:20:34,10.24,--,51,52224,卖盘
905,13:20:31,10.24,--,205,209920,卖盘
906,13:20:19,10.24,-0.01,20,20480,卖盘
907,13:20:16,10.25,--,305,312625,买盘
908,13:20:01,10.25,0.01,73,74825,买盘
909,13:19:55,10.24,-0.01,9,9216,卖盘
910,13:19:49,10.25,0.01,14,14350,买盘
911,13:19:45,10.24,--,25,25600,卖盘
912,13:19:40,10.24,--,2,2048,卖盘
913,13:19:30,10.24,-0.01,75,76800,卖盘
914,13:19:25,10.25,--,28,28700,买盘
915,13:19:19,10.25,0.01,76,77900,买盘
916,13:19:15,10.24,-0.01,140,143360,卖盘
917,13:19:10,10.25,--,106,108650,买盘
918,13:19:04,10.25,--,116,118900,买盘
919,13:19:00,10.25,0.01,70,71750,买盘
920,13:18:55,10.24,-0.01,16,16384,卖盘
921,13:18:49,10.25,--,100,102500,买盘
922,13:18:45,10.25,--,29,29725,买盘
923,13:18:40,10.25,--,100,102500,买盘
924,13:18:34,10.25,--,13,13325,买盘
925,13:18:30,10.25,0.01,28,28700,买盘
926,13:18:25,10.24,-0.01,54,55296,卖盘
927,13:18:19,10.25,--,45,46125,买盘
928,13:18:15,10.25,0.01,170,174250,买盘
929,13:18:10,10.24,--,35,35840,卖盘
930,13:18:04,10.24,--,10,10240,卖盘
931,13:18:00,10.24,--,444,454656,买盘
932,13:17:55,10.24,--,557,570368,买盘
933,13:17:49,10.24,0.01,117,119808,买盘
934,13:17:40,10.23,--,201,205858,买盘
935,13:17:34,10.23,--,3,3069,买盘
936,13:17:28,10.23,--,100,102300,买盘
937,13:17:25,10.23,--,1,1023,买盘
938,13:17:19,10.23,--,1,1023,买盘
939,13:17:10,10.23,0.01,7,7161,买盘
940,13:17:04,10.22,-0.01,8,8176,卖盘
941,13:16:58,10.23,--,45,46035,买盘
942,13:16:55,10.23,0.01,309,316628,买盘
943,13:16:49,10.22,--,8,8176,卖盘
944,13:16:43,10.22,0.01,155,158410,买盘
945,13:16:40,10.21,-0.01,191,195011,卖盘
946,13:16:34,10.22,0.01,362,369964,买盘
947,13:16:28,10.21,--,3,3063,卖盘
948,13:16:25,10.21,--,61,62281,卖盘
949,13:16:19,10.21,0.01,154,157234,买盘
950,13:16:13,10.2,--,306,312120,卖盘
951,13:16:10,10.2,--,10,10200,卖盘
952,13:16:04,10.2,--,291,296820,买盘
953,13:15:55,10.2,--,10,10200,买盘
954,13:15:43,10.2,--,77,78540,卖盘
955,13:15:40,10.2,--,20,20400,卖盘
956,13:15:25,10.2,--,240,244799,卖盘
957,13:15:19,10.2,--,72,73440,买盘
958,13:15:10,10.2,--,19,19380,买盘
959,13:15:04,10.2,--,31,31619,买盘
960,13:14:55,10.2,--,3,3060,买盘
961,13:14:49,10.2,--,37,37740,卖盘
962,13:14:43,10.2,--,31,31619,卖盘
963,13:14:40,10.2,-0.01,116,118319,卖盘
964,13:14:34,10.21,0.01,96,98016,买盘
965,13:14:25,10.2,--,3,3060,卖盘
966,13:14:10,10.2,-0.01,30,30599,卖盘
967,13:14:04,10.21,--,1,1021,买盘
968,13:13:58,10.21,--,18,18378,卖盘
969,13:13:55,10.21,--,11,11231,卖盘
970,13:13:49,10.21,--,299,305279,卖盘
971,13:13:43,10.21,--,3,3063,卖盘
972,13:13:40,10.21,--,5,5105,卖盘
973,13:13:34,10.21,-0.01,30,30630,卖盘
974,13:13:25,10.22,0.01,14,14308,买盘
975,13:13:19,10.21,--,7,7147,买盘
976,13:13:13,10.21,--,4,4084,买盘
977,13:13:09,10.21,0.01,34,34714,买盘
978,13:13:04,10.2,-0.01,28,28559,卖盘
979,13:12:43,10.21,0.02,60,61260,买盘
980,13:12:39,10.19,--,121,123299,卖盘
981,13:12:34,10.19,-0.01,12,12228,卖盘
982,13:12:28,10.2,0.01,15,15299,买盘
983,13:12:19,10.19,--,140,142660,卖盘
984,13:12:13,10.19,--,0,0,卖盘
985,13:12:09,10.19,--,5,5095,卖盘
986,13:11:54,10.19,--,16,16304,卖盘
987,13:11:49,10.19,-0.01,20,20380,卖盘
988,13:11:39,10.2,--,38,38760,买盘
989,13:11:34,10.2,-0.01,146,148920,卖盘
990,13:11:24,10.21,0.01,107,109247,买盘
991,13:11:19,10.2,--,86,87720,卖盘
992,13:11:13,10.2,--,5,5100,卖盘
993,13:11:09,10.2,--,21,21420,卖盘
994,13:11:04,10.2,-0.01,36,36720,卖盘
995,13:10:49,10.21,0.01,125,127625,卖盘
996,13:10:34,10.2,-0.01,228,232559,卖盘
997,13:10:19,10.21,-0.01,47,47987,卖盘
998,13:10:13,10.22,--,9,9198,买盘
999,13:10:07,10.22,--,169,172718,买盘
1000,13:10:04,10.22,--,5,5110,买盘
1001,13:09:58,10.22,--,21,21462,买盘
1002,13:09:52,10.22,--,20,20440,买盘
1003,13:09:43,10.22,0.01,50,51100,卖盘
1004,13:09:37,10.21,--,72,73512,卖盘
1005,13:09:34,10.21,-0.01,160,163360,卖盘
1006,13:09:28,10.22,0.01,5,5110,买盘
1007,13:09:18,10.21,-0.01,11,11231,卖盘
1008,13:09:07,10.22,--,0,0,买盘
1009,13:09:04,10.22,0.02,406,414932,买盘
1010,13:08:58,10.2,--,72,73440,卖盘
1011,13:08:52,10.2,-0.01,20,20400,卖盘
1012,13:08:49,10.21,--,10,10210,买盘
1013,13:08:43,10.21,--,8,8168,买盘
1014,13:08:33,10.21,--,33,33693,卖盘
1015,13:08:28,10.21,-0.01,40,40840,卖盘
1016,13:08:22,10.22,0.01,51,52122,买盘
1017,13:08:19,10.21,--,2,2042,卖盘
1018,13:08:13,10.21,--,32,32672,卖盘
1019,13:08:07,10.21,--,6,6126,卖盘
1020,13:08:04,10.21,--,120,122520,卖盘
1021,13:07:58,10.21,--,13,13273,卖盘
1022,13:07:52,10.21,--,3,3063,卖盘
1023,13:07:49,10.21,--,68,69428,卖盘
1024,13:07:43,10.21,--,12,12252,卖盘
1025,13:07:34,10.21,--,1,1021,卖盘
1026,13:07:28,10.21,--,88,89848,卖盘
1027,13:07:22,10.21,--,20,20420,卖盘
1028,13:07:13,10.21,--,201,205221,卖盘
1029,13:07:03,10.21,--,62,63302,卖盘
1030,13:06:49,10.21,-0.01,19,19399,卖盘
1031,13:06:37,10.22,0.01,59,60298,买盘
1032,13:06:33,10.21,-0.01,47,47987,卖盘
1033,13:06:28,10.22,--,233,238126,卖盘
1034,13:06:22,10.22,-0.01,42,42924,卖盘
1035,13:06:18,10.23,0.01,10,10230,买盘
1036,13:06:13,10.22,--,10,10220,卖盘
1037,13:06:03,10.22,-0.01,31,31682,卖盘
1038,13:05:58,10.23,0.01,8,8184,买盘
1039,13:05:48,10.22,-0.01,26,26572,卖盘
1040,13:05:43,10.23,--,26,26598,卖盘
1041,13:05:37,10.23,--,12,12276,卖盘
1042,13:05:33,10.23,--,20,20460,卖盘
1043,13:05:18,10.23,--,8,8184,卖盘
1044,13:05:13,10.23,--,48,49104,卖盘
1045,13:05:07,10.23,--,10,10230,卖盘
1046,13:05:03,10.23,0.01,106,108438,买盘
1047,13:04:58,10.22,--,110,112420,卖盘
1048,13:04:48,10.22,--,16,16352,卖盘
1049,13:04:43,10.22,-0.01,28,28616,卖盘
1050,13:04:37,10.23,--,19,19437,买盘
1051,13:04:33,10.23,0.01,15,15345,买盘
1052,13:04:28,10.22,-0.01,3,3066,卖盘
1053,13:04:18,10.23,-0.01,282,288486,卖盘
1054,13:04:13,10.24,--,28,28672,买盘
1055,13:04:07,10.24,--,20,20480,买盘
1056,13:04:03,10.24,0.01,122,124928,买盘
1057,13:03:58,10.23,--,45,46035,卖盘
1058,13:03:52,10.23,--,72,73656,卖盘
1059,13:03:46,10.23,0.01,10,10230,中性盘
1060,13:03:37,10.22,--,22,22484,卖盘
1061,13:03:31,10.22,-0.01,30,30660,卖盘
1062,13:03:28,10.23,--,6,6138,卖盘
1063,13:03:12,10.23,0.01,55,56265,中性盘
1064,13:03:01,10.22,--,30,30660,卖盘
1065,13:02:57,10.22,--,510,521220,卖盘
1066,13:02:52,10.22,--,28,28616,卖盘
1067,13:02:46,10.22,--,7,7154,买盘
1068,13:02:42,10.22,--,59,60298,买盘
1069,13:02:37,10.22,--,8,8176,买盘
1070,13:02:31,10.22,--,50,51100,买盘
1071,13:02:27,10.22,0.01,88,89936,买盘
1072,13:02:16,10.21,--,11,11231,卖盘
1073,13:02:12,10.21,--,26,26546,卖盘
1074,13:02:07,10.21,--,2,2042,卖盘
1075,13:01:57,10.21,0.01,150,153150,买盘
1076,13:01:52,10.2,-0.01,5,5100,卖盘
1077,13:01:46,10.21,--,4,4084,买盘
1078,13:01:42,10.21,--,10,10210,买盘
1079,13:01:37,10.21,0.01,20,20420,买盘
1080,13:01:31,10.2,-0.01,5,5100,卖盘
1081,13:01:27,10.21,--,12,12252,买盘
1082,13:01:22,10.21,--,37,37777,买盘
1083,13:01:16,10.21,0.01,10,10210,买盘
1084,13:01:12,10.2,--,17,17340,卖盘
1085,13:01:07,10.2,--,5,5100,卖盘
1086,13:00:57,10.2,--,20,20400,卖盘
1087,13:00:52,10.2,--,5,5100,卖盘
1088,13:00:46,10.2,--,62,63239,买盘
1089,13:00:42,10.2,--,2,2039,买盘
1090,13:00:37,10.2,--,30,30599,买盘
1091,13:00:31,10.2,--,15,15299,买盘
1092,13:00:27,10.2,0.01,6,6120,买盘
1093,13:00:22,10.19,--,8,8152,卖盘
1094,13:00:12,10.19,0.01,10,10190,卖盘
1095,13:00:07,10.18,--,1549,1577177,买盘
1096,13:00:01,10.18,--,15,15270,卖盘
1097,11:30:00,10.18,--,0,0,卖盘
1098,11:29:59,10.18,--,0,0,卖盘
1099,11:29:58,10.18,-0.01,5,5090,卖盘
1100,11:29:53,10.19,0.01,5,5095,买盘
1101,11:29:47,10.18,--,27,27486,卖盘
1102,11:29:43,10.18,-0.01,108,109944,卖盘
1103,11:29:38,10.19,0.01,10,10190,买盘
1104,11:29:28,10.18,-0.01,11,11198,卖盘
1105,11:29:13,10.19,--,2,2038,买盘
1106,11:29:02,10.19,--,109,111071,买盘
1107,11:28:58,10.19,--,100,101900,买盘
1108,11:28:53,10.19,0.01,6,6114,买盘
1109,11:28:47,10.18,--,5,5090,卖盘
1110,11:28:43,10.18,--,10,10180,卖盘
1111,11:28:38,10.18,--,5,5090,卖盘
1112,11:28:32,10.18,--,30,30540,卖盘
1113,11:28:28,10.18,--,8,8144,卖盘
1114,11:28:23,10.18,0.01,46,46828,中性盘
1115,11:28:17,10.17,--,4,4068,卖盘
1116,11:28:08,10.17,-0.01,67,68139,卖盘
1117,11:28:02,10.18,--,30,30540,卖盘
1118,11:27:58,10.18,--,22,22396,买盘
1119,11:27:47,10.18,0.01,5,5090,中性盘
1120,11:27:43,10.17,-0.02,20,20340,卖盘
1121,11:27:38,10.19,0.02,36,36684,买盘
1122,11:27:32,10.17,-0.02,10,10170,卖盘
1123,11:27:23,10.19,0.03,3,3057,买盘
1124,11:27:13,10.16,--,0,0,卖盘
1125,11:27:02,10.16,-0.04,4,4064,卖盘
1126,11:26:56,10.2,--,0,0,买盘
1127,11:26:53,10.2,0.04,2,2039,买盘
1128,11:26:38,10.16,--,0,0,卖盘
1129,11:26:32,10.16,-0.05,28,28448,卖盘
1130,11:26:22,10.21,0.01,1059,1081239,买盘
1131,11:26:17,10.2,--,179,182580,卖盘
1132,11:26:11,10.2,--,37,37740,卖盘
1133,11:25:53,10.2,--,6,6120,卖盘
1134,11:25:47,10.2,--,8,8496,卖盘
1135,11:25:32,10.2,-0.01,11,11220,卖盘
1136,11:25:26,10.21,--,70,71470,买盘
1137,11:25:17,10.21,--,46,46966,买盘
1138,11:25:08,10.21,0.01,20,20420,买盘
1139,11:25:02,10.2,--,60,61199,卖盘
1140,11:24:56,10.2,--,4,4079,卖盘
1141,11:24:41,10.2,--,8,8159,卖盘
1142,11:24:38,10.2,--,57,58139,卖盘
1143,11:24:32,10.2,--,7,7139,卖盘
1144,11:24:26,10.2,--,22,22440,卖盘
1145,11:24:17,10.2,-0.01,102,104040,卖盘
1146,11:24:11,10.21,0.01,7,7147,买盘
1147,11:24:02,10.2,-0.01,30,30599,卖盘
1148,11:23:56,10.21,--,76,77596,买盘
1149,11:23:47,10.21,0.01,51,52071,卖盘
1150,11:23:37,10.2,-0.01,101,103020,卖盘
1151,11:23:26,10.21,--,10,10210,卖盘
1152,11:23:17,10.21,-0.01,15,15315,卖盘
1153,11:23:11,10.22,0.01,10,10220,买盘
1154,11:23:07,10.21,--,114,116394,卖盘
1155,11:23:02,10.21,--,22,22462,卖盘
1156,11:22:52,10.21,0.01,20,20420,买盘
1157,11:22:47,10.2,--,5,5100,卖盘
1158,11:22:26,10.2,--,186,189720,买盘
1159,11:22:17,10.2,--,10,10200,买盘
1160,11:22:11,10.2,--,5,5100,买盘
1161,11:22:07,10.2,-0.02,800,816000,卖盘
1162,11:21:52,10.22,0.01,12,12264,买盘
1163,11:21:41,10.21,--,3,3063,卖盘
1164,11:21:37,10.21,-0.01,50,51050,卖盘
1165,11:21:32,10.22,--,20,20440,买盘
1166,11:21:17,10.22,-0.01,254,259588,卖盘
1167,11:21:11,10.23,0.01,10,10230,买盘
1168,11:20:56,10.22,-0.01,108,110376,卖盘
1169,11:20:52,10.23,0.01,58,59334,买盘
1170,11:20:47,10.22,--,10,10220,卖盘
1171,11:20:41,10.22,-0.01,21,21462,卖盘
1172,11:20:32,10.23,--,39,39897,买盘
1173,11:20:26,10.23,0.01,14,14322,买盘
1174,11:20:16,10.22,-0.01,71,72562,卖盘
1175,11:20:05,10.23,--,42,42966,买盘
1176,11:20:02,10.23,0.01,19,19437,买盘
1177,11:19:56,10.22,-0.01,4,4088,卖盘
1178,11:19:50,10.23,--,18,18414,买盘
1179,11:19:46,10.23,--,130,132990,买盘
1180,11:19:35,10.23,0.01,12,12276,买盘
1181,11:19:32,10.22,-0.01,14,14308,卖盘
1182,11:19:20,10.23,0.01,5,5115,买盘
1183,11:19:16,10.22,--,55,56210,卖盘
1184,11:19:05,10.22,--,70,71540,卖盘
1185,11:19:01,10.22,-0.01,39,39858,卖盘
1186,11:18:56,10.23,0.01,43,43989,买盘
1187,11:18:50,10.22,--,5,5110,卖盘
1188,11:18:47,10.22,--,10,10220,卖盘
1189,11:18:41,10.22,--,4,4088,卖盘
1190,11:18:34,10.22,--,28,28616,买盘
1191,11:18:31,10.22,0.01,29,29638,买盘
1192,11:18:26,10.21,--,9,9189,卖盘
1193,11:18:16,10.21,--,177,180727,买盘
1194,11:18:11,10.21,--,111,113331,买盘
1195,11:18:01,10.21,--,111,113331,买盘
1196,11:17:55,10.21,--,22,22462,买盘
1197,11:17:46,10.21,-0.02,129,132719,卖盘
1198,11:17:41,10.23,--,0,0,买盘
1199,11:17:35,10.23,0.02,582,595386,买盘
1200,11:17:16,10.21,-0.01,4,4084,卖盘
1201,11:17:05,10.22,0.01,20,20440,买盘
1202,11:17:01,10.21,-0.01,4,4084,卖盘
1203,11:16:56,10.22,0.01,10,10220,买盘
1204,11:16:46,10.21,--,10,10210,卖盘
1205,11:16:41,10.21,--,20,20420,卖盘
1206,11:16:35,10.21,--,20,20420,卖盘
1207,11:16:31,10.21,-0.01,9,9189,卖盘
1208,11:16:25,10.22,0.01,97,99144,买盘
1209,11:15:56,10.21,--,10,10210,买盘
1210,11:15:50,10.21,--,96,99026,卖盘
1211,11:15:46,10.21,--,15,15315,卖盘
1212,11:15:31,10.21,--,153,156213,卖盘
1213,11:15:26,10.21,--,70,71470,卖盘
1214,11:15:20,10.21,--,40,40840,卖盘
1215,11:15:16,10.21,--,118,120488,卖盘
1216,11:15:05,10.21,-0.01,3,3063,卖盘
1217,11:14:46,10.22,--,5,5110,买盘
1218,11:14:41,10.22,0.01,28,28616,买盘
1219,11:14:35,10.21,-0.01,50,51050,卖盘
1220,11:14:31,10.22,--,11,11242,买盘
1221,11:14:20,10.22,0.01,9,9198,买盘
1222,11:14:16,10.21,-0.01,42,42882,卖盘
1223,11:13:56,10.22,0.01,31,31682,买盘
1224,11:13:40,10.21,0.01,50,51050,中性盘
1225,11:13:35,10.2,-0.02,80,81600,卖盘
1226,11:13:29,10.22,0.01,8,8176,买盘
1227,11:13:25,10.21,--,10,10210,中性盘
1228,11:13:14,10.21,--,0,0,中性盘
1229,11:13:11,10.21,--,3,3063,买盘
1230,11:13:05,10.21,-0.02,297,303237,卖盘
1231,11:12:59,10.23,0.01,100,102300,买盘
1232,11:12:50,10.22,--,83,84826,买盘
1233,11:12:44,10.22,--,11,11242,卖盘
1234,11:12:40,10.22,-0.01,232,237104,卖盘
1235,11:12:35,10.23,0.01,28,28644,买盘
1236,11:12:25,10.22,--,83,84826,卖盘
1237,11:12:20,10.22,--,96,98112,卖盘
1238,11:12:10,10.22,--,90,91980,卖盘
1239,11:12:05,10.22,--,32,32704,卖盘
1240,11:11:59,10.22,--,2,2044,卖盘
1241,11:11:55,10.22,--,50,51100,卖盘
1242,11:11:50,10.22,--,7,7154,卖盘
1243,11:11:40,10.22,--,76,77672,买盘
1244,11:11:35,10.22,--,12,12264,卖盘
1245,11:11:29,10.22,--,100,102200,卖盘
1246,11:11:10,10.22,--,201,205422,卖盘
1247,11:11:05,10.22,--,10,10220,卖盘
1248,11:10:59,10.22,--,10,10220,卖盘
1249,11:10:50,10.22,-0.01,12,12264,卖盘
1250,11:10:44,10.23,--,17,17391,买盘
1251,11:10:40,10.23,0.01,5,5115,买盘
1252,11:10:35,10.22,--,2,2044,卖盘
1253,11:10:29,10.22,--,56,57232,卖盘
1254,11:10:25,10.22,--,10,10220,卖盘
1255,11:10:19,10.22,--,30,30660,卖盘
1256,11:10:14,10.22,--,5,5110,卖盘
1257,11:10:10,10.22,0.01,40,41350,卖盘
1258,11:09:59,10.21,-0.01,51,52071,卖盘
1259,11:09:55,10.22,--,45,45990,买盘
1260,11:09:50,10.22,--,7,7154,买盘
1261,11:09:40,10.22,--,23,23506,卖盘
1262,11:09:34,10.22,--,20,20440,卖盘
1263,11:09:29,10.22,--,1,1022,卖盘
1264,11:09:25,10.22,0.01,256,261632,买盘
1265,11:09:10,10.21,-0.01,14,14294,卖盘
1266,11:08:55,10.22,--,6,6132,买盘
1267,11:08:44,10.22,--,9,9198,卖盘
1268,11:08:40,10.22,-0.01,3,3066,卖盘
1269,11:08:34,10.23,--,12,12276,买盘
1270,11:08:25,10.23,--,10,10230,买盘
1271,11:08:20,10.23,--,140,143220,买盘
1272,11:08:10,10.23,--,5,5115,买盘
1273,11:08:05,10.23,--,21,21483,买盘
1274,11:07:55,10.23,--,22,22506,买盘
1275,11:07:50,10.23,--,0,0,买盘
1276,11:07:44,10.23,0.02,112,114576,买盘
1277,11:07:40,10.21,--,33,33693,卖盘
1278,11:07:34,10.21,--,31,31651,卖盘
1279,11:07:29,10.21,--,5,5105,卖盘
1280,11:07:25,10.21,--,3,3063,买盘
1281,11:07:20,10.21,--,125,127625,买盘
1282,11:07:10,10.21,--,13,13273,买盘
1283,11:07:04,10.21,0.02,26,26791,买盘
1284,11:06:59,10.19,-0.01,31,31589,卖盘
1285,11:06:55,10.2,--,33,33660,买盘
1286,11:06:50,10.2,--,159,162955,卖盘
1287,11:06:44,10.2,--,25,25500,卖盘
1288,11:06:40,10.2,0.01,107,109384,买盘
1289,11:06:35,10.19,-0.01,2,2038,卖盘
1290,11:06:29,10.2,--,150,153000,买盘
1291,11:06:25,10.2,--,50,51000,买盘
1292,11:06:20,10.2,--,46,46920,买盘
1293,11:06:14,10.2,0.01,100,102000,买盘
1294,11:06:10,10.19,--,13,13247,卖盘
1295,11:06:05,10.19,--,74,75406,卖盘
1296,11:05:55,10.19,-0.01,51,51969,卖盘
1297,11:05:50,10.2,--,51,52020,买盘
1298,11:05:44,10.2,0.01,27,27539,买盘
1299,11:05:40,10.19,--,23,23437,卖盘
1300,11:05:35,10.19,--,16,16304,卖盘
1301,11:05:28,10.19,-0.01,215,219085,卖盘
1302,11:05:23,10.2,0.01,118,120359,买盘
1303,11:05:20,10.19,--,20,20380,卖盘
1304,11:05:14,10.19,--,13,13247,卖盘
1305,11:05:05,10.19,--,136,138584,卖盘
1306,11:04:59,10.19,--,125,127375,卖盘
1307,11:04:53,10.19,--,20,20380,卖盘
1308,11:04:50,10.19,--,195,198705,卖盘
1309,11:04:44,10.19,0.01,125,127711,买盘
1310,11:04:38,10.18,--,157,159826,卖盘
1311,11:04:34,10.18,--,59,60571,卖盘
1312,11:04:29,10.18,--,22,22396,卖盘
1313,11:04:23,10.18,--,12,12216,卖盘
1314,11:04:19,10.18,--,48,48864,卖盘
1315,11:04:08,10.18,-0.01,4,4072,卖盘
1316,11:04:04,10.19,-0.01,56,57064,买盘
1317,11:03:49,10.2,0.01,80,81600,买盘
1318,11:03:44,10.19,--,353,359707,卖盘
1319,11:03:38,10.19,-0.01,25,25475,卖盘
1320,11:03:34,10.2,--,31,31619,买盘
1321,11:03:19,10.2,--,676,690295,卖盘
1322,11:03:14,10.2,--,44,44880,卖盘
1323,11:03:04,10.2,--,50,51000,卖盘
1324,11:02:49,10.2,-0.03,3030,3090600,卖盘
1325,11:02:43,10.23,0.01,23,23529,买盘
1326,11:02:37,10.22,--,40,40880,卖盘
1327,11:02:34,10.22,--,229,234273,卖盘
1328,11:02:29,10.22,--,30,30660,卖盘
1329,11:02:23,10.22,-0.01,3,3066,卖盘
1330,11:02:19,10.23,0.01,69,70587,买盘
1331,11:02:14,10.22,-0.01,20,20440,卖盘
1332,11:01:49,10.23,-0.01,13,13299,卖盘
1333,11:01:43,10.24,0.01,9,9216,买盘
1334,11:01:38,10.23,--,13,13299,卖盘
1335,11:01:34,10.23,--,6,6138,卖盘
1336,11:01:28,10.23,-0.01,75,76725,卖盘
1337,11:01:19,10.24,0.01,44,45056,买盘
1338,11:01:13,10.23,--,39,39897,卖盘
1339,11:01:08,10.23,--,4,4092,卖盘
1340,11:01:04,10.23,-0.01,42,42966,卖盘
1341,11:00:59,10.24,--,1,1024,买盘
1342,11:00:52,10.24,--,42,43008,买盘
1343,11:00:49,10.24,--,120,122880,买盘
1344,11:00:44,10.24,--,22,22528,买盘
1345,11:00:38,10.24,--,250,256000,买盘
1346,11:00:29,10.24,--,1,1024,买盘
1347,11:00:23,10.24,-0.01,155,158720,卖盘
1348,11:00:19,10.25,0.01,355,363875,买盘
1349,11:00:14,10.24,-0.01,153,156672,卖盘
1350,11:00:08,10.25,0.01,9,9225,买盘
1351,11:00:04,10.24,-0.01,182,186368,卖盘
1352,10:59:49,10.25,0.01,75,76875,买盘
1353,10:59:44,10.24,--,110,112640,卖盘
1354,10:59:37,10.24,--,20,20480,卖盘
1355,10:59:34,10.24,0.01,28,28672,买盘
1356,10:59:29,10.23,--,61,62403,卖盘
1357,10:59:23,10.23,-0.01,22,22506,卖盘
1358,10:59:19,10.24,--,80,81920,买盘
1359,10:59:13,10.24,-0.01,22,22528,买盘
1360,10:59:04,10.25,--,0,0,买盘
1361,10:58:59,10.25,0.02,231,236775,买盘
1362,10:58:53,10.23,0.01,235,240405,卖盘
1363,10:58:49,10.22,--,0,0,卖盘
1364,10:58:44,10.22,--,9,9198,卖盘
1365,10:58:37,10.22,-0.02,15,15330,卖盘
1366,10:58:34,10.24,0.02,305,312320,买盘
1367,10:58:29,10.22,-0.01,12,12264,卖盘
1368,10:58:23,10.23,--,8,8184,卖盘
1369,10:58:19,10.23,--,5,5115,卖盘
1370,10:58:13,10.23,--,42,42966,买盘
1371,10:58:07,10.23,0.01,15,15345,买盘
1372,10:58:04,10.22,-0.01,16,16352,卖盘
1373,10:57:59,10.23,--,160,163680,买盘
1374,10:57:53,10.23,0.01,64,65472,买盘
1375,10:57:49,10.22,--,60,61320,卖盘
1376,10:57:43,10.22,--,19,19418,卖盘
1377,10:57:38,10.22,-0.01,49,50078,卖盘
1378,10:57:23,10.23,0.01,10,10230,买盘
1379,10:57:19,10.22,--,44,44968,卖盘
1380,10:57:13,10.22,0.01,127,129794,买盘
1381,10:57:07,10.21,-0.01,70,71470,卖盘
1382,10:56:58,10.22,--,89,90958,买盘
1383,10:56:52,10.22,0.01,1,1022,卖盘
1384,10:56:43,10.21,-0.01,330,336930,卖盘
1385,10:56:37,10.22,0.01,143,146156,买盘
1386,10:56:31,10.21,-0.01,32,32672,卖盘
1387,10:56:28,10.22,--,10,10220,买盘
1388,10:56:22,10.22,--,61,62342,买盘
1389,10:56:13,10.22,--,144,147168,买盘
1390,10:56:07,10.22,--,25,26561,卖盘
1391,10:56:01,10.22,-0.01,205,209510,卖盘
1392,10:55:52,10.23,0.01,99,101277,买盘
1393,10:55:46,10.22,--,31,31682,卖盘
1394,10:55:37,10.22,--,19,19418,卖盘
1395,10:55:31,10.22,--,40,40880,卖盘
1396,10:55:28,10.22,--,29,29638,卖盘
1397,10:55:22,10.22,--,10,10220,卖盘
1398,10:55:17,10.22,--,17,17374,卖盘
1399,10:55:13,10.22,--,84,85848,卖盘
1400,10:55:07,10.22,--,43,43946,卖盘
1401,10:55:02,10.22,-0.01,20,20440,卖盘
1402,10:54:58,10.23,--,17,17391,买盘
1403,10:54:52,10.23,0.01,17,17391,买盘
1404,10:54:46,10.22,--,10,10220,卖盘
1405,10:54:43,10.22,-0.01,211,215642,卖盘
1406,10:54:38,10.23,0.01,1,1023,买盘
1407,10:54:32,10.22,--,74,75628,卖盘
1408,10:54:28,10.22,--,33,33726,卖盘
1409,10:54:23,10.22,--,132,134904,卖盘
1410,10:54:16,10.22,--,61,62342,卖盘
1411,10:54:13,10.22,--,102,104244,卖盘
1412,10:54:01,10.22,-0.01,30,30660,卖盘
1413,10:53:58,10.23,0.01,26,26598,卖盘
1414,10:53:52,10.22,-0.01,142,145124,卖盘
1415,10:53:46,10.23,--,5,5115,卖盘
1416,10:53:43,10.23,--,215,219945,卖盘
1417,10:53:37,10.23,--,236,241428,买盘
1418,10:53:31,10.23,--,17,17391,买盘
1419,10:53:28,10.23,--,28,28644,买盘
1420,10:53:22,10.23,--,22,22506,买盘
1421,10:53:16,10.23,--,12,12276,买盘
1422,10:53:13,10.23,--,55,56265,买盘
1423,10:53:07,10.23,-0.01,64,65472,卖盘
1424,10:53:01,10.24,0.01,5,5120,买盘
1425,10:52:58,10.23,-0.01,39,39897,卖盘
1426,10:52:52,10.24,--,2,2048,买盘
1427,10:52:46,10.24,--,21,21504,买盘
1428,10:52:43,10.24,--,9,9216,买盘
1429,10:52:37,10.24,-0.01,24,25589,卖盘
1430,10:52:31,10.25,--,133,136325,买盘
1431,10:52:28,10.25,0.01,62,63550,买盘
1432,10:52:22,10.24,-0.01,68,69632,卖盘
1433,10:52:13,10.25,--,102,104550,买盘
1434,10:52:07,10.25,--,54,55350,买盘
1435,10:52:01,10.25,--,25,25625,买盘
1436,10:51:58,10.25,--,217,222425,买盘
1437,10:51:52,10.25,--,17,17425,买盘
1438,10:51:43,10.25,0.01,59,60475,买盘
1439,10:51:37,10.24,--,108,110592,卖盘
1440,10:51:31,10.24,--,26,26624,卖盘
1441,10:51:22,10.24,--,133,136202,买盘
1442,10:51:16,10.24,--,70,71680,买盘
1443,10:51:13,10.24,--,59,60416,买盘
1444,10:51:07,10.24,0.01,146,149504,买盘
1445,10:51:01,10.23,-0.01,119,121737,卖盘
1446,10:50:57,10.24,--,17,17408,买盘
1447,10:50:52,10.24,0.01,25,25600,买盘
1448,10:50:46,10.23,--,23,23529,卖盘
1449,10:50:42,10.23,--,51,52173,卖盘
1450,10:50:37,10.23,--,17,17391,卖盘
1451,10:50:31,10.23,-0.01,49,50127,卖盘
1452,10:50:28,10.24,0.01,54,55296,买盘
1453,10:50:22,10.23,--,140,143220,卖盘
1454,10:50:16,10.23,0.01,31,31713,买盘
1455,10:50:12,10.22,-0.01,78,79716,卖盘
1456,10:50:07,10.23,--,76,77748,买盘
1457,10:50:01,10.23,0.01,4,4092,买盘
1458,10:49:58,10.22,-0.01,125,127750,卖盘
1459,10:49:52,10.23,0.01,52,53206,买盘
1460,10:49:46,10.22,--,9,9198,卖盘
1461,10:49:42,10.22,-0.01,179,182938,卖盘
1462,10:49:37,10.23,--,144,147312,买盘
1463,10:49:31,10.23,--,7,7161,买盘
1464,10:49:27,10.23,--,233,238359,买盘
1465,10:49:22,10.23,--,13,13299,买盘
1466,10:49:16,10.23,0.01,96,98208,买盘
1467,10:49:10,10.22,--,80,81760,卖盘
1468,10:49:07,10.22,-0.01,64,65408,卖盘
1469,10:49:01,10.23,--,64,65472,买盘
1470,10:48:55,10.23,--,29,29667,买盘
1471,10:48:52,10.23,0.01,36,36828,买盘
1472,10:48:46,10.22,-0.01,95,97090,卖盘
1473,10:48:40,10.23,0.01,8,8184,买盘
1474,10:48:37,10.22,--,134,136948,买盘
1475,10:48:31,10.22,--,61,62342,买盘
1476,10:48:25,10.22,--,169,172718,买盘
1477,10:48:22,10.22,--,33,33726,买盘
1478,10:48:16,10.22,--,65,66430,买盘
1479,10:48:10,10.22,0.01,16,16352,买盘
1480,10:48:07,10.21,--,137,139877,卖盘
1481,10:48:01,10.21,--,157,160297,卖盘
1482,10:47:55,10.21,-0.01,80,81680,卖盘
1483,10:47:52,10.22,0.01,21,21462,买盘
1484,10:47:46,10.21,--,156,159276,卖盘
1485,10:47:40,10.21,-0.01,6,6126,卖盘
1486,10:47:37,10.22,--,483,493626,中性盘
1487,10:47:31,10.22,0.02,107,109354,买盘
1488,10:47:25,10.2,-0.02,204,208080,卖盘
1489,10:47:22,10.22,-0.01,287,293314,卖盘
1490,10:47:16,10.23,0.03,128,130944,买盘
1491,10:47:10,10.2,-0.02,103,105059,卖盘
1492,10:47:07,10.22,--,105,107310,卖盘
1493,10:47:01,10.22,--,30,30660,买盘
1494,10:46:55,10.22,0.02,160,163520,买盘
1495,10:46:52,10.2,0.01,73,75367,中性盘
1496,10:46:46,10.19,--,106,108014,卖盘
1497,10:46:40,10.19,-0.01,108,110052,卖盘
1498,10:46:37,10.2,0.01,81,82620,买盘
1499,10:46:31,10.19,--,58,59102,买盘
1500,10:46:25,10.19,--,72,73368,买盘
1501,10:46:22,10.19,-0.04,1021,1040511,卖盘
1502,10:46:16,10.23,--,105,108325,卖盘
1503,10:46:10,10.23,0.01,823,841929,买盘
1504,10:46:07,10.22,--,65,66430,卖盘
1505,10:46:01,10.22,-0.01,51,52122,卖盘
1506,10:45:52,10.23,--,237,242451,卖盘
1507,10:45:46,10.23,--,160,163680,卖盘
1508,10:45:40,10.23,-0.01,40,40920,卖盘
1509,10:45:37,10.24,--,141,145397,卖盘
1510,10:45:31,10.24,--,73,74752,卖盘
1511,10:45:25,10.24,--,168,172032,卖盘
1512,10:45:22,10.24,-0.01,11,11264,卖盘
1513,10:45:16,10.25,--,13,13325,买盘
1514,10:45:10,10.25,--,55,56487,卖盘
1515,10:45:07,10.25,-0.01,235,241787,卖盘
1516,10:45:01,10.26,--,66,67716,买盘
1517,10:44:52,10.26,-0.01,110,112860,卖盘
1518,10:44:46,10.27,0.01,53,54431,买盘
1519,10:44:40,10.26,-0.01,50,51300,卖盘
1520,10:44:31,10.27,--,85,87295,买盘
1521,10:44:25,10.27,--,45,46215,买盘
1522,10:44:22,10.27,-0.01,175,179725,卖盘
1523,10:44:16,10.28,0.01,25,25700,中性盘
1524,10:44:10,10.27,--,7,7189,卖盘
1525,10:44:07,10.27,-0.01,170,174590,卖盘
1526,10:44:01,10.28,0.01,41,42148,买盘
1527,10:43:55,10.27,-0.01,14,14378,卖盘
1528,10:43:52,10.28,--,88,90464,买盘
1529,10:43:46,10.28,0.01,125,129013,买盘
1530,10:43:40,10.27,-0.01,20,20540,卖盘
1531,10:43:36,10.28,0.01,67,68876,买盘
1532,10:43:31,10.27,-0.01,168,172536,卖盘
1533,10:43:25,10.28,--,8,8224,买盘
1534,10:43:22,10.28,0.01,358,368024,买盘
1535,10:43:16,10.27,--,36,36972,卖盘
1536,10:43:10,10.27,--,30,30810,卖盘
1537,10:43:06,10.27,--,48,49296,卖盘
1538,10:43:01,10.27,0.01,313,321451,买盘
1539,10:42:55,10.26,--,64,65664,卖盘
1540,10:42:51,10.26,--,121,124146,卖盘
1541,10:42:46,10.26,--,97,99522,卖盘
1542,10:42:40,10.26,--,53,54378,卖盘
1543,10:42:36,10.26,--,139,142614,买盘
1544,10:42:31,10.26,--,84,86184,卖盘
1545,10:42:25,10.26,--,48,49248,买盘
1546,10:42:21,10.26,--,71,72846,买盘
1547,10:42:16,10.26,--,233,239058,卖盘
1548,10:42:10,10.26,-0.01,16,16416,卖盘
1549,10:42:06,10.27,--,145,148915,中性盘
1550,10:42:01,10.27,--,40,41080,买盘
1551,10:41:55,10.27,-0.01,70,71890,卖盘
1552,10:41:51,10.28,--,206,211768,卖盘
1553,10:41:46,10.28,0.01,572,588016,买盘
1554,10:41:40,10.27,--,32,32864,买盘
1555,10:41:36,10.27,-0.01,137,140699,卖盘
1556,10:41:31,10.28,0.01,57,58595,买盘
1557,10:41:25,10.27,-0.01,71,72917,卖盘
1558,10:41:16,10.28,-0.01,20,20560,卖盘
1559,10:41:10,10.29,0.01,232,238727,买盘
1560,10:41:04,10.28,-0.01,140,143920,卖盘
1561,10:41:01,10.29,--,73,75117,买盘
1562,10:40:55,10.29,--,44,45275,中性盘
1563,10:40:49,10.29,--,65,66885,卖盘
1564,10:40:46,10.29,--,60,61739,卖盘
1565,10:40:40,10.29,-0.01,22,22637,卖盘
1566,10:40:31,10.3,--,383,394747,卖盘
1567,10:40:25,10.3,--,710,731300,卖盘
1568,10:40:19,10.3,--,142,147032,卖盘
1569,10:40:16,10.3,--,130,133900,卖盘
1570,10:40:10,10.3,--,297,305910,卖盘
1571,10:40:04,10.3,--,60,61800,卖盘
1572,10:40:01,10.3,--,128,131840,卖盘
1573,10:39:55,10.3,--,426,438780,卖盘
1574,10:39:49,10.3,--,10,10300,卖盘
1575,10:39:46,10.3,--,28,28840,卖盘
1576,10:39:40,10.3,-0.01,179,184370,卖盘
1577,10:39:34,10.31,0.01,40,41240,买盘
1578,10:39:31,10.3,--,190,195700,卖盘
1579,10:39:25,10.3,-0.01,311,320330,卖盘
1580,10:39:16,10.31,--,170,175270,卖盘
1581,10:39:10,10.31,-0.01,39,40209,卖盘
1582,10:39:04,10.32,--,3,3096,买盘
1583,10:39:01,10.32,--,17,17544,买盘
1584,10:38:55,10.32,--,183,189630,卖盘
1585,10:38:49,10.32,-0.01,110,113520,卖盘
1586,10:38:46,10.33,0.01,93,96069,买盘
1587,10:38:40,10.32,-0.01,186,191952,卖盘
1588,10:38:31,10.33,--,4,4132,买盘
1589,10:38:25,10.33,--,210,216930,卖盘
1590,10:38:19,10.33,-0.01,97,100201,卖盘
1591,10:38:16,10.34,--,103,106502,买盘
1592,10:38:10,10.34,0.01,52,53768,买盘
1593,10:38:04,10.33,-0.01,5,5165,卖盘
1594,10:38:01,10.34,0.01,38,39292,中性盘
1595,10:37:55,10.33,-0.01,25,25825,卖盘
1596,10:37:49,10.34,--,8,8272,卖盘
1597,10:37:46,10.34,0.01,1055,1090870,买盘
1598,10:37:40,10.33,--,10,10330,买盘
1599,10:37:34,10.33,-0.01,40,41320,中性盘
1600,10:37:31,10.34,0.01,68,70312,中性盘
1601,10:37:25,10.33,--,325,335725,卖盘
1602,10:37:19,10.33,--,10,10330,卖盘
1603,10:37:16,10.33,--,168,173544,买盘
1604,10:37:10,10.33,--,423,436959,卖盘
1605,10:37:04,10.33,--,90,92970,卖盘
1606,10:37:01,10.33,--,223,230359,卖盘
1607,10:36:55,10.33,-0.01,175,180775,中性盘
1608,10:36:49,10.34,-0.01,113,116842,中性盘
1609,10:36:46,10.35,--,192,198720,买盘
1610,10:36:40,10.35,0.03,18,18630,买盘
1611,10:36:31,10.32,-0.04,75,77400,卖盘
1612,10:36:25,10.36,0.04,17,17612,买盘
1613,10:36:19,10.32,-0.03,536,553152,卖盘
1614,10:36:16,10.35,--,71,73485,卖盘
1615,10:36:10,10.35,0.04,1515,1568283,买盘
1616,10:36:04,10.31,0.01,20,20620,卖盘
1617,10:36:00,10.3,-0.02,167,172010,卖盘
1618,10:35:55,10.32,0.01,117,120744,买盘
1619,10:35:49,10.31,--,32,32992,买盘
1620,10:35:45,10.31,--,78,80418,买盘
1621,10:35:40,10.31,-0.01,409,421679,卖盘
1622,10:35:34,10.32,0.01,210,216720,买盘
1623,10:35:30,10.31,-0.01,222,228882,卖盘
1624,10:35:25,10.32,--,91,93912,买盘
1625,10:35:19,10.32,--,2,2064,买盘
1626,10:35:15,10.32,0.01,97,100104,卖盘
1627,10:35:10,10.31,-0.02,1090,1123790,卖盘
1628,10:35:04,10.33,0.01,38,39254,买盘
1629,10:35:00,10.32,-0.01,67,69144,卖盘
1630,10:34:55,10.33,0.02,48,49584,中性盘
1631,10:34:49,10.31,-0.02,1141,1176371,卖盘
1632,10:34:45,10.33,-0.02,111,114663,卖盘
1633,10:34:40,10.35,0.01,15,15525,买盘
1634,10:34:34,10.34,-0.01,11,11374,卖盘
1635,10:34:30,10.35,-0.02,63,65205,卖盘
1636,10:34:25,10.37,0.01,55,57034,买盘
1637,10:34:19,10.36,-0.01,32,33152,卖盘
1638,10:34:15,10.37,--,75,77775,买盘
1639,10:34:10,10.37,--,84,87108,卖盘
1640,10:34:04,10.37,-0.01,10,10370,卖盘
1641,10:34:00,10.38,--,170,176460,卖盘
1642,10:33:55,10.38,-0.02,70,72660,卖盘
1643,10:33:49,10.4,--,92,95680,买盘
1644,10:33:45,10.4,--,26,27040,买盘
1645,10:33:40,10.4,--,68,70720,卖盘
1646,10:33:34,10.4,-0.01,147,152880,卖盘
1647,10:33:28,10.41,--,49,51009,卖盘
1648,10:33:25,10.41,-0.01,1063,1106583,卖盘
1649,10:33:19,10.42,--,45,46890,卖盘
1650,10:33:13,10.42,-0.01,202,210484,卖盘
1651,10:33:10,10.43,-0.01,90,93870,卖盘
1652,10:33:04,10.44,--,31,32364,买盘
1653,10:32:58,10.44,-0.01,16,16704,中性盘
1654,10:32:55,10.45,-0.01,189,197505,卖盘
1655,10:32:49,10.46,0.01,239,249994,买盘
1656,10:32:43,10.45,-0.01,156,163020,中性盘
1657,10:32:40,10.46,--,167,174682,买盘
1658,10:32:34,10.46,0.01,33,34518,中性盘
1659,10:32:28,10.45,-0.02,107,111814,中性盘
1660,10:32:25,10.47,-0.01,505,528735,中性盘
1661,10:32:19,10.48,0.03,265,277720,买盘
1662,10:32:13,10.45,--,13,13584,卖盘
1663,10:32:10,10.45,-0.02,164,171380,卖盘
1664,10:32:04,10.47,0.02,582,609354,买盘
1665,10:31:58,10.45,0.01,25,26125,买盘
1666,10:31:55,10.44,--,61,63684,卖盘
1667,10:31:49,10.44,-0.01,186,194184,卖盘
1668,10:31:43,10.45,0.01,35,36575,买盘
1669,10:31:40,10.44,--,146,152424,买盘
1670,10:31:34,10.44,0.01,204,213508,买盘
1671,10:31:28,10.43,0.01,192,200256,买盘
1672,10:31:25,10.42,-0.01,375,390750,卖盘
1673,10:31:19,10.43,0.01,507,528801,买盘
1674,10:31:13,10.42,--,72,75024,卖盘
1675,10:31:10,10.42,0.01,231,240702,买盘
1676,10:31:04,10.41,--,90,93690,卖盘
1677,10:30:58,10.41,--,25,26025,卖盘
1678,10:30:55,10.41,0.03,326,339366,买盘
1679,10:30:49,10.38,-0.01,897,931086,卖盘
1680,10:30:43,10.39,-0.01,76,78964,买盘
1681,10:30:40,10.4,0.01,999,1038960,买盘
1682,10:30:34,10.39,0.02,549,570411,买盘
1683,10:30:28,10.37,-0.02,107,110958,卖盘
1684,10:30:25,10.39,--,279,289881,买盘
1685,10:30:19,10.39,0.03,335,348065,买盘
1686,10:30:13,10.36,--,240,248640,卖盘
1687,10:30:10,10.36,-0.02,407,421652,卖盘
1688,10:30:04,10.38,0.02,755,783690,买盘
1689,10:29:58,10.36,--,203,210308,买盘
1690,10:29:55,10.36,0.01,335,347060,买盘
1691,10:29:49,10.35,-0.01,187,193545,卖盘
1692,10:29:43,10.36,0.03,52,53872,买盘
1693,10:29:40,10.33,-0.01,85,87805,卖盘
1694,10:29:34,10.34,0.02,148,153032,中性盘
1695,10:29:28,10.32,--,0,0,卖盘
1696,10:29:24,10.32,-0.01,678,699696,卖盘
1697,10:29:19,10.33,0.01,190,196270,买盘
1698,10:29:13,10.32,--,34,35088,买盘
1699,10:29:09,10.32,--,66,68112,买盘
1700,10:29:04,10.32,0.02,179,184728,买盘
1701,10:28:58,10.3,--,45,46350,卖盘
1702,10:28:54,10.3,--,884,910520,买盘
1703,10:28:49,10.3,0.01,1279,1317370,买盘
1704,10:28:43,10.29,--,30,30869,买盘
1705,10:28:39,10.29,--,114,117305,买盘
1706,10:28:34,10.29,0.03,19,19551,买盘
1707,10:28:28,10.26,-0.03,105,107730,卖盘
1708,10:28:24,10.29,0.03,1234,1269786,买盘
1709,10:28:19,10.26,--,374,384360,买盘
1710,10:28:13,10.26,--,87,89262,买盘
1711,10:28:09,10.26,0.01,207,212382,买盘
1712,10:28:04,10.25,--,107,109675,买盘
1713,10:27:58,10.25,0.01,42,43050,买盘
1714,10:27:54,10.24,-0.01,53,54282,卖盘
1715,10:27:49,10.25,--,206,211150,买盘
1716,10:27:43,10.25,--,292,299300,买盘
1717,10:27:39,10.25,0.01,1092,1119300,买盘
1718,10:27:34,10.24,--,243,248832,卖盘
1719,10:27:28,10.24,-0.01,60,61440,卖盘
1720,10:27:24,10.25,0.02,1013,1038325,买盘
1721,10:27:19,10.23,--,71,72633,卖盘
1722,10:27:13,10.23,-0.01,9,10219,卖盘
1723,10:27:09,10.24,--,507,519178,买盘
1724,10:27:04,10.24,0.01,182,186368,买盘
1725,10:26:58,10.23,-0.01,247,252681,卖盘
1726,10:26:54,10.24,0.01,25,25600,买盘
1727,10:26:49,10.23,-0.01,127,129921,卖盘
1728,10:26:43,10.24,--,136,139264,买盘
1729,10:26:39,10.24,0.01,184,188416,买盘
1730,10:26:34,10.23,--,71,72633,卖盘
1731,10:26:28,10.23,--,48,49104,卖盘
1732,10:26:24,10.23,--,1230,1258290,卖盘
1733,10:26:19,10.23,0.01,114,116622,买盘
1734,10:26:13,10.22,-0.01,10,10220,卖盘
1735,10:26:09,10.23,--,75,76725,买盘
1736,10:26:04,10.23,--,152,155496,买盘
1737,10:25:58,10.23,--,111,113553,卖盘
1738,10:25:54,10.23,--,256,261888,买盘
1739,10:25:49,10.23,--,115,117645,买盘
1740,10:25:43,10.23,--,168,171864,买盘
1741,10:25:37,10.23,0.01,30,30690,中性盘
1742,10:25:34,10.22,-0.01,107,109354,卖盘
1743,10:25:28,10.23,0.02,849,868762,买盘
1744,10:25:22,10.21,--,110,112310,卖盘
1745,10:25:13,10.21,--,548,559508,卖盘
1746,10:25:07,10.21,-0.01,54,55134,卖盘
1747,10:25:04,10.22,--,281,287182,买盘
1748,10:24:58,10.22,0.01,43,43946,买盘
1749,10:24:52,10.21,-0.01,272,277712,卖盘
1750,10:24:48,10.22,-0.01,92,94024,卖盘
1751,10:24:43,10.23,0.01,179,183117,买盘
1752,10:24:37,10.22,--,32,32704,买盘
1753,10:24:33,10.22,--,120,122640,买盘
1754,10:24:28,10.22,-0.01,16,16352,中性盘
1755,10:24:22,10.23,0.01,187,191301,买盘
1756,10:24:18,10.22,--,92,94024,卖盘
1757,10:24:13,10.22,--,34,34748,卖盘
1758,10:24:07,10.22,0.01,348,355656,中性盘
1759,10:24:03,10.21,--,326,332846,卖盘
1760,10:23:58,10.21,--,59,60239,卖盘
1761,10:23:52,10.21,--,191,195011,卖盘
1762,10:23:48,10.21,--,90,91890,买盘
1763,10:23:43,10.21,--,179,182759,买盘
1764,10:23:37,10.21,0.01,5,5105,买盘
1765,10:23:33,10.2,0.01,185,188700,中性盘
1766,10:23:28,10.19,--,112,114128,卖盘
1767,10:23:22,10.19,--,106,108014,卖盘
1768,10:23:18,10.19,--,180,184163,买盘
1769,10:23:13,10.19,--,116,118204,买盘
1770,10:23:07,10.19,--,0,0,买盘
1771,10:23:03,10.19,0.01,200,203800,买盘
1772,10:22:58,10.18,--,100,102482,卖盘
1773,10:22:52,10.18,-0.01,73,74314,卖盘
1774,10:22:48,10.19,0.01,166,169154,买盘
1775,10:22:43,10.18,-0.01,2391,2434373,卖盘
1776,10:22:33,10.19,--,137,139603,卖盘
1777,10:22:28,10.19,-0.01,637,649103,卖盘
1778,10:22:22,10.2,0.01,125,127499,买盘
1779,10:22:18,10.19,-0.01,149,151831,卖盘
1780,10:22:13,10.2,0.01,63,64259,买盘
1781,10:22:07,10.19,--,106,108014,卖盘
1782,10:22:03,10.19,-0.01,238,242522,卖盘
1783,10:21:58,10.2,-0.02,63,64259,卖盘
1784,10:21:52,10.22,0.01,425,434350,买盘
1785,10:21:48,10.21,0.01,90,91890,中性盘
1786,10:21:43,10.2,-0.02,357,364140,卖盘
1787,10:21:37,10.22,0.01,109,111398,买盘
1788,10:21:33,10.21,-0.01,187,190927,卖盘
1789,10:21:28,10.22,--,5,5110,买盘
1790,10:21:22,10.22,0.02,99,101178,买盘
1791,10:21:18,10.2,-0.02,301,307020,卖盘
1792,10:21:13,10.22,--,195,199290,卖盘
1793,10:21:07,10.22,--,336,343392,买盘
1794,10:21:03,10.22,--,227,231994,买盘
1795,10:20:58,10.22,-0.01,202,206444,卖盘
1796,10:20:52,10.23,0.01,29,29667,买盘
1797,10:20:48,10.22,--,117,119574,买盘
1798,10:20:43,10.22,--,571,583562,买盘
1799,10:20:37,10.22,--,53,54166,买盘
1800,10:20:33,10.22,--,497,508445,卖盘
1801,10:20:28,10.22,--,182,186515,卖盘
1802,10:20:22,10.22,-0.01,105,107310,卖盘
1803,10:20:18,10.23,0.03,868,887964,买盘
1804,10:20:13,10.2,-0.01,141,143820,卖盘
1805,10:20:07,10.21,0.01,12,12252,中性盘
1806,10:20:03,10.2,--,133,135660,卖盘
1807,10:19:58,10.2,0.01,1870,1907399,买盘
1808,10:19:52,10.19,--,232,236408,买盘
1809,10:19:48,10.19,-0.01,537,547203,卖盘
1810,10:19:43,10.2,--,1684,1717679,买盘
1811,10:19:37,10.2,--,89,90780,买盘
1812,10:19:33,10.2,0.01,387,394740,买盘
1813,10:19:28,10.19,--,583,594077,买盘
1814,10:19:22,10.19,0.01,360,366840,买盘
1815,10:19:18,10.18,--,530,539540,买盘
1816,10:19:13,10.18,--,353,359354,买盘
1817,10:19:07,10.18,0.01,2011,2047198,买盘
1818,10:19:03,10.17,0.02,1424,1448208,买盘
1819,10:18:58,10.15,-0.01,1447,1468705,卖盘
1820,10:18:52,10.16,0.02,934,949553,买盘
1821,10:18:48,10.14,--,589,597246,卖盘
1822,10:18:43,10.14,--,738,748332,卖盘
1823,10:18:37,10.14,-0.01,45,45630,卖盘
1824,10:18:33,10.15,0.01,1396,1416940,买盘
1825,10:18:28,10.14,--,341,345774,卖盘
1826,10:18:22,10.14,--,110,111540,卖盘
1827,10:18:18,10.14,0.01,15,15210,买盘
1828,10:18:13,10.13,-0.02,499,505487,中性盘
1829,10:18:07,10.15,0.02,434,440510,买盘
1830,10:18:03,10.13,-0.01,1008,1021499,卖盘
1831,10:17:58,10.14,--,2252,2283528,买盘
1832,10:17:52,10.14,0.01,23,23322,买盘
1833,10:17:48,10.13,--,123,124599,卖盘
1834,10:17:43,10.13,--,186,188418,卖盘
1835,10:17:37,10.13,--,156,158028,卖盘
1836,10:17:31,10.13,0.01,50,51267,买盘
1837,10:17:28,10.12,-0.01,71,72246,卖盘
1838,10:17:22,10.13,--,85,86722,买盘
1839,10:17:16,10.13,--,400,405200,买盘
1840,10:17:13,10.13,0.01,102,103326,买盘
1841,10:17:07,10.12,--,64,64767,买盘
1842,10:16:58,10.12,-0.01,11,11132,买盘
1843,10:16:52,10.13,0.01,69,69897,买盘
1844,10:16:46,10.12,--,285,288420,买盘
1845,10:16:42,10.12,-0.01,18,18216,买盘
1846,10:16:37,10.13,0.01,53,53689,买盘
1847,10:16:31,10.12,--,11,11132,买盘
1848,10:16:27,10.12,--,72,72985,卖盘
1849,10:16:22,10.12,--,377,381523,卖盘
1850,10:16:16,10.12,-0.01,35,35420,卖盘
1851,10:16:12,10.13,0.01,1010,1023130,买盘
1852,10:16:07,10.12,--,42,43394,卖盘
1853,10:16:01,10.12,-0.01,86,87032,卖盘
1854,10:15:57,10.13,--,25,25325,买盘
1855,10:15:52,10.13,0.01,120,121560,买盘
1856,10:15:46,10.12,-0.01,19,19228,卖盘
1857,10:15:42,10.13,0.01,272,275536,买盘
1858,10:15:37,10.12,-0.01,130,131560,卖盘
1859,10:15:31,10.13,--,70,70910,买盘
1860,10:15:27,10.13,0.01,32,32416,买盘
1861,10:15:22,10.12,--,200,202399,卖盘
1862,10:15:16,10.12,--,9,9108,卖盘
1863,10:15:12,10.12,-0.01,57,57683,买盘
1864,10:15:07,10.13,--,458,463954,买盘
1865,10:15:01,10.13,0.01,72,72936,买盘
1866,10:14:57,10.12,--,18,18216,卖盘
1867,10:14:52,10.12,--,305,308660,卖盘
1868,10:14:46,10.12,--,52,52623,卖盘
1869,10:14:42,10.12,--,65,65780,卖盘
1870,10:14:37,10.12,--,174,176088,卖盘
1871,10:14:31,10.12,--,15,15179,卖盘
1872,10:14:27,10.12,0.01,228,230735,买盘
1873,10:14:22,10.11,-0.01,277,280047,卖盘
1874,10:14:16,10.12,--,8,8095,买盘
1875,10:14:12,10.12,0.01,42,42504,买盘
1876,10:14:07,10.11,-0.01,21,21231,卖盘
1877,10:13:57,10.12,--,1247,1261964,买盘
1878,10:13:52,10.12,--,44,44528,买盘
1879,10:13:46,10.12,--,68,68816,买盘
1880,10:13:42,10.12,--,25,25299,买盘
1881,10:13:37,10.12,--,29,29347,买盘
1882,10:13:27,10.12,--,363,367356,买盘
1883,10:13:22,10.12,0.01,194,196327,买盘
1884,10:13:16,10.11,--,24,24264,买盘
1885,10:13:12,10.11,-0.01,487,492357,中性盘
1886,10:13:07,10.12,--,779,788864,卖盘
1887,10:13:01,10.12,--,572,578864,卖盘
1888,10:12:57,10.12,--,193,195811,卖盘
1889,10:12:52,10.12,0.02,174,176088,买盘
1890,10:12:46,10.1,--,0,0,卖盘
1891,10:12:42,10.1,-0.02,140,141400,卖盘
1892,10:12:37,10.12,0.02,178,180136,中性盘
1893,10:12:31,10.1,-0.02,500,505000,卖盘
1894,10:12:27,10.12,0.01,528,534963,买盘
1895,10:12:22,10.11,--,165,166815,卖盘
1896,10:12:16,10.11,--,70,70770,买盘
1897,10:12:12,10.11,--,98,99078,买盘
1898,10:12:07,10.11,--,133,134463,卖盘
1899,10:12:01,10.11,--,10,10110,卖盘
1900,10:11:52,10.11,0.01,489,494379,买盘
1901,10:11:46,10.1,--,91,91910,卖盘
1902,10:11:42,10.1,-0.01,47,47470,卖盘
1903,10:11:37,10.11,--,1,1011,买盘
1904,10:11:31,10.11,-0.02,65,65715,卖盘
1905,10:11:27,10.13,0.02,383,387979,买盘
1906,10:11:22,10.11,-0.01,261,263871,卖盘
1907,10:11:16,10.12,--,5,5060,卖盘
1908,10:11:12,10.12,--,633,640596,卖盘
1909,10:11:07,10.12,0.01,131,133078,买盘
1910,10:11:01,10.11,-0.01,12,12132,卖盘
1911,10:10:57,10.12,--,385,389619,买盘
1912,10:10:52,10.12,--,159,160908,买盘
1913,10:10:46,10.12,0.01,202,204423,买盘
1914,10:10:42,10.11,--,18,18198,买盘
1915,10:10:37,10.11,--,100,101100,卖盘
1916,10:10:31,10.11,-0.01,24,24264,卖盘
1917,10:10:27,10.12,--,98,99175,买盘
1918,10:10:21,10.12,0.01,214,216567,买盘
1919,10:10:16,10.11,--,803,811833,卖盘
1920,10:10:12,10.11,--,161,162771,卖盘
1921,10:10:07,10.11,--,117,118287,卖盘
1922,10:10:01,10.11,0.01,595,601545,买盘
1923,10:09:57,10.1,0.01,156,158065,买盘
1924,10:09:52,10.09,-0.02,88,89296,卖盘
1925,10:09:46,10.11,0.01,233,235563,买盘
1926,10:09:40,10.1,0.01,11,11110,中性盘
1927,10:09:37,10.09,-0.01,170,171530,卖盘
1928,10:09:31,10.1,--,125,126250,买盘
1929,10:09:25,10.1,--,40,40400,买盘
1930,10:09:21,10.1,--,450,454500,买盘
1931,10:09:16,10.1,--,63,63630,买盘
1932,10:09:06,10.1,0.01,84,84840,买盘
1933,10:09:01,10.09,--,164,165980,买盘
1934,10:08:55,10.09,--,389,392501,卖盘
1935,10:08:52,10.09,--,181,182629,买盘
1936,10:08:46,10.09,--,283,285547,买盘
1937,10:08:40,10.09,--,90,90810,买盘
1938,10:08:36,10.09,--,30,30270,卖盘
1939,10:08:31,10.09,--,130,131170,卖盘
1940,10:08:25,10.09,--,5,5045,卖盘
1941,10:08:21,10.09,-0.01,35,35315,卖盘
1942,10:08:16,10.1,0.01,8,8080,买盘
1943,10:08:10,10.09,--,30,30270,卖盘
1944,10:08:06,10.09,-0.01,40,40360,卖盘
1945,10:08:01,10.1,0.01,140,141400,中性盘
1946,10:07:55,10.09,-0.01,17,17153,卖盘
1947,10:07:51,10.1,-0.01,257,259570,卖盘
1948,10:07:46,10.11,0.01,757,765327,买盘
1949,10:07:40,10.1,--,116,117160,买盘
1950,10:07:36,10.1,--,231,233310,卖盘
1951,10:07:31,10.1,--,135,136350,卖盘
1952,10:07:25,10.1,--,20,20200,卖盘
1953,10:07:21,10.1,--,87,87870,卖盘
1954,10:07:16,10.1,-0.01,35,35350,卖盘
1955,10:07:10,10.11,0.01,161,162771,买盘
1956,10:07:06,10.1,--,245,247450,卖盘
1957,10:07:01,10.1,--,26,26260,卖盘
1958,10:06:55,10.1,--,30,30300,卖盘
1959,10:06:51,10.1,-0.01,55,55550,卖盘
1960,10:06:46,10.11,--,151,152661,买盘
1961,10:06:40,10.11,--,39,39429,买盘
1962,10:06:36,10.11,-0.01,48,48528,中性盘
1963,10:06:31,10.12,0.01,74,75394,买盘
1964,10:06:25,10.11,--,5,5055,卖盘
1965,10:06:21,10.11,--,219,221914,卖盘
1966,10:06:16,10.11,--,74,74814,卖盘
1967,10:06:10,10.11,--,271,273981,卖盘
1968,10:06:06,10.11,--,110,111210,卖盘
1969,10:06:01,10.11,--,283,286113,卖盘
1970,10:05:55,10.11,--,20,20220,卖盘
1971,10:05:51,10.11,--,213,215343,卖盘
1972,10:05:46,10.11,0.01,155,156705,买盘
1973,10:05:40,10.1,--,300,303000,卖盘
1974,10:05:36,10.1,-0.01,81,81810,卖盘
1975,10:05:31,10.11,-0.02,120,121320,中性盘
1976,10:05:25,10.13,0.02,140,141820,买盘
1977,10:05:21,10.11,0.01,259,261848,买盘
1978,10:05:16,10.1,-0.01,216,218160,卖盘
1979,10:05:10,10.11,--,9,9099,卖盘
1980,10:05:06,10.11,0.01,309,312399,买盘
1981,10:05:01,10.1,-0.01,285,288355,卖盘
1982,10:04:55,10.11,-0.02,50,50550,卖盘
1983,10:04:51,10.13,0.02,401,406213,买盘
1984,10:04:46,10.11,--,298,301278,卖盘
1985,10:04:40,10.11,-0.01,163,164793,卖盘
1986,10:04:36,10.12,0.01,269,272734,买盘
1987,10:04:30,10.11,--,63,63693,卖盘
1988,10:04:25,10.11,--,38,38418,卖盘
1989,10:04:21,10.11,--,30,30330,卖盘
1990,10:04:15,10.11,--,381,385191,卖盘
1991,10:04:10,10.11,0.01,22,22242,买盘
1992,10:04:06,10.1,--,95,95950,卖盘
1993,10:04:01,10.1,-0.01,55,55550,卖盘
1994,10:03:55,10.11,0.01,58,58638,买盘
1995,10:03:51,10.1,--,98,98980,卖盘
1996,10:03:45,10.1,--,402,406020,卖盘
1997,10:03:40,10.1,--,93,93930,卖盘
1998,10:03:36,10.1,-0.01,229,231290,卖盘
1999,10:03:31,10.11,--,19,19209,买盘
2000,10:03:25,10.11,-0.01,61,62176,卖盘
2001,10:03:21,10.12,0.01,269,272228,买盘
2002,10:03:15,10.11,-0.01,46,46506,卖盘
2003,10:03:10,10.12,--,53,53635,买盘
2004,10:03:06,10.12,--,75,75900,买盘
2005,10:03:00,10.12,--,11,11132,买盘
2006,10:02:55,10.12,-0.01,24,24287,卖盘
2007,10:02:51,10.13,0.01,364,368732,买盘
2008,10:02:45,10.12,-0.01,202,204423,卖盘
2009,10:02:36,10.13,-0.01,79,80027,卖盘
2010,10:02:30,10.14,0.01,36,36504,买盘
2011,10:02:25,10.13,-0.02,28,28364,卖盘
2012,10:02:15,10.15,0.01,209,212135,买盘
2013,10:02:10,10.14,-0.01,225,228150,卖盘
2014,10:02:04,10.15,--,118,119770,买盘
2015,10:02:00,10.15,--,178,180670,买盘
2016,10:01:55,10.15,0.01,85,86275,买盘
2017,10:01:49,10.14,-0.01,490,496860,卖盘
2018,10:01:45,10.15,--,292,296380,买盘
2019,10:01:40,10.15,0.01,98,99470,买盘
2020,10:01:34,10.14,--,19,19266,卖盘
2021,10:01:30,10.14,-0.01,127,128778,卖盘
2022,10:01:24,10.15,0.01,370,375550,买盘
2023,10:01:19,10.14,-0.01,31,31434,卖盘
2024,10:01:15,10.15,--,139,141085,买盘
2025,10:01:10,10.15,0.01,94,95410,买盘
2026,10:01:04,10.14,--,20,20280,卖盘
2027,10:01:00,10.14,--,125,126750,卖盘
2028,10:00:55,10.14,-0.01,31,31434,卖盘
2029,10:00:49,10.15,0.01,509,516635,买盘
2030,10:00:45,10.14,--,78,79092,买盘
2031,10:00:40,10.14,--,16,16325,卖盘
2032,10:00:34,10.14,-0.01,111,112554,卖盘
2033,10:00:30,10.15,0.01,198,200970,买盘
2034,10:00:25,10.14,--,128,130704,买盘
2035,10:00:19,10.14,0.01,45,45630,买盘
2036,10:00:15,10.13,--,44,44572,卖盘
2037,10:00:10,10.13,-0.01,349,353537,卖盘
2038,10:00:04,10.14,--,9,9126,买盘
2039,10:00:00,10.14,0.01,26,26364,买盘
2040,09:59:55,10.13,--,128,129664,买盘
2041,09:59:49,10.13,0.01,524,530812,买盘
2042,09:59:45,10.12,--,92,93104,买盘
2043,09:59:40,10.12,--,104,105247,买盘
2044,09:59:34,10.12,-0.01,50,50599,卖盘
2045,09:59:30,10.13,0.01,93,94209,买盘
2046,09:59:25,10.12,-0.01,47,47563,卖盘
2047,09:59:15,10.13,0.01,66,66858,买盘
2048,09:59:10,10.12,--,105,106765,买盘
2049,09:59:04,10.12,-0.02,31,31371,卖盘
2050,09:59:00,10.14,0.02,141,142974,买盘
2051,09:58:55,10.12,-0.01,246,248951,卖盘
2052,09:58:49,10.13,--,388,393044,买盘
2053,09:58:45,10.13,--,318,322134,买盘
2054,09:58:40,10.13,--,41,41533,买盘
2055,09:58:30,10.13,-0.01,98,99274,卖盘
2056,09:58:25,10.14,--,441,447174,买盘
2057,09:58:19,10.14,0.01,2,2028,买盘
2058,09:58:15,10.13,--,75,75975,卖盘
2059,09:58:09,10.13,-0.01,1163,1178119,卖盘
2060,09:58:04,10.14,--,21,21294,卖盘
2061,09:58:00,10.14,0.01,127,128778,买盘
2062,09:57:54,10.13,--,133,134729,卖盘
2063,09:57:49,10.13,-0.02,23,23299,卖盘
2064,09:57:45,10.15,0.01,30,30450,买盘
2065,09:57:39,10.14,--,332,336648,中性盘
2066,09:57:34,10.14,--,20,20280,卖盘
2067,09:57:30,10.14,-0.01,670,679380,卖盘
2068,09:57:24,10.15,0.01,222,225330,买盘
2069,09:57:19,10.14,-0.01,30,30420,买盘
2070,09:57:15,10.15,0.01,594,602910,买盘
2071,09:57:09,10.14,--,359,364026,买盘
2072,09:57:04,10.14,--,86,87204,买盘
2073,09:57:00,10.14,--,372,377208,买盘
2074,09:56:54,10.14,0.01,36,36504,买盘
2075,09:56:49,10.13,--,31,31403,买盘
2076,09:56:45,10.13,0.01,34,34442,买盘
2077,09:56:39,10.12,--,267,270204,买盘
2078,09:56:34,10.12,--,93,94116,买盘
2079,09:56:30,10.12,--,161,162932,买盘
2080,09:56:24,10.12,0.01,125,126499,买盘
2081,09:56:19,10.11,--,238,240618,买盘
2082,09:56:14,10.11,0.01,138,139518,买盘
2083,09:56:09,10.1,--,145,146450,卖盘
2084,09:56:04,10.1,--,2874,2902740,买盘
2085,09:55:59,10.1,--,370,373700,买盘
2086,09:55:54,10.1,--,796,803960,买盘
2087,09:55:49,10.1,--,2,2020,买盘
2088,09:55:45,10.1,--,102,103020,买盘
2089,09:55:39,10.1,0.01,91,91910,买盘
2090,09:55:34,10.09,--,271,273439,卖盘
2091,09:55:29,10.09,-0.01,268,270412,卖盘
2092,09:55:24,10.1,0.01,34,34340,买盘
2093,09:55:19,10.09,-0.01,105,105945,卖盘
2094,09:55:14,10.1,0.01,260,263206,买盘
2095,09:55:09,10.09,--,50,50450,买盘
2096,09:55:04,10.09,0.02,3008,3035072,买盘
2097,09:54:59,10.07,--,171,172197,卖盘
2098,09:54:54,10.07,-0.01,111,111777,卖盘
2099,09:54:49,10.08,--,12,12096,买盘
2100,09:54:44,10.08,--,71,71568,买盘
2101,09:54:39,10.08,--,41,41328,买盘
2102,09:54:34,10.08,--,42,42336,买盘
2103,09:54:28,10.08,--,137,138096,买盘
2104,09:54:24,10.08,--,78,78624,买盘
2105,09:54:19,10.08,--,831,837648,买盘
2106,09:54:13,10.08,--,20,20160,买盘
2107,09:54:09,10.08,--,47,47376,买盘
2108,09:54:04,10.08,--,91,91728,买盘
2109,09:53:58,10.08,0.01,84,84672,买盘
2110,09:53:54,10.07,-0.01,33,33231,卖盘
2111,09:53:49,10.08,--,167,168336,买盘
2112,09:53:43,10.08,0.01,40,40320,买盘
2113,09:53:39,10.07,--,41,41287,卖盘
2114,09:53:34,10.07,--,1211,1219477,卖盘
2115,09:53:28,10.07,0.01,30,30210,卖盘
2116,09:53:24,10.06,-0.01,122,122732,卖盘
2117,09:53:19,10.07,0.01,151,152057,卖盘
2118,09:53:13,10.06,-0.01,2034,2046204,卖盘
2119,09:53:09,10.07,--,19,19133,买盘
2120,09:53:04,10.07,0.01,93,93651,买盘
2121,09:52:57,10.06,--,10,10060,卖盘
2122,09:52:54,10.06,--,139,139834,买盘
2123,09:52:49,10.06,--,75,75450,卖盘
2124,09:52:43,10.06,0.01,170,171020,买盘
2125,09:52:39,10.05,--,236,237180,卖盘
2126,09:52:34,10.05,-0.01,145,145725,卖盘
2127,09:52:28,10.06,0.01,75,75450,买盘
2128,09:52:24,10.05,--,327,328635,卖盘
2129,09:52:19,10.05,--,120,120600,卖盘
2130,09:52:13,10.05,--,34,34170,卖盘
2131,09:52:09,10.05,--,342,343710,卖盘
2132,09:52:04,10.05,--,56,56280,卖盘
2133,09:51:58,10.05,-0.01,10,10050,卖盘
2134,09:51:54,10.06,--,196,197176,买盘
2135,09:51:49,10.06,--,304,305824,买盘
2136,09:51:39,10.06,--,80,80480,买盘
2137,09:51:34,10.06,--,105,106133,卖盘
2138,09:51:28,10.06,--,110,110660,卖盘
2139,09:51:24,10.06,--,95,95570,卖盘
2140,09:51:18,10.06,0.01,812,817596,买盘
2141,09:51:13,10.05,-0.01,101,101505,卖盘
2142,09:51:09,10.06,0.01,65,65390,买盘
2143,09:51:03,10.05,--,88,88440,卖盘
2144,09:50:58,10.05,--,20,20100,卖盘
2145,09:50:54,10.05,--,234,235170,卖盘
2146,09:50:48,10.05,--,75,75375,卖盘
2147,09:50:39,10.05,--,172,173854,买盘
2148,09:50:28,10.05,--,2,2010,买盘
2149,09:50:24,10.05,--,175,175885,卖盘
2150,09:50:18,10.05,-0.01,92,92460,卖盘
2151,09:50:13,10.06,--,441,443646,买盘
2152,09:50:09,10.06,0.01,1,1006,买盘
2153,09:50:03,10.05,-0.02,148,148740,卖盘
2154,09:49:58,10.07,--,31,31217,买盘
2155,09:49:54,10.07,0.01,180,181260,买盘
2156,09:49:48,10.06,--,89,89534,卖盘
2157,09:49:43,10.06,--,30,30180,买盘
2158,09:49:39,10.06,0.01,304,305824,买盘
2159,09:49:33,10.05,-0.01,38,38190,卖盘
2160,09:49:28,10.06,0.01,50,50300,买盘
2161,09:49:24,10.05,--,105,105525,卖盘
2162,09:49:18,10.05,-0.02,23,23115,卖盘
2163,09:49:13,10.07,0.01,128,128896,买盘
2164,09:49:09,10.06,--,8,8048,买盘
2165,09:49:03,10.06,--,35,35210,卖盘
2166,09:48:58,10.06,--,184,185104,买盘
2167,09:48:54,10.06,-0.01,154,154924,卖盘
2168,09:48:48,10.07,0.01,106,106742,卖盘
2169,09:48:43,10.06,--,97,97582,卖盘
2170,09:48:38,10.06,--,1401,1409406,卖盘
2171,09:48:33,10.06,--,45,45270,卖盘
2172,09:48:28,10.06,--,82,82492,卖盘
2173,09:48:23,10.06,--,51,51306,卖盘
2174,09:48:18,10.06,0.01,2206,2219236,买盘
2175,09:48:13,10.05,-0.01,47,47235,卖盘
2176,09:48:08,10.06,0.01,72,72432,买盘
2177,09:48:03,10.05,--,96,96480,卖盘
2178,09:47:58,10.05,--,99,100489,买盘
2179,09:47:53,10.05,0.02,162,162810,买盘
2180,09:47:48,10.03,-0.02,429,430287,卖盘
2181,09:47:43,10.05,-0.01,37,37195,卖盘
2182,09:47:38,10.06,--,639,642834,买盘
2183,09:47:33,10.06,--,153,153918,买盘
2184,09:47:28,10.06,0.03,466,469791,买盘
2185,09:47:23,10.03,-0.02,444,445332,卖盘
2186,09:47:18,10.05,0.02,612,615060,买盘
2187,09:47:13,10.03,-0.02,15,15044,卖盘
2188,09:47:08,10.05,0.01,149,149745,买盘
2189,09:47:03,10.04,-0.01,533,535132,卖盘
2190,09:46:58,10.05,0.01,34,34170,买盘
2191,09:46:53,10.04,-0.01,113,113451,卖盘
2192,09:46:48,10.05,0.01,220,221100,买盘
2193,09:46:43,10.04,--,65,65259,卖盘
2194,09:46:37,10.04,--,414,415655,买盘
2195,09:46:33,10.04,--,65,65259,买盘
2196,09:46:28,10.04,0.01,128,128511,买盘
2197,09:46:22,10.03,-0.01,16,16047,卖盘
2198,09:46:18,10.04,0.01,112,112447,买盘
2199,09:46:13,10.03,--,58,58173,卖盘
2200,09:46:07,10.03,--,2,2005,卖盘
2201,09:46:03,10.03,0.02,192,192576,买盘
2202,09:45:58,10.01,--,104,104104,买盘
2203,09:45:52,10.01,--,302,302302,卖盘
2204,09:45:48,10.01,--,22,22022,卖盘
2205,09:45:43,10.01,0.01,64,64064,中性盘
2206,09:45:37,10.0,-0.01,40,40000,卖盘
2207,09:45:33,10.01,0.01,117,117117,买盘
2208,09:45:28,10.0,--,197,197000,买盘
2209,09:45:22,10.0,--,53,53000,买盘
2210,09:45:18,10.0,--,104,104000,买盘
2211,09:45:13,10.0,--,1288,1288000,卖盘
2212,09:45:07,10.0,--,78,78000,卖盘
2213,09:45:03,10.0,--,123,123000,卖盘
2214,09:44:58,10.0,--,206,206000,卖盘
2215,09:44:52,10.0,-0.01,303,303000,卖盘
2216,09:44:48,10.01,0.01,117,117117,中性盘
2217,09:44:43,10.0,-0.01,174,174000,卖盘
2218,09:44:37,10.01,0.01,393,393393,买盘
2219,09:44:33,10.0,-0.01,155,155000,卖盘
2220,09:44:28,10.01,--,42,42042,买盘
2221,09:44:22,10.01,--,6,6006,买盘
2222,09:44:18,10.01,--,134,134134,卖盘
2223,09:44:12,10.01,--,186,186186,卖盘
2224,09:44:07,10.01,-0.01,34,34034,卖盘
2225,09:44:03,10.02,--,29,29058,买盘
2226,09:43:57,10.02,--,24,24048,买盘
2227,09:43:52,10.02,-0.01,437,438655,卖盘
2228,09:43:48,10.03,--,397,398191,卖盘
2229,09:43:42,10.03,--,139,139417,买盘
2230,09:43:37,10.03,--,12,12036,买盘
2231,09:43:33,10.03,--,126,126377,卖盘
2232,09:43:27,10.03,-0.01,48,48144,卖盘
2233,09:43:22,10.04,0.01,24,24095,买盘
2234,09:43:18,10.03,-0.01,152,152456,卖盘
2235,09:43:12,10.04,--,281,282124,卖盘
2236,09:43:07,10.04,--,71,71284,卖盘
2237,09:43:03,10.04,0.01,332,333328,买盘
2238,09:42:57,10.03,-0.01,117,117350,卖盘
2239,09:42:48,10.04,0.01,38,38152,买盘
2240,09:42:42,10.03,-0.01,212,212636,卖盘
2241,09:42:37,10.04,--,11,11043,买盘
2242,09:42:33,10.04,--,133,133532,卖盘
2243,09:42:27,10.04,--,354,355415,卖盘
2244,09:42:22,10.04,--,75,75300,卖盘
2245,09:42:17,10.04,--,79,79316,卖盘
2246,09:42:12,10.04,-0.01,125,125499,买盘
2247,09:42:07,10.05,0.02,208,209040,买盘
2248,09:42:02,10.03,--,215,215645,卖盘
2249,09:41:57,10.03,-0.01,131,131393,卖盘
2250,09:41:52,10.04,--,44,44175,买盘
2251,09:41:48,10.04,--,56,56223,买盘
2252,09:41:42,10.04,--,172,172687,卖盘
2253,09:41:37,10.04,--,279,280116,卖盘
2254,09:41:32,10.04,0.02,133,133532,买盘
2255,09:41:27,10.02,-0.01,102,102204,卖盘
2256,09:41:22,10.03,0.01,17,17051,卖盘
2257,09:41:17,10.02,-0.02,280,280560,卖盘
2258,09:41:12,10.04,0.02,426,427924,买盘
2259,09:41:07,10.02,-0.01,13,13026,卖盘
2260,09:41:02,10.03,0.01,115,115344,买盘
2261,09:40:57,10.02,--,113,113226,买盘
2262,09:40:47,10.02,--,268,268536,卖盘
2263,09:40:42,10.02,--,71,71142,卖盘
2264,09:40:37,10.02,-0.01,105,105210,卖盘
2265,09:40:32,10.03,--,50,50150,买盘
2266,09:40:27,10.03,--,132,132396,买盘
2267,09:40:22,10.03,--,10,10030,买盘
2268,09:40:17,10.03,--,22,22066,买盘
2269,09:40:12,10.03,--,49,49147,卖盘
2270,09:40:07,10.03,--,97,97291,买盘
2271,09:40:02,10.03,-0.01,561,562683,卖盘
2272,09:39:57,10.04,0.01,250,250999,买盘
2273,09:39:52,10.03,--,32,32095,卖盘
2274,09:39:47,10.03,-0.01,267,267801,卖盘
2275,09:39:42,10.04,0.01,243,243971,买盘
2276,09:39:37,10.03,-0.01,50,50150,卖盘
2277,09:39:32,10.04,--,36,36144,买盘
2278,09:39:27,10.04,--,150,150600,买盘
2279,09:39:22,10.04,-0.01,42,42168,卖盘
2280,09:39:17,10.05,--,224,225120,买盘
2281,09:39:12,10.05,0.02,160,160800,买盘
2282,09:39:07,10.03,--,30,30089,卖盘
2283,09:39:02,10.03,-0.02,103,103309,卖盘
2284,09:38:57,10.05,0.02,856,860280,买盘
2285,09:38:52,10.03,-0.01,252,252755,卖盘
2286,09:38:46,10.04,-0.02,176,176703,卖盘
2287,09:38:42,10.06,0.01,700,704200,买盘
2288,09:38:37,10.05,--,479,481395,卖盘
2289,09:38:31,10.05,-0.01,174,174870,卖盘
2290,09:38:27,10.06,0.01,282,283692,买盘
2291,09:38:22,10.05,-0.01,46,46230,卖盘
2292,09:38:16,10.06,--,6,6036,买盘
2293,09:38:12,10.06,--,161,161966,买盘
2294,09:38:07,10.06,--,54,55058,卖盘
2295,09:38:01,10.06,--,25,25150,卖盘
2296,09:37:57,10.06,--,30,30180,卖盘
2297,09:37:52,10.06,--,106,106636,卖盘
2298,09:37:46,10.06,-0.01,379,381274,卖盘
2299,09:37:42,10.07,--,144,145008,卖盘
2300,09:37:37,10.07,0.01,488,491416,中性盘
2301,09:37:31,10.06,-0.01,419,421514,卖盘
2302,09:37:27,10.07,--,783,788481,卖盘
2303,09:37:21,10.07,--,1249,1258014,买盘
2304,09:37:16,10.07,--,75,75525,买盘
2305,09:37:12,10.07,--,131,131917,买盘
2306,09:37:06,10.07,--,4,4763,卖盘
2307,09:37:01,10.07,--,198,199386,卖盘
2308,09:36:57,10.07,--,393,395751,卖盘
2309,09:36:51,10.07,--,214,215498,卖盘
2310,09:36:46,10.07,--,83,83581,卖盘
2311,09:36:42,10.07,-0.01,472,475304,卖盘
2312,09:36:36,10.08,0.01,1017,1025136,买盘
2313,09:36:31,10.07,-0.01,209,210463,卖盘
2314,09:36:27,10.08,--,253,255024,买盘
2315,09:36:21,10.08,0.01,324,326592,买盘
2316,09:36:16,10.07,-0.01,65,65455,卖盘
2317,09:36:12,10.08,--,162,163296,买盘
2318,09:36:06,10.08,--,806,812861,卖盘
2319,09:36:01,10.08,--,154,155232,卖盘
2320,09:35:57,10.08,--,565,569520,卖盘
2321,09:35:51,10.08,0.01,1809,1824338,买盘
2322,09:35:46,10.07,--,225,226575,卖盘
2323,09:35:42,10.07,--,716,721012,买盘
2324,09:35:36,10.07,--,201,202407,买盘
2325,09:35:31,10.07,--,210,211470,买盘
2326,09:35:27,10.07,-0.01,127,127889,卖盘
2327,09:35:21,10.08,0.01,96,96768,买盘
2328,09:35:16,10.07,-0.01,330,332310,卖盘
2329,09:35:12,10.08,--,202,203616,卖盘
2330,09:35:06,10.08,0.02,1233,1242864,买盘
2331,09:35:01,10.06,-0.02,166,166996,卖盘
2332,09:34:57,10.08,--,442,445536,买盘
2333,09:34:51,10.08,0.01,793,800110,买盘
2334,09:34:46,10.07,--,148,149036,卖盘
2335,09:34:41,10.07,0.02,454,457419,买盘
2336,09:34:36,10.05,--,211,212055,卖盘
2337,09:34:31,10.05,-0.02,82,82410,卖盘
2338,09:34:26,10.07,--,94,94658,买盘
2339,09:34:21,10.07,0.02,164,165148,买盘
2340,09:34:16,10.05,--,125,125625,买盘
2341,09:34:11,10.05,--,120,120600,卖盘
2342,09:34:06,10.05,--,163,163815,卖盘
2343,09:34:01,10.05,0.01,6,6030,中性盘
2344,09:33:56,10.04,0.01,708,710831,买盘
2345,09:33:51,10.03,--,178,178534,卖盘
2346,09:33:46,10.03,-0.01,187,187561,卖盘
2347,09:33:41,10.04,0.01,109,109435,买盘
2348,09:33:36,10.03,--,127,127380,卖盘
2349,09:33:31,10.03,--,122,122365,卖盘
2350,09:33:26,10.03,--,380,381140,买盘
2351,09:33:21,10.03,--,537,538611,买盘
2352,09:33:16,10.03,--,37,37111,买盘
2353,09:33:11,10.03,-0.02,263,263789,中性盘
2354,09:33:06,10.05,0.02,190,190950,买盘
2355,09:33:01,10.03,--,29,29086,卖盘
2356,09:32:56,10.03,-0.02,120,120359,卖盘
2357,09:32:51,10.05,--,173,173865,买盘
2358,09:32:46,10.05,0.02,29,29145,买盘
2359,09:32:41,10.03,-0.07,304,304912,卖盘
2360,09:32:36,10.1,0.04,1216,1228917,买盘
2361,09:32:31,10.06,--,233,234398,买盘
2362,09:32:26,10.06,0.01,149,149894,中性盘
2363,09:32:21,10.05,-0.01,635,638175,卖盘
2364,09:32:16,10.06,--,423,425538,卖盘
2365,09:32:11,10.06,-0.01,99,99594,中性盘
2366,09:32:06,10.07,0.01,103,103721,买盘
2367,09:32:01,10.06,-0.02,152,152912,卖盘
2368,09:31:56,10.08,0.01,183,184464,买盘
2369,09:31:51,10.07,-0.03,94,94658,卖盘
2370,09:31:46,10.1,0.02,1601,1617010,买盘
2371,09:31:41,10.08,--,197,198576,买盘
2372,09:31:36,10.08,-0.01,504,508032,卖盘
2373,09:31:31,10.09,--,904,912136,买盘
2374,09:31:26,10.09,--,158,159422,买盘
2375,09:31:21,10.09,0.01,262,264358,中性盘
2376,09:31:16,10.08,-0.01,247,248976,卖盘
2377,09:31:11,10.09,-0.01,196,197764,中性盘
2378,09:31:06,10.1,0.02,73,73730,买盘
2379,09:31:01,10.08,--,615,619920,卖盘
2380,09:30:55,10.08,--,123,123984,卖盘
2381,09:30:51,10.08,-0.02,647,652176,卖盘
2382,09:30:46,10.1,0.05,383,386830,买盘
2383,09:30:40,10.05,-0.03,10,10050,卖盘
2384,09:30:36,10.08,0.06,134,135072,买盘
2385,09:30:30,10.02,-0.07,15,15030,卖盘
2386,09:30:25,10.09,0.08,50,50450,买盘
2387,09:30:21,10.01,0.01,317,317317,卖盘
2388,09:30:15,10.0,--,654,654000,卖盘
2389,09:30:10,10.0,-0.01,309,309000,卖盘
2390,09:30:06,10.01,0.02,3949,3952949,买盘
2391,09:28:55,9.99,--,0,0,买盘
2392,09:25:03,9.99,9.99,1637,1635363,买盘
