,time,price,change,volume,amount,type
0,15:00:00,11.22,--,0,0,买盘
1,15:00:00,11.22,--,0,0,买盘
2,15:00:00,11.22,--,30,33660,买盘
3,14:59:55,11.22,--,10,11220,买盘
4,14:59:50,11.22,--,343,384846,卖盘
5,14:59:45,11.22,--,164,184008,卖盘
6,14:59:40,11.22,--,180,201960,卖盘
7,14:59:35,11.22,--,922,1034484,买盘
8,14:59:30,11.22,0.01,106,118932,买盘
9,14:59:20,11.21,-0.02,47,52687,卖盘
10,14:59:15,11.23,0.01,106,119038,买盘
11,14:59:10,11.22,--,106,118932,卖盘
12,14:59:05,11.22,-0.01,381,427482,卖盘
13,14:59:00,11.23,0.01,361,405403,买盘
14,14:58:55,11.22,-0.01,3000,3366000,卖盘
15,14:58:50,11.23,0.01,450,505350,买盘
16,14:58:45,11.22,--,921,1033362,卖盘
17,14:58:35,11.22,--,72,80784,卖盘
18,14:58:30,11.22,--,22,24684,卖盘
19,14:58:25,11.22,--,35,39270,卖盘
20,14:58:20,11.22,--,37,41514,卖盘
21,14:58:15,11.22,--,72,80784,卖盘
22,14:58:10,11.22,--,19,21318,卖盘
23,14:58:04,11.22,--,16,17952,卖盘
24,14:58:00,11.22,-0.01,14,15708,卖盘
25,14:57:55,11.23,--,60,67380,买盘
26,14:57:49,11.23,--,21,23583,买盘
27,14:57:45,11.23,--,43,48289,买盘
28,14:57:40,11.23,--,63,71591,卖盘
29,14:57:34,11.23,--,3,3369,卖盘
30,14:57:30,11.23,--,263,295629,买盘
31,14:57:25,11.23,--,45,50535,买盘
32,14:57:19,11.23,0.01,10,11230,买盘
33,14:57:15,11.22,-0.02,378,424957,卖盘
34,14:57:10,11.24,0.01,18,20232,买盘
35,14:57:04,11.23,--,215,241445,卖盘
36,14:57:00,11.23,--,13,14599,卖盘
37,14:56:55,11.23,--,135,151605,卖盘
38,14:56:45,11.23,--,205,230495,买盘
39,14:56:40,11.23,0.01,128,143744,买盘
40,14:56:34,11.22,--,412,462264,卖盘
41,14:56:30,11.22,-0.01,3,3366,卖盘
42,14:56:25,11.23,0.01,1138,1277974,买盘
43,14:56:19,11.22,-0.01,5,5610,卖盘
44,14:56:15,11.23,--,42,47166,买盘
45,14:56:10,11.23,--,73,81979,买盘
46,14:56:04,11.23,0.01,5,5615,买盘
47,14:56:00,11.22,-0.01,27,30294,卖盘
48,14:55:54,11.23,--,107,120161,买盘
49,14:55:49,11.23,--,1,1123,买盘
50,14:55:45,11.23,0.01,3,3369,买盘
51,14:55:34,11.22,-0.01,606,680773,卖盘
52,14:55:30,11.23,--,442,496366,卖盘
53,14:55:24,11.23,--,110,123530,卖盘
54,14:55:19,11.23,--,162,181926,卖盘
55,14:55:15,11.23,--,223,250709,买盘
56,14:55:09,11.23,--,164,184172,买盘
57,14:55:04,11.23,--,10,11230,买盘
58,14:55:00,11.23,--,87,97701,买盘
59,14:54:54,11.23,0.01,26,29198,买盘
60,14:54:49,11.22,--,30,33660,卖盘
61,14:54:45,11.22,--,61,68442,卖盘
62,14:54:39,11.22,--,676,758472,买盘
63,14:54:34,11.22,--,13,14586,买盘
64,14:54:30,11.22,0.01,4,4488,买盘
65,14:54:24,11.21,-0.01,255,285855,卖盘
66,14:54:15,11.22,--,8,8976,买盘
67,14:54:09,11.22,0.01,241,270402,买盘
68,14:54:04,11.21,-0.01,119,133399,卖盘
69,14:54:00,11.22,0.01,260,291720,买盘
70,14:53:54,11.21,--,28,31388,卖盘
71,14:53:49,11.21,-0.01,758,849718,卖盘
72,14:53:45,11.22,--,13,14586,买盘
73,14:53:39,11.22,0.01,45,50490,买盘
74,14:53:34,11.21,--,15,16815,卖盘
75,14:53:30,11.21,--,22,24662,卖盘
76,14:53:24,11.21,--,159,178239,卖盘
77,14:53:19,11.21,-0.01,70,78470,卖盘
78,14:53:15,11.22,0.01,259,290598,买盘
79,14:53:09,11.21,--,50,56050,卖盘
80,14:53:04,11.21,--,30,33630,卖盘
81,14:53:00,11.21,--,57,63897,卖盘
82,14:52:54,11.21,--,154,172634,买盘
83,14:52:49,11.21,--,149,167029,卖盘
84,14:52:44,11.21,--,73,81833,卖盘
85,14:52:39,11.21,--,58,65018,卖盘
86,14:52:34,11.21,--,203,227563,买盘
87,14:52:29,11.21,0.01,97,108737,买盘
88,14:52:24,11.2,-0.01,378,423360,卖盘
89,14:52:19,11.21,0.01,228,255588,买盘
90,14:52:14,11.2,--,184,206080,卖盘
91,14:52:09,11.2,-0.01,22,24640,卖盘
92,14:52:04,11.21,0.01,213,238773,买盘
93,14:51:59,11.2,-0.01,168,188160,中性盘
94,14:51:54,11.21,0.01,239,267919,买盘
95,14:51:49,11.2,-0.01,134,150080,卖盘
96,14:51:39,11.21,0.01,92,103132,买盘
97,14:51:34,11.2,--,18,20160,卖盘
98,14:51:29,11.2,-0.01,4156,4654921,卖盘
99,14:51:24,11.21,-0.01,57,63897,卖盘
100,14:51:19,11.22,--,149,167178,买盘
101,14:51:14,11.22,--,452,507144,卖盘
102,14:51:09,11.22,--,160,179520,卖盘
103,14:51:04,11.22,--,14,15708,卖盘
104,14:50:59,11.22,-0.01,40,44880,卖盘
105,14:50:54,11.23,0.01,83,93209,买盘
106,14:50:49,11.22,-0.01,40,44880,卖盘
107,14:50:44,11.23,-0.01,1591,1787535,卖盘
108,14:50:39,11.24,--,462,520052,买盘
109,14:50:34,11.24,-0.01,221,248763,卖盘
110,14:50:29,11.25,0.01,54,60750,买盘
111,14:50:24,11.24,--,3,3372,卖盘
112,14:50:19,11.24,--,37,41588,卖盘
113,14:50:14,11.24,--,67,76072,买盘
114,14:50:09,11.24,-0.01,55,61820,卖盘
115,14:50:04,11.25,0.01,415,466875,买盘
116,14:49:58,11.24,-0.01,681,765444,卖盘
117,14:49:54,11.25,0.01,137,154125,买盘
118,14:49:49,11.24,--,238,267512,卖盘
119,14:49:39,11.24,--,168,188832,卖盘
120,14:49:34,11.24,--,33,37092,卖盘
121,14:49:24,11.24,--,5,5620,卖盘
122,14:49:19,11.24,--,72,80928,卖盘
123,14:49:13,11.24,--,10,11240,卖盘
124,14:49:09,11.24,--,70,78680,卖盘
125,14:49:03,11.24,--,226,254024,买盘
126,14:48:58,11.24,0.01,844,948656,买盘
127,14:48:54,11.23,--,122,137006,卖盘
128,14:48:48,11.23,-0.01,183,205509,卖盘
129,14:48:43,11.24,--,222,249528,买盘
130,14:48:39,11.24,--,600,674400,买盘
131,14:48:28,11.24,--,22,24728,买盘
132,14:48:23,11.24,--,317,356308,买盘
133,14:48:18,11.24,0.01,506,568744,买盘
134,14:48:13,11.23,-0.01,63,70749,卖盘
135,14:48:09,11.24,0.01,76,85424,买盘
136,14:48:03,11.23,--,87,97701,卖盘
137,14:47:58,11.23,--,4,4492,卖盘
138,14:47:53,11.23,-0.01,151,169573,卖盘
139,14:47:48,11.24,0.01,54,60696,买盘
140,14:47:43,11.23,-0.01,203,227969,卖盘
141,14:47:38,11.24,--,60,67440,买盘
142,14:47:33,11.24,0.01,14,15736,买盘
143,14:47:28,11.23,-0.01,100,112300,卖盘
144,14:47:23,11.24,--,17,19108,买盘
145,14:47:18,11.24,--,33,37092,买盘
146,14:47:13,11.24,--,4,4496,买盘
147,14:47:08,11.24,--,500,562000,买盘
148,14:47:03,11.24,--,265,297860,买盘
149,14:46:58,11.24,--,25,28100,买盘
150,14:46:53,11.24,--,55,61820,买盘
151,14:46:43,11.24,--,5,5620,买盘
152,14:46:38,11.24,--,482,541768,卖盘
153,14:46:28,11.24,-0.01,339,381036,卖盘
154,14:46:23,11.25,--,169,190125,买盘
155,14:46:13,11.25,--,15,16875,买盘
156,14:46:08,11.25,0.01,4,4500,买盘
157,14:46:03,11.24,--,1415,1590460,卖盘
158,14:45:58,11.24,-0.01,2,2248,卖盘
159,14:45:53,11.25,--,624,702000,买盘
160,14:45:48,11.25,0.01,9,10125,买盘
161,14:45:43,11.24,-0.01,10,11240,卖盘
162,14:45:38,11.25,0.01,4,4500,买盘
163,14:45:33,11.24,--,82,92168,卖盘
164,14:45:23,11.24,--,11,12364,卖盘
165,14:45:18,11.24,-0.01,52,58448,卖盘
166,14:45:13,11.25,--,265,298125,买盘
167,14:45:08,11.25,--,14,15750,买盘
168,14:45:03,11.25,0.01,93,104625,买盘
169,14:44:58,11.24,--,40,44960,卖盘
170,14:44:53,11.24,--,43,48332,卖盘
171,14:44:48,11.24,--,5,5620,卖盘
172,14:44:43,11.24,--,1,1124,买盘
173,14:44:38,11.24,--,26,29224,买盘
174,14:44:33,11.24,--,78,87672,买盘
175,14:44:28,11.24,--,44,49456,卖盘
176,14:44:23,11.24,--,109,122516,卖盘
177,14:44:18,11.24,--,8,8992,卖盘
178,14:44:13,11.24,--,1,1124,卖盘
179,14:44:08,11.24,--,10,11240,卖盘
180,14:44:03,11.24,--,9,10116,卖盘
181,14:43:58,11.24,-0.01,5,5620,中性盘
182,14:43:53,11.25,0.02,101,113625,买盘
183,14:43:48,11.23,-0.01,15,16845,卖盘
184,14:43:43,11.24,--,68,76432,买盘
185,14:43:38,11.24,0.01,13,14612,买盘
186,14:43:33,11.23,-0.01,44,49412,卖盘
187,14:43:28,11.24,0.01,14,15736,买盘
188,14:43:23,11.23,-0.01,72,80856,卖盘
189,14:43:18,11.24,0.01,90,101160,中性盘
190,14:43:13,11.23,-0.02,210,235830,卖盘
191,14:43:08,11.25,0.01,33,37125,买盘
192,14:43:03,11.24,0.01,141,158484,买盘
193,14:42:58,11.23,--,23,25829,卖盘
194,14:42:53,11.23,-0.01,210,235830,卖盘
195,14:42:48,11.24,--,133,149492,买盘
196,14:42:43,11.24,--,52,58448,买盘
197,14:42:38,11.24,--,242,272008,买盘
198,14:42:33,11.24,--,31,34844,买盘
199,14:42:28,11.24,--,72,80928,买盘
200,14:42:23,11.24,--,67,75308,买盘
201,14:42:18,11.24,--,87,97788,卖盘
202,14:42:12,11.24,--,10,11240,卖盘
203,14:42:07,11.24,--,10,11240,卖盘
204,14:42:03,11.24,0.01,29,32596,中性盘
205,14:41:57,11.23,-0.01,502,563746,卖盘
206,14:41:52,11.24,--,67,75308,卖盘
207,14:41:47,11.24,--,98,110152,卖盘
208,14:41:42,11.24,0.01,763,857612,买盘
209,14:41:37,11.23,--,6,6738,卖盘
210,14:41:32,11.23,-0.01,802,901286,卖盘
211,14:41:27,11.24,--,16,17984,买盘
212,14:41:17,11.24,--,80,89920,卖盘
213,14:41:12,11.24,--,155,174782,卖盘
214,14:41:07,11.24,--,61,68564,卖盘
215,14:41:02,11.24,--,143,160732,卖盘
216,14:40:57,11.24,--,649,729476,卖盘
217,14:40:52,11.24,--,33,37092,卖盘
218,14:40:47,11.24,--,90,101160,卖盘
219,14:40:42,11.24,--,54,60696,卖盘
220,14:40:37,11.24,--,15,16860,卖盘
221,14:40:32,11.24,--,396,445104,卖盘
222,14:40:27,11.24,-0.01,7,7868,卖盘
223,14:40:22,11.25,0.01,31,34875,买盘
224,14:40:17,11.24,--,214,240536,卖盘
225,14:40:12,11.24,-0.01,55,61820,卖盘
226,14:40:07,11.25,--,30,33750,买盘
227,14:40:02,11.25,0.01,36,40500,买盘
228,14:39:57,11.24,-0.01,113,127012,卖盘
229,14:39:52,11.25,--,513,577125,买盘
230,14:39:47,11.25,0.01,46,51750,买盘
231,14:39:42,11.24,-0.01,202,227475,卖盘
232,14:39:37,11.25,0.01,93,104625,买盘
233,14:39:32,11.24,--,274,307976,卖盘
234,14:39:27,11.24,--,123,138252,卖盘
235,14:39:22,11.24,--,15,16860,卖盘
236,14:39:17,11.24,-0.01,1354,1522896,卖盘
237,14:39:12,11.25,0.01,201,226125,买盘
238,14:39:02,11.24,-0.01,952,1070048,卖盘
239,14:38:52,11.25,--,30,33750,买盘
240,14:38:47,11.25,0.01,285,320625,买盘
241,14:38:42,11.24,--,2,2248,卖盘
242,14:38:37,11.24,--,23,25852,卖盘
243,14:38:32,11.24,-0.01,148,166352,卖盘
244,14:38:27,11.25,--,1945,2188406,卖盘
245,14:38:22,11.25,-0.01,5,5625,卖盘
246,14:38:17,11.26,0.01,23,25898,买盘
247,14:38:12,11.25,-0.01,185,208125,卖盘
248,14:38:07,11.26,0.01,61,68686,买盘
249,14:38:02,11.25,-0.01,53,59625,卖盘
250,14:37:57,11.26,0.01,53,59678,买盘
251,14:37:52,11.25,--,80,90000,卖盘
252,14:37:47,11.25,--,79,88875,卖盘
253,14:37:42,11.25,-0.01,167,187875,卖盘
254,14:37:37,11.26,--,53,59678,买盘
255,14:37:32,11.26,--,40,45040,买盘
256,14:37:27,11.26,--,60,67560,买盘
257,14:37:22,11.26,--,35,39410,买盘
258,14:37:12,11.26,--,200,225200,买盘
259,14:36:57,11.26,--,46,51796,买盘
260,14:36:47,11.26,--,122,138070,卖盘
261,14:36:42,11.26,--,210,236887,卖盘
262,14:36:37,11.26,--,3,3378,卖盘
263,14:36:32,11.26,--,139,156514,卖盘
264,14:36:27,11.26,--,56,63056,卖盘
265,14:36:17,11.26,--,83,93458,买盘
266,14:36:12,11.26,-0.01,7,7882,中性盘
267,14:36:07,11.27,0.01,167,188209,买盘
268,14:36:02,11.26,--,87,97962,卖盘
269,14:35:57,11.26,--,165,185790,卖盘
270,14:35:52,11.26,--,7,7882,卖盘
271,14:35:47,11.26,-0.01,55,61930,卖盘
272,14:35:42,11.27,0.01,4,4508,买盘
273,14:35:37,11.26,-0.01,50,56300,卖盘
274,14:35:32,11.27,0.01,55,61985,买盘
275,14:35:27,11.26,--,97,109222,卖盘
276,14:35:21,11.26,--,50,56300,卖盘
277,14:35:17,11.26,--,104,117104,卖盘
278,14:35:12,11.26,--,122,137372,卖盘
279,14:35:02,11.26,--,80,90080,卖盘
280,14:34:57,11.26,--,25,28150,卖盘
281,14:34:51,11.26,-0.01,2,2252,卖盘
282,14:34:47,11.27,0.01,241,271607,买盘
283,14:34:42,11.26,--,7,7882,卖盘
284,14:34:36,11.26,--,52,58552,卖盘
285,14:34:32,11.26,--,101,113726,卖盘
286,14:34:27,11.26,--,115,129490,卖盘
287,14:34:21,11.26,--,100,112600,卖盘
288,14:34:17,11.26,--,162,182412,卖盘
289,14:34:12,11.26,--,29,32654,卖盘
290,14:34:06,11.26,--,96,108096,卖盘
291,14:34:01,11.26,0.01,111,124986,买盘
292,14:33:57,11.25,--,0,0,卖盘
293,14:33:51,11.25,-0.01,4,4500,卖盘
294,14:33:46,11.26,0.01,43,49262,买盘
295,14:33:41,11.25,-0.01,70,78750,卖盘
296,14:33:36,11.26,--,96,108096,买盘
297,14:33:31,11.26,--,34,38284,买盘
298,14:33:26,11.26,--,5,5630,买盘
299,14:33:21,11.26,--,90,101621,卖盘
300,14:33:16,11.26,--,2,2252,卖盘
301,14:33:11,11.26,--,552,621552,卖盘
302,14:33:06,11.26,--,41,46166,卖盘
303,14:33:01,11.26,--,6,6756,卖盘
304,14:32:56,11.26,--,83,93458,卖盘
305,14:32:51,11.26,--,362,407612,卖盘
306,14:32:46,11.26,--,20,22520,卖盘
307,14:32:41,11.26,-0.01,68,76568,卖盘
308,14:32:36,11.27,--,6,6762,买盘
309,14:32:31,11.27,0.01,8,9016,买盘
310,14:32:26,11.26,--,14,15764,卖盘
311,14:32:21,11.26,--,22,24772,卖盘
312,14:32:16,11.26,--,25,28150,卖盘
313,14:32:11,11.26,-0.01,186,209436,卖盘
314,14:32:06,11.27,0.01,40,45080,买盘
315,14:32:01,11.26,--,110,123860,卖盘
316,14:31:56,11.26,--,59,66434,卖盘
317,14:31:51,11.26,-0.01,116,130616,卖盘
318,14:31:46,11.27,0.01,30,33810,买盘
319,14:31:41,11.26,--,226,254476,卖盘
320,14:31:36,11.26,--,30,33780,卖盘
321,14:31:31,11.26,--,242,272492,卖盘
322,14:31:21,11.26,--,47,52922,卖盘
323,14:31:16,11.26,--,4,4504,卖盘
324,14:31:11,11.26,--,70,78820,卖盘
325,14:31:06,11.26,--,150,168900,卖盘
326,14:31:01,11.26,-0.01,5,5630,卖盘
327,14:30:56,11.27,0.01,24,27048,买盘
328,14:30:51,11.26,--,42,47292,卖盘
329,14:30:41,11.26,-0.01,443,498818,卖盘
330,14:30:36,11.27,0.01,3,3381,买盘
331,14:30:31,11.26,--,19,21394,卖盘
332,14:30:26,11.26,--,201,226326,卖盘
333,14:30:21,11.26,--,110,123860,卖盘
334,14:30:11,11.26,--,45,50670,卖盘
335,14:30:06,11.26,--,52,58552,卖盘
336,14:30:01,11.26,--,19,21394,卖盘
337,14:29:56,11.26,--,111,124986,卖盘
338,14:29:51,11.26,--,87,97962,卖盘
339,14:29:41,11.26,--,86,96836,卖盘
340,14:29:36,11.26,--,6,6756,卖盘
341,14:29:26,11.26,-0.01,30,33780,卖盘
342,14:29:21,11.27,0.01,1,1127,买盘
343,14:29:16,11.26,--,81,91206,卖盘
344,14:29:11,11.26,--,250,281500,卖盘
345,14:29:06,11.26,--,5,5630,卖盘
346,14:28:56,11.26,--,46,51796,卖盘
347,14:28:51,11.26,-0.01,10,11260,卖盘
348,14:28:46,11.27,0.01,1,1127,中性盘
349,14:28:41,11.26,-0.01,154,173404,卖盘
350,14:28:36,11.27,--,74,84243,买盘
351,14:28:26,11.27,--,25,28175,买盘
352,14:28:21,11.27,--,220,248221,卖盘
353,14:28:15,11.27,--,35,39445,卖盘
354,14:28:11,11.27,--,44,49588,卖盘
355,14:28:06,11.27,--,260,293020,卖盘
356,14:28:00,11.27,-0.01,50,56350,卖盘
357,14:27:56,11.28,0.01,331,373368,买盘
358,14:27:51,11.27,--,95,107065,卖盘
359,14:27:41,11.27,--,151,170177,卖盘
360,14:27:36,11.27,--,46,51842,卖盘
361,14:27:26,11.27,-0.01,107,120589,卖盘
362,14:27:21,11.28,0.01,42,47376,买盘
363,14:27:15,11.27,--,99,111573,卖盘
364,14:27:11,11.27,--,10,11270,卖盘
365,14:27:06,11.27,--,200,225400,卖盘
366,14:26:56,11.27,--,61,68747,卖盘
367,14:26:51,11.27,-0.01,60,67620,卖盘
368,14:26:45,11.28,0.01,3,3384,买盘
369,14:26:41,11.27,--,1,1127,卖盘
370,14:26:35,11.27,--,7,7889,卖盘
371,14:26:26,11.27,-0.01,50,56350,卖盘
372,14:26:21,11.28,--,38,42864,买盘
373,14:26:15,11.28,0.01,20,22560,买盘
374,14:26:10,11.27,--,18,20286,卖盘
375,14:26:06,11.27,-0.01,150,169050,卖盘
376,14:26:00,11.28,--,6,6768,买盘
377,14:25:51,11.28,--,38,42864,买盘
378,14:25:45,11.28,--,40,45120,买盘
379,14:25:40,11.28,--,19,21432,买盘
380,14:25:35,11.28,--,34,38352,买盘
381,14:25:30,11.28,--,366,412848,买盘
382,14:25:20,11.28,--,23,25944,买盘
383,14:25:15,11.28,0.01,1,1128,买盘
384,14:25:10,11.27,--,4,4508,卖盘
385,14:25:05,11.27,-0.01,96,108192,卖盘
386,14:25:00,11.28,--,92,103776,买盘
387,14:24:55,11.28,0.01,14,15792,买盘
388,14:24:50,11.27,-0.01,5,5635,卖盘
389,14:24:45,11.28,0.01,100,112800,买盘
390,14:24:40,11.27,-0.01,1,1127,卖盘
391,14:24:35,11.28,--,303,341784,买盘
392,14:24:30,11.28,--,54,60912,买盘
393,14:24:20,11.28,0.01,7,7896,买盘
394,14:24:10,11.27,-0.01,10,11270,卖盘
395,14:23:50,11.28,0.01,70,78960,买盘
396,14:23:45,11.27,--,172,193844,卖盘
397,14:23:40,11.27,-0.01,26,29302,卖盘
398,14:23:30,11.28,--,62,69936,买盘
399,14:23:25,11.28,--,35,39480,买盘
400,14:23:20,11.28,--,37,41736,买盘
401,14:23:10,11.28,--,16,18048,买盘
402,14:23:05,11.28,--,60,67680,买盘
403,14:23:00,11.28,--,55,62040,买盘
404,14:22:50,11.28,0.01,5,5640,买盘
405,14:22:45,11.27,-0.01,203,228781,卖盘
406,14:22:35,11.28,--,33,37224,买盘
407,14:22:30,11.28,--,155,174840,买盘
408,14:22:25,11.28,--,4,4512,买盘
409,14:22:20,11.28,0.01,10,11280,买盘
410,14:22:15,11.27,-0.02,545,614936,卖盘
411,14:22:10,11.29,--,27,30482,买盘
412,14:22:05,11.29,0.01,72,81288,买盘
413,14:22:00,11.28,0.01,507,572302,买盘
414,14:21:50,11.27,--,238,268226,卖盘
415,14:21:45,11.27,--,45,50715,卖盘
416,14:21:35,11.27,--,45,50715,卖盘
417,14:21:30,11.27,-0.01,25,28175,卖盘
418,14:21:25,11.28,0.01,11,12408,买盘
419,14:21:20,11.27,--,59,66493,卖盘
420,14:21:15,11.27,-0.01,53,59731,卖盘
421,14:21:00,11.28,--,55,62040,买盘
422,14:20:53,11.28,0.01,10,11280,买盘
423,14:20:45,11.27,-0.01,10,11270,卖盘
424,14:20:38,11.28,--,10,11280,买盘
425,14:20:35,11.28,--,8,9024,买盘
426,14:20:30,11.28,--,223,252265,卖盘
427,14:20:24,11.28,--,2,2256,卖盘
428,14:20:20,11.28,--,32,36096,卖盘
429,14:20:15,11.28,--,105,118440,卖盘
430,14:20:09,11.28,--,2,2256,卖盘
431,14:20:05,11.28,--,107,120696,卖盘
432,14:20:00,11.28,--,23,25944,卖盘
433,14:19:54,11.28,--,18,20304,卖盘
434,14:19:50,11.28,--,52,58656,卖盘
435,14:19:45,11.28,--,38,42864,卖盘
436,14:19:35,11.28,--,30,33840,卖盘
437,14:19:30,11.28,-0.01,8,9024,卖盘
438,14:19:24,11.29,0.01,4,4516,买盘
439,14:19:20,11.28,--,27,30456,卖盘
440,14:19:15,11.28,-0.01,50,56400,卖盘
441,14:19:09,11.29,0.01,9,10161,买盘
442,14:19:05,11.28,--,20,22560,卖盘
443,14:19:00,11.28,--,85,95880,卖盘
444,14:18:50,11.28,--,155,174840,卖盘
445,14:18:44,11.28,--,11,12408,卖盘
446,14:18:39,11.28,--,100,112800,卖盘
447,14:18:35,11.28,--,162,182736,卖盘
448,14:18:29,11.28,-0.01,57,64295,卖盘
449,14:18:24,11.29,0.01,66,74514,买盘
450,14:18:19,11.28,--,153,172584,卖盘
451,14:18:15,11.28,--,52,58656,卖盘
452,14:18:09,11.28,-0.01,66,74448,卖盘
453,14:18:04,11.29,--,29,32740,买盘
454,14:18:00,11.29,0.01,1,1129,买盘
455,14:17:53,11.28,-0.01,5,5640,卖盘
456,14:17:50,11.29,--,6,6773,买盘
457,14:17:44,11.29,0.01,10,11290,买盘
458,14:17:39,11.28,--,20,22560,卖盘
459,14:17:34,11.28,--,1,1128,卖盘
460,14:17:29,11.28,-0.01,42,47376,卖盘
461,14:17:23,11.29,0.01,28,31611,买盘
462,14:17:19,11.28,-0.01,30,33840,卖盘
463,14:17:14,11.29,--,2,2258,买盘
464,14:17:04,11.29,--,1,1129,买盘
465,14:16:59,11.29,--,5,5645,买盘
466,14:16:53,11.29,--,177,200668,卖盘
467,14:16:49,11.29,--,432,487727,卖盘
468,14:16:44,11.29,--,109,123060,卖盘
469,14:16:38,11.29,--,48,54191,卖盘
470,14:16:34,11.29,--,415,468534,卖盘
471,14:16:29,11.29,--,14,15805,卖盘
472,14:16:23,11.29,--,98,110754,卖盘
473,14:16:19,11.29,--,16,18064,卖盘
474,14:16:14,11.29,--,70,79030,卖盘
475,14:16:08,11.29,--,197,222412,卖盘
476,14:15:59,11.29,--,101,114028,卖盘
477,14:15:53,11.29,--,11,12418,卖盘
478,14:15:44,11.29,--,107,120802,卖盘
479,14:15:38,11.29,--,59,66611,卖盘
480,14:15:34,11.29,-0.01,40,45160,卖盘
481,14:15:29,11.3,0.01,22,24860,买盘
482,14:15:23,11.29,-0.01,123,138867,卖盘
483,14:15:19,11.3,--,31,35030,买盘
484,14:15:14,11.3,--,80,90400,买盘
485,14:15:08,11.3,0.01,8,9040,买盘
486,14:15:04,11.29,--,30,33870,卖盘
487,14:14:59,11.29,--,34,38386,卖盘
488,14:14:53,11.29,--,162,182898,卖盘
489,14:14:44,11.29,-0.01,5,5645,卖盘
490,14:14:38,11.3,--,16,18080,买盘
491,14:14:34,11.3,--,22,24860,买盘
492,14:14:29,11.3,--,1070,1209100,买盘
493,14:14:23,11.3,0.01,66,74580,买盘
494,14:14:14,11.29,-0.01,14,15805,卖盘
495,14:14:08,11.3,--,43,48590,买盘
496,14:14:04,11.3,--,8,9040,买盘
497,14:13:59,11.3,--,92,103960,买盘
498,14:13:53,11.3,0.01,3,3390,买盘
499,14:13:47,11.29,--,6,6773,卖盘
500,14:13:44,11.29,--,26,29534,卖盘
501,14:13:38,11.29,--,20,22580,卖盘
502,14:13:32,11.29,--,16,18064,卖盘
503,14:13:29,11.29,-0.01,66,74514,卖盘
504,14:13:23,11.3,--,147,166110,买盘
505,14:13:17,11.3,0.01,5,5650,买盘
506,14:13:14,11.29,--,29,32740,卖盘
507,14:13:08,11.29,--,10,11290,卖盘
508,14:13:02,11.29,--,3,3386,卖盘
509,14:12:59,11.29,--,30,33870,卖盘
510,14:12:53,11.29,-0.01,117,132093,卖盘
511,14:12:47,11.3,0.01,6,6780,买盘
512,14:12:44,11.29,--,34,38386,卖盘
513,14:12:38,11.29,--,145,163705,卖盘
514,14:12:29,11.29,--,508,573532,卖盘
515,14:12:14,11.29,-0.01,253,285637,卖盘
516,14:12:08,11.3,0.01,501,566130,买盘
517,14:12:02,11.29,--,320,361280,卖盘
518,14:11:59,11.29,--,271,305959,卖盘
519,14:11:53,11.29,--,10,11290,卖盘
520,14:11:44,11.29,-0.01,61,68869,卖盘
521,14:11:38,11.3,0.01,29,32770,买盘
522,14:11:32,11.29,-0.01,133,150157,卖盘
523,14:11:29,11.3,0.01,63,71190,买盘
524,14:11:23,11.29,--,62,69998,卖盘
525,14:11:17,11.29,--,507,572403,卖盘
526,14:11:13,11.29,--,566,639014,卖盘
527,14:11:08,11.29,--,48,54191,卖盘
528,14:11:02,11.29,--,15,16935,卖盘
529,14:10:58,11.29,--,229,258540,卖盘
530,14:10:53,11.29,-0.01,42,47418,卖盘
531,14:10:47,11.3,0.01,83,93790,买盘
532,14:10:43,11.29,--,6,6773,卖盘
533,14:10:38,11.29,--,62,69998,卖盘
534,14:10:32,11.29,0.01,366,413213,买盘
535,14:10:28,11.28,-0.01,1,1128,卖盘
536,14:10:23,11.29,0.01,20,22580,买盘
537,14:10:13,11.28,-0.01,33,37224,卖盘
538,14:10:02,11.29,--,11,12418,买盘
539,14:09:58,11.29,--,2,2258,买盘
540,14:09:53,11.29,--,119,134351,买盘
541,14:09:38,11.29,--,0,0,中性盘
542,14:09:32,11.29,--,326,368054,卖盘
543,14:09:28,11.29,--,4,4516,卖盘
544,14:09:23,11.29,--,16,18064,卖盘
545,14:09:13,11.29,-0.01,4,4516,卖盘
546,14:09:02,11.3,--,4,4520,买盘
547,14:08:53,11.3,0.01,528,596640,买盘
548,14:08:47,11.29,-0.01,3,3386,卖盘
549,14:08:38,11.3,--,2112,2387475,卖盘
550,14:08:32,11.3,--,15,16950,卖盘
551,14:08:28,11.3,-0.01,10,11300,卖盘
552,14:08:23,11.31,0.01,14,15834,买盘
553,14:08:13,11.3,--,3,3390,卖盘
554,14:08:08,11.3,--,13,14690,卖盘
555,14:07:47,11.3,-0.01,225,254250,卖盘
556,14:07:43,11.31,0.01,3,3393,买盘
557,14:07:38,11.3,--,61,68930,卖盘
558,14:07:32,11.3,--,26,29380,卖盘
559,14:07:28,11.3,--,18,20340,卖盘
560,14:07:23,11.3,--,189,213570,卖盘
561,14:07:17,11.3,--,20,22600,卖盘
562,14:07:13,11.3,--,2114,2389034,买盘
563,14:07:08,11.3,--,57,64410,买盘
564,14:07:02,11.3,0.01,24,27120,买盘
565,14:06:56,11.29,-0.01,2,2258,卖盘
566,14:06:41,11.3,0.01,10,11300,买盘
567,14:06:38,11.29,-0.01,10,11290,卖盘
568,14:06:32,11.3,--,65,73450,买盘
569,14:06:26,11.3,0.01,50,56500,买盘
570,14:06:23,11.29,--,25,28224,卖盘
571,14:06:17,11.29,--,3,3386,卖盘
572,14:06:11,11.29,--,20,22580,卖盘
573,14:06:08,11.29,--,7,7902,卖盘
574,14:06:02,11.29,-0.01,113,127576,卖盘
575,14:05:53,11.3,0.01,2,2260,买盘
576,14:05:47,11.29,--,165,186285,买盘
577,14:05:38,11.29,--,3,3386,买盘
578,14:05:32,11.29,--,15,16935,买盘
579,14:05:23,11.29,--,40,45160,买盘
580,14:05:17,11.29,--,58,65481,买盘
581,14:04:56,11.29,--,3,3386,买盘
582,14:04:53,11.29,--,13,14676,买盘
583,14:04:38,11.29,0.01,44,49675,卖盘
584,14:04:32,11.28,-0.01,40,45120,卖盘
585,14:04:23,11.29,0.01,9,10161,买盘
586,14:04:17,11.28,-0.01,1,1128,卖盘
587,14:04:02,11.29,0.01,3,3386,中性盘
588,14:03:52,11.28,-0.02,1067,1203576,卖盘
589,14:03:41,11.3,--,4,4520,买盘
590,14:03:37,11.3,--,172,194360,买盘
591,14:03:22,11.3,--,986,1114180,买盘
592,14:03:07,11.3,0.01,39,44070,买盘
593,14:02:56,11.29,-0.01,19,21451,卖盘
594,14:02:47,11.3,--,10,11300,买盘
595,14:02:37,11.3,--,18,20340,买盘
596,14:02:32,11.3,0.01,26,29380,买盘
597,14:02:22,11.29,-0.01,4,4516,卖盘
598,14:02:17,11.3,--,10,11300,买盘
599,14:02:11,11.3,--,13,14690,买盘
600,14:02:07,11.3,0.01,9,10170,买盘
601,14:02:02,11.29,-0.01,8,9032,卖盘
602,14:01:56,11.3,0.01,109,123170,买盘
603,14:01:52,11.29,--,6,6773,卖盘
604,14:01:47,11.29,--,582,657958,卖盘
605,14:01:37,11.29,--,3,3386,卖盘
606,14:01:32,11.29,--,130,146770,卖盘
607,14:01:22,11.29,-0.01,10,11290,卖盘
608,14:01:17,11.3,0.01,14,15820,买盘
609,14:01:11,11.29,--,50,56449,卖盘
610,14:00:56,11.29,--,20,22580,卖盘
611,14:00:47,11.29,--,17,19193,卖盘
612,14:00:37,11.29,-0.01,5,5645,卖盘
613,14:00:32,11.3,0.01,122,137860,买盘
614,14:00:17,11.29,-0.01,8,9032,卖盘
615,14:00:11,11.3,--,7,7910,买盘
616,14:00:02,11.3,--,11,13356,卖盘
617,13:59:56,11.3,--,115,129950,卖盘
618,13:59:47,11.3,--,25,28250,卖盘
619,13:59:41,11.3,--,50,56703,买盘
620,13:59:35,11.3,--,50,56500,买盘
621,13:59:32,11.3,--,20,22600,买盘
622,13:59:26,11.3,--,13,14690,买盘
623,13:59:20,11.3,--,4,4520,买盘
624,13:59:17,11.3,--,7,7910,买盘
625,13:59:11,11.3,-0.01,56,64206,卖盘
626,13:59:02,11.31,0.01,15,16965,买盘
627,13:58:56,11.3,--,7,7910,卖盘
628,13:58:50,11.3,--,25,28250,卖盘
629,13:58:47,11.3,-0.01,38,42940,卖盘
630,13:58:41,11.31,0.01,9,10179,买盘
631,13:58:35,11.3,--,33,37290,卖盘
632,13:58:32,11.3,--,55,62150,卖盘
633,13:58:26,11.3,--,66,74580,卖盘
634,13:58:17,11.3,--,3,3390,卖盘
635,13:58:11,11.3,--,126,142380,卖盘
636,13:58:02,11.3,--,81,91733,买盘
637,13:57:56,11.3,--,215,242950,买盘
638,13:57:50,11.3,0.01,46,51980,买盘
639,13:57:47,11.29,-0.01,10,11290,卖盘
640,13:57:41,11.3,--,140,158200,买盘
641,13:57:35,11.3,--,36,40680,买盘
642,13:57:31,11.3,--,116,131080,买盘
643,13:57:26,11.3,0.01,6,6780,买盘
644,13:57:20,11.29,-0.01,36,40644,卖盘
645,13:57:17,11.3,--,117,132210,买盘
646,13:57:11,11.3,0.01,31,35030,买盘
647,13:57:05,11.29,-0.01,20,22580,卖盘
648,13:57:01,11.3,0.01,17,19210,买盘
649,13:56:50,11.29,-0.01,7,7902,卖盘
650,13:56:46,11.3,--,90,101700,买盘
651,13:56:41,11.3,0.01,102,115260,买盘
652,13:56:35,11.29,-0.01,8,9032,卖盘
653,13:56:31,11.3,--,10,11300,买盘
654,13:56:26,11.3,0.01,194,219220,买盘
655,13:56:20,11.29,-0.01,2,2258,卖盘
656,13:56:16,11.3,0.01,66,74580,买盘
657,13:56:11,11.29,--,13,14676,卖盘
658,13:56:05,11.29,-0.01,10,11290,卖盘
659,13:56:01,11.3,--,27,30510,买盘
660,13:55:56,11.3,--,70,79100,买盘
661,13:55:50,11.3,--,2,2260,买盘
662,13:55:46,11.3,0.01,3,3390,买盘
663,13:55:41,11.29,--,12,13547,卖盘
664,13:55:35,11.29,-0.01,2,2258,卖盘
665,13:55:31,11.3,0.01,26,29380,买盘
666,13:55:26,11.29,-0.01,27,30482,卖盘
667,13:55:16,11.3,0.01,30,33900,买盘
668,13:55:11,11.29,--,12,13547,卖盘
669,13:54:56,11.29,--,1027,1159483,卖盘
670,13:54:50,11.29,-0.01,7,7902,卖盘
671,13:54:41,11.3,0.01,26,29380,买盘
672,13:54:35,11.29,--,50,56449,卖盘
673,13:54:31,11.29,-0.01,29,32740,卖盘
674,13:54:26,11.3,0.01,110,124300,买盘
675,13:54:16,11.29,--,44,49675,卖盘
676,13:54:11,11.29,--,110,124189,卖盘
677,13:54:01,11.29,--,3,3386,卖盘
678,13:53:56,11.29,-0.01,32,36128,卖盘
679,13:53:50,11.3,0.01,1,1130,买盘
680,13:53:46,11.29,--,100,112899,卖盘
681,13:53:41,11.29,--,20,22580,卖盘
682,13:53:35,11.29,--,2,2258,卖盘
683,13:53:31,11.29,--,6,6773,卖盘
684,13:53:16,11.29,--,13,14676,卖盘
685,13:53:10,11.29,--,10,11290,卖盘
686,13:53:05,11.29,--,10,11290,卖盘
687,13:52:46,11.29,--,5,5645,卖盘
688,13:52:41,11.29,--,11,12418,卖盘
689,13:52:35,11.29,-0.01,39,44031,卖盘
690,13:52:29,11.3,0.01,8,9040,买盘
691,13:52:20,11.29,--,32,36128,卖盘
692,13:52:14,11.29,-0.01,15,16935,卖盘
693,13:52:10,11.3,0.01,93,105090,买盘
694,13:52:05,11.29,--,3,3386,卖盘
695,13:51:59,11.29,--,398,449341,卖盘
696,13:51:55,11.29,--,46,52588,卖盘
697,13:51:50,11.29,-0.01,226,255153,卖盘
698,13:51:44,11.3,--,55,62150,买盘
699,13:51:40,11.3,--,182,205660,买盘
700,13:51:35,11.3,--,21,23730,买盘
701,13:51:25,11.3,--,23,25990,买盘
702,13:51:20,11.3,--,342,386460,卖盘
703,13:51:14,11.3,-0.01,45,50850,卖盘
704,13:51:10,11.31,0.01,363,410553,买盘
705,13:51:05,11.3,-0.01,223,251990,卖盘
706,13:50:59,11.31,0.01,278,314418,买盘
707,13:50:55,11.3,--,137,154810,卖盘
708,13:50:50,11.3,--,24,27120,卖盘
709,13:50:44,11.3,--,103,116390,卖盘
710,13:50:40,11.3,-0.01,14,15820,卖盘
711,13:50:25,11.31,0.01,75,84825,买盘
712,13:50:20,11.3,--,24,27120,卖盘
713,13:50:14,11.3,-0.01,30,33900,卖盘
714,13:50:10,11.31,--,138,156078,买盘
715,13:50:05,11.31,--,21,23751,买盘
716,13:49:59,11.31,0.01,20,22620,买盘
717,13:49:55,11.3,--,15,16950,卖盘
718,13:49:50,11.3,-0.01,30,33900,卖盘
719,13:49:44,11.31,0.01,7,7917,买盘
720,13:49:40,11.3,--,30,33900,卖盘
721,13:49:35,11.3,-0.01,9,10170,卖盘
722,13:49:25,11.31,0.01,106,119886,买盘
723,13:49:20,11.3,--,515,581950,卖盘
724,13:49:14,11.3,--,167,188710,卖盘
725,13:49:10,11.3,-0.01,66,74580,卖盘
726,13:49:05,11.31,0.01,18,20358,买盘
727,13:48:59,11.3,-0.01,70,79100,卖盘
728,13:48:55,11.31,--,56,63336,买盘
729,13:48:50,11.31,0.01,42,47502,买盘
730,13:48:40,11.3,--,26,29380,卖盘
731,13:48:35,11.3,-0.01,6,6780,卖盘
732,13:48:29,11.31,0.01,23,26013,买盘
733,13:48:25,11.3,--,3,3390,卖盘
734,13:48:20,11.3,--,13,14690,卖盘
735,13:48:10,11.3,-0.01,64,72320,卖盘
736,13:48:05,11.31,--,79,89349,买盘
737,13:47:50,11.31,--,40,45240,买盘
738,13:47:40,11.31,0.01,84,95004,买盘
739,13:47:35,11.3,-0.01,25,28250,卖盘
740,13:47:29,11.31,--,2,2262,买盘
741,13:47:25,11.31,--,4,4524,买盘
742,13:47:20,11.31,--,6,6786,买盘
743,13:47:14,11.31,0.01,50,56550,买盘
744,13:47:05,11.3,-0.01,11,12430,卖盘
745,13:46:59,11.31,0.01,48,54288,买盘
746,13:46:55,11.3,-0.01,40,45200,卖盘
747,13:46:50,11.31,--,52,58812,买盘
748,13:46:44,11.31,--,20,22620,买盘
749,13:46:40,11.31,--,384,434304,买盘
750,13:46:35,11.31,--,11,12441,买盘
751,13:46:20,11.31,--,26,29406,买盘
752,13:46:14,11.31,--,30,33930,买盘
753,13:46:10,11.31,0.01,146,165126,买盘
754,13:46:05,11.3,-0.01,11,12430,卖盘
755,13:45:55,11.31,--,3,3393,买盘
756,13:45:50,11.31,0.01,32,36192,买盘
757,13:45:44,11.3,-0.01,105,118650,卖盘
758,13:45:40,11.31,0.01,17,19227,买盘
759,13:45:35,11.3,-0.01,5,5650,卖盘
760,13:45:29,11.31,0.01,12,13572,买盘
761,13:45:25,11.3,-0.01,140,158200,卖盘
762,13:45:20,11.31,--,40,45240,买盘
763,13:45:14,11.31,0.01,37,41847,买盘
764,13:45:10,11.3,--,120,135600,买盘
765,13:45:05,11.3,--,27,30510,买盘
766,13:44:59,11.3,--,1,1130,买盘
767,13:44:55,11.3,-0.01,1224,1383120,卖盘
768,13:44:50,11.31,0.01,62,70122,买盘
769,13:44:44,11.3,--,20,22600,卖盘
770,13:44:35,11.3,0.01,472,533360,买盘
771,13:44:29,11.29,-0.01,699,789170,卖盘
772,13:44:23,11.3,0.01,803,907390,买盘
773,13:44:20,11.29,-0.01,6,6773,卖盘
774,13:44:14,11.3,--,273,308490,买盘
775,13:44:08,11.3,--,13,14690,买盘
776,13:44:04,11.3,--,7,7910,买盘
777,13:43:59,11.3,0.01,23,25990,买盘
778,13:43:53,11.29,-0.01,17,19193,卖盘
779,13:43:49,11.3,0.01,20,22600,买盘
780,13:43:44,11.29,--,145,163705,买盘
781,13:43:38,11.29,--,2,2258,买盘
782,13:43:34,11.29,-0.01,854,964165,卖盘
783,13:43:29,11.3,--,40,45200,买盘
784,13:43:23,11.3,--,153,172890,买盘
785,13:43:19,11.3,0.01,41,46330,买盘
786,13:43:14,11.29,--,28,31611,卖盘
787,13:43:08,11.29,--,5,5645,卖盘
788,13:43:04,11.29,--,31,34999,卖盘
789,13:42:59,11.29,--,113,127576,卖盘
790,13:42:53,11.29,--,3,3386,卖盘
791,13:42:49,11.29,-0.01,21,23709,卖盘
792,13:42:44,11.3,--,12,13560,买盘
793,13:42:38,11.3,0.01,230,259900,买盘
794,13:42:34,11.29,--,268,302572,卖盘
795,13:42:29,11.29,-0.01,27,30482,卖盘
796,13:42:23,11.3,0.01,71,80230,买盘
797,13:42:19,11.29,--,31,34999,卖盘
798,13:42:14,11.29,--,18,20322,卖盘
799,13:42:08,11.29,-0.01,38,42902,卖盘
800,13:42:04,11.3,0.01,23,25990,买盘
801,13:41:59,11.29,0.01,62,69998,中性盘
802,13:41:53,11.28,-0.01,78,87984,卖盘
803,13:41:49,11.29,--,20,22580,卖盘
804,13:41:44,11.29,0.01,97,109512,买盘
805,13:41:34,11.28,--,9,10152,卖盘
806,13:41:29,11.28,-0.01,106,119568,卖盘
807,13:41:23,11.29,0.01,205,231444,买盘
808,13:41:19,11.28,--,13,14664,卖盘
809,13:41:14,11.28,-0.01,30,33840,卖盘
810,13:41:08,11.29,0.01,100,112899,买盘
811,13:41:04,11.28,--,28,31584,卖盘
812,13:40:53,11.28,--,118,133104,卖盘
813,13:40:44,11.28,--,69,77832,卖盘
814,13:40:38,11.28,--,71,80088,卖盘
815,13:40:34,11.28,--,3,3384,卖盘
816,13:40:29,11.28,-0.02,21,23688,卖盘
817,13:40:23,11.3,0.02,442,499460,买盘
818,13:40:19,11.28,--,15,16920,卖盘
819,13:40:14,11.28,--,13,14664,卖盘
820,13:39:49,11.28,-0.01,24,27072,卖盘
821,13:39:44,11.29,0.01,320,361280,买盘
822,13:39:38,11.28,--,10,11280,卖盘
823,13:39:34,11.28,-0.01,13,14664,卖盘
824,13:39:29,11.29,0.01,174,196445,买盘
825,13:39:23,11.28,-0.01,20,22560,卖盘
826,13:39:14,11.29,0.01,2,2258,中性盘
827,13:39:08,11.28,--,21,23688,卖盘
828,13:39:04,11.28,-0.01,58,65423,卖盘
829,13:38:59,11.29,0.01,203,229186,买盘
830,13:38:53,11.28,--,20,22560,卖盘
831,13:38:44,11.28,--,2,2256,卖盘
832,13:38:29,11.28,-0.01,32,36096,买盘
833,13:38:23,11.29,0.01,500,564500,买盘
834,13:38:19,11.28,0.01,7,7896,买盘
835,13:38:14,11.27,-0.01,9,10143,卖盘
836,13:38:08,11.28,0.01,30,33840,买盘
837,13:38:04,11.27,-0.01,0,845,卖盘
838,13:37:53,11.28,--,10,11280,买盘
839,13:37:49,11.28,--,50,56400,买盘
840,13:37:44,11.28,--,10,11280,卖盘
841,13:37:38,11.28,0.01,41,46248,卖盘
842,13:37:32,11.27,-0.01,61,68747,卖盘
843,13:37:29,11.28,--,75,84600,卖盘
844,13:37:23,11.28,0.01,438,494064,买盘
845,13:37:17,11.27,--,1,1127,卖盘
846,13:37:13,11.27,--,44,49588,卖盘
847,13:37:08,11.27,-0.01,45,50715,卖盘
848,13:36:58,11.28,--,15,16920,买盘
849,13:36:53,11.28,0.01,14,15792,买盘
850,13:36:47,11.27,--,7,7889,卖盘
851,13:36:43,11.27,--,57,64239,卖盘
852,13:36:38,11.27,-0.01,4,4508,卖盘
853,13:36:32,11.28,0.01,300,338400,买盘
854,13:36:17,11.27,-0.01,5,5635,卖盘
855,13:36:13,11.28,--,4,4512,买盘
856,13:36:08,11.28,--,72,81216,买盘
857,13:35:58,11.28,--,9,10152,买盘
858,13:35:53,11.28,--,50,56400,买盘
859,13:35:47,11.28,0.01,5,5640,买盘
860,13:35:43,11.27,-0.01,17,19159,卖盘
861,13:35:38,11.28,--,2,2256,买盘
862,13:35:32,11.28,--,492,554976,卖盘
863,13:35:28,11.28,--,79,89112,卖盘
864,13:35:17,11.28,--,6,6768,卖盘
865,13:35:13,11.28,--,52,58656,卖盘
866,13:34:58,11.28,--,16,18048,卖盘
867,13:34:53,11.28,--,35,39480,卖盘
868,13:34:43,11.28,--,31,34968,卖盘
869,13:34:38,11.28,--,176,198528,卖盘
870,13:34:28,11.28,--,15,16920,卖盘
871,13:34:23,11.28,--,50,56400,卖盘
872,13:34:17,11.28,--,1,1128,卖盘
873,13:34:13,11.28,--,3,3384,卖盘
874,13:34:08,11.28,--,53,59784,卖盘
875,13:34:02,11.28,-0.01,4,4512,卖盘
876,13:33:58,11.29,0.01,75,84675,买盘
877,13:33:47,11.28,--,5,5640,卖盘
878,13:33:43,11.28,--,9,10152,卖盘
879,13:33:32,11.28,--,2,2256,卖盘
880,13:33:28,11.28,--,27,30456,卖盘
881,13:33:13,11.28,--,103,116184,卖盘
882,13:32:58,11.28,-0.01,593,668904,卖盘
883,13:32:53,11.29,--,25,28224,买盘
884,13:32:38,11.29,0.01,24,27095,买盘
885,13:32:28,11.28,-0.01,19,21432,卖盘
886,13:32:23,11.29,0.01,42,47418,买盘
887,13:32:17,11.28,--,155,174840,卖盘
888,13:32:13,11.28,-0.01,352,397056,卖盘
889,13:32:08,11.29,--,50,56449,买盘
890,13:31:58,11.29,--,2,2258,买盘
891,13:31:53,11.29,0.01,23,25966,买盘
892,13:31:47,11.28,-0.01,20,22560,卖盘
893,13:31:43,11.29,0.01,220,248379,买盘
894,13:31:38,11.28,--,115,129719,卖盘
895,13:31:32,11.28,--,61,68808,卖盘
896,13:31:28,11.28,-0.01,102,115056,卖盘
897,13:31:23,11.29,0.01,103,116286,买盘
898,13:31:17,11.28,-0.01,7,7896,卖盘
899,13:31:12,11.29,0.01,44,49675,买盘
900,13:31:07,11.28,-0.01,20,22560,卖盘
901,13:30:58,11.29,--,4,4516,买盘
902,13:30:53,11.29,--,63,71127,买盘
903,13:30:47,11.29,0.01,211,238218,买盘
904,13:30:43,11.28,--,15,16920,卖盘
905,13:30:38,11.28,--,8,9024,卖盘
906,13:30:32,11.28,--,11,12408,卖盘
907,13:30:26,11.28,--,75,84600,买盘
908,13:30:23,11.28,0.01,4,4512,买盘
909,13:30:17,11.27,--,1013,1141651,卖盘
910,13:30:11,11.27,-0.01,29,32683,卖盘
911,13:30:07,11.28,--,435,490680,买盘
912,13:30:02,11.28,--,43,48504,买盘
913,13:29:56,11.28,0.01,21,23688,买盘
914,13:29:52,11.27,--,6,6762,卖盘
915,13:29:47,11.27,--,4,4508,卖盘
916,13:29:37,11.27,--,15,16905,卖盘
917,13:29:32,11.27,--,111,125097,卖盘
918,13:29:26,11.27,--,20,22540,卖盘
919,13:29:22,11.27,--,30,33810,卖盘
920,13:29:17,11.27,--,12,13524,卖盘
921,13:29:11,11.27,--,50,56350,卖盘
922,13:29:07,11.27,-0.01,150,169050,卖盘
923,13:28:52,11.28,-0.01,27,31020,卖盘
924,13:28:47,11.29,--,21,23709,买盘
925,13:28:41,11.29,0.01,4,4516,买盘
926,13:28:37,11.28,--,300,338400,卖盘
927,13:28:32,11.28,--,20,22560,卖盘
928,13:28:26,11.28,--,110,124080,卖盘
929,13:28:22,11.28,--,25,28200,卖盘
930,13:28:17,11.28,-0.01,42,47376,卖盘
931,13:28:11,11.29,0.01,100,112899,买盘
932,13:28:07,11.28,--,52,58656,卖盘
933,13:27:52,11.28,--,248,279744,卖盘
934,13:27:47,11.28,-0.01,65,73320,卖盘
935,13:27:31,11.29,-0.01,828,934811,卖盘
936,13:27:26,11.3,--,8,9040,买盘
937,13:27:22,11.3,0.01,65,73450,买盘
938,13:27:17,11.29,--,270,304830,卖盘
939,13:27:10,11.29,--,10,11290,卖盘
940,13:27:07,11.29,--,95,107254,卖盘
941,13:27:02,11.29,--,57,64352,卖盘
942,13:26:56,11.29,--,4,4516,卖盘
943,13:26:52,11.29,--,115,129834,卖盘
944,13:26:47,11.29,--,54,60965,卖盘
945,13:26:40,11.29,--,25,28224,卖盘
946,13:26:37,11.29,--,216,243863,卖盘
947,13:26:31,11.29,--,50,56449,卖盘
948,13:26:26,11.29,--,183,206606,卖盘
949,13:26:22,11.29,-0.01,39,44031,卖盘
950,13:26:10,11.3,--,20,22600,买盘
951,13:26:07,11.3,--,113,127690,买盘
952,13:26:01,11.3,--,329,371770,买盘
953,13:25:55,11.3,0.01,20,22600,买盘
954,13:25:52,11.29,-0.01,4,4516,卖盘
955,13:25:46,11.3,0.01,23,25990,买盘
956,13:25:37,11.29,-0.01,5,5645,卖盘
957,13:25:31,11.3,--,5,5650,买盘
958,13:25:25,11.3,--,110,124300,买盘
959,13:25:22,11.3,--,204,230520,买盘
960,13:25:16,11.3,--,93,106152,卖盘
961,13:25:10,11.3,--,184,207920,卖盘
962,13:25:07,11.3,-0.01,14,15820,卖盘
963,13:25:01,11.31,0.01,125,141375,买盘
964,13:24:55,11.3,--,43,48590,卖盘
965,13:24:51,11.3,--,902,1019260,卖盘
966,13:24:46,11.3,-0.01,15,16950,卖盘
967,13:24:40,11.31,--,92,104052,买盘
968,13:24:37,11.31,--,20,22620,买盘
969,13:24:31,11.31,--,48,54288,买盘
970,13:24:25,11.31,0.01,25,28275,买盘
971,13:24:21,11.3,-0.01,345,389850,卖盘
972,13:24:16,11.31,0.01,49,55419,买盘
973,13:24:10,11.3,--,67,75710,卖盘
974,13:24:07,11.3,-0.01,5,5650,卖盘
975,13:24:01,11.31,--,28,31668,买盘
976,13:23:55,11.31,--,618,698958,买盘
977,13:23:49,11.31,--,50,56550,买盘
978,13:23:46,11.31,--,1,1131,买盘
979,13:23:40,11.31,--,117,132327,买盘
980,13:23:34,11.31,--,55,62205,买盘
981,13:23:31,11.31,0.01,67,75777,买盘
982,13:23:25,11.3,--,233,263290,卖盘
983,13:23:19,11.3,-0.01,26,29380,卖盘
984,13:23:16,11.31,--,12,13572,买盘
985,13:23:10,11.31,--,18,20358,买盘
986,13:23:04,11.31,--,146,165126,买盘
987,13:23:01,11.31,--,8,9048,买盘
988,13:22:55,11.31,--,5,5655,买盘
989,13:22:49,11.31,0.01,63,71253,买盘
990,13:22:46,11.3,--,9,10170,卖盘
991,13:22:40,11.3,-0.01,14,15820,卖盘
992,13:22:34,11.31,0.01,72,81499,买盘
993,13:22:31,11.3,--,768,867840,买盘
994,13:22:25,11.3,--,109,123170,买盘
995,13:22:19,11.3,0.01,1305,1474650,买盘
996,13:22:16,11.29,-0.01,80,90320,卖盘
997,13:22:10,11.3,--,174,196620,买盘
998,13:22:04,11.3,--,20,22600,买盘
999,13:22:01,11.3,--,861,972930,买盘
1000,13:21:55,11.3,--,345,389850,买盘
1001,13:21:49,11.3,0.01,606,684780,买盘
1002,13:21:46,11.29,-0.01,28,31611,卖盘
1003,13:21:40,11.3,0.01,272,307360,买盘
1004,13:21:34,11.29,-0.01,19,21451,卖盘
1005,13:21:31,11.3,--,17,19210,买盘
1006,13:21:25,11.3,0.01,190,214700,买盘
1007,13:21:19,11.29,-0.01,4,4516,卖盘
1008,13:21:16,11.3,0.01,209,236170,买盘
1009,13:21:10,11.29,--,5,5645,卖盘
1010,13:21:04,11.29,-0.01,275,310475,卖盘
1011,13:21:01,11.3,--,7,7910,买盘
1012,13:20:55,11.3,--,528,596640,买盘
1013,13:20:49,11.3,0.01,3,3390,买盘
1014,13:20:46,11.29,--,10,11290,卖盘
1015,13:20:40,11.29,--,20,22580,卖盘
1016,13:20:34,11.29,-0.01,11,12418,卖盘
1017,13:20:31,11.3,--,10,11300,买盘
1018,13:20:25,11.3,0.01,201,227130,买盘
1019,13:20:16,11.29,-0.01,34,38386,卖盘
1020,13:20:10,11.3,--,29,32770,买盘
1021,13:20:04,11.3,0.01,150,169500,买盘
1022,13:19:55,11.29,--,66,74514,卖盘
1023,13:19:49,11.29,--,1,1129,卖盘
1024,13:19:40,11.29,-0.01,611,689819,卖盘
1025,13:19:34,11.3,--,5,5650,买盘
1026,13:19:31,11.3,--,15,16950,买盘
1027,13:19:25,11.3,0.01,20,22600,买盘
1028,13:19:19,11.29,--,56,63223,卖盘
1029,13:19:16,11.29,--,196,221283,卖盘
1030,13:19:10,11.29,-0.01,11,12418,卖盘
1031,13:19:04,11.3,--,8,9040,买盘
1032,13:18:55,11.3,0.01,86,97180,买盘
1033,13:18:49,11.29,-0.01,20,22580,卖盘
1034,13:18:45,11.3,0.01,23,25990,买盘
1035,13:18:40,11.29,-0.01,14,15805,卖盘
1036,13:18:34,11.3,--,7,7910,买盘
1037,13:18:31,11.3,--,181,204530,买盘
1038,13:18:25,11.3,0.01,30,33900,买盘
1039,13:18:19,11.29,--,20,22580,卖盘
1040,13:18:16,11.29,-0.01,7,7902,卖盘
1041,13:18:10,11.3,0.01,198,223740,买盘
1042,13:18:04,11.29,0.01,21,23709,买盘
1043,13:18:00,11.28,-0.01,1,1128,卖盘
1044,13:17:55,11.29,0.01,200,225799,买盘
1045,13:17:49,11.28,-0.01,50,56400,卖盘
1046,13:17:45,11.29,--,1,1129,买盘
1047,13:17:40,11.29,--,310,349990,买盘
1048,13:17:34,11.29,--,57,64352,买盘
1049,13:17:30,11.29,--,4,4516,买盘
1050,13:17:19,11.29,0.01,140,158060,买盘
1051,13:17:15,11.28,--,31,34968,卖盘
1052,13:17:10,11.28,--,58,65423,卖盘
1053,13:17:00,11.28,-0.01,20,22560,卖盘
1054,13:16:55,11.29,--,39,44031,买盘
1055,13:16:45,11.29,--,92,103867,买盘
1056,13:16:34,11.29,--,146,164834,买盘
1057,13:16:25,11.29,--,90,101609,卖盘
1058,13:16:19,11.29,--,43,48546,卖盘
1059,13:16:13,11.29,--,12,13547,卖盘
1060,13:16:10,11.29,-0.01,58,65481,卖盘
1061,13:16:04,11.3,--,30,33900,买盘
1062,13:15:58,11.3,0.01,10,11300,买盘
1063,13:15:55,11.29,--,60,67740,卖盘
1064,13:15:40,11.29,--,37,41773,卖盘
1065,13:15:34,11.29,--,51,57578,卖盘
1066,13:15:28,11.29,-0.01,150,169350,卖盘
1067,13:15:25,11.3,0.01,78,88140,买盘
1068,13:15:19,11.29,--,25,28224,卖盘
1069,13:15:13,11.29,--,77,86933,卖盘
1070,13:15:10,11.29,--,106,119673,买盘
1071,13:15:04,11.29,--,53,59836,买盘
1072,13:14:58,11.29,--,21,23709,卖盘
1073,13:14:55,11.29,--,16,18064,卖盘
1074,13:14:49,11.29,--,35,39515,卖盘
1075,13:14:43,11.29,--,24,27095,卖盘
1076,13:14:40,11.29,--,258,291282,买盘
1077,13:14:34,11.29,--,15,16935,买盘
1078,13:14:28,11.29,--,30,33870,买盘
1079,13:14:25,11.29,--,85,95965,买盘
1080,13:14:19,11.29,0.01,15,16935,买盘
1081,13:14:13,11.28,-0.01,72,81216,卖盘
1082,13:14:10,11.29,--,3,3386,买盘
1083,13:14:04,11.29,--,11,12418,卖盘
1084,13:13:58,11.29,--,5,5645,卖盘
1085,13:13:55,11.29,--,10,11290,卖盘
1086,13:13:49,11.29,--,36,40644,卖盘
1087,13:13:43,11.29,--,73,82417,卖盘
1088,13:13:40,11.29,--,137,154673,买盘
1089,13:13:34,11.29,--,5,5645,卖盘
1090,13:13:28,11.29,--,25,28224,买盘
1091,13:13:25,11.29,--,127,143383,买盘
1092,13:13:19,11.29,--,71,81254,卖盘
1093,13:13:13,11.29,--,25,28224,卖盘
1094,13:13:10,11.29,--,281,317282,买盘
1095,13:13:04,11.29,0.01,180,203219,买盘
1096,13:12:55,11.28,-0.01,283,319224,卖盘
1097,13:12:34,11.29,--,1,1129,买盘
1098,13:12:28,11.29,--,91,103834,卖盘
1099,13:12:25,11.29,--,230,259669,卖盘
1100,13:12:19,11.29,--,63,71127,卖盘
1101,13:12:13,11.29,--,36,40644,卖盘
1102,13:12:10,11.29,--,41,46289,卖盘
1103,13:12:04,11.29,-0.01,28,31611,卖盘
1104,13:11:58,11.3,0.01,16,18080,买盘
1105,13:11:54,11.29,--,527,594983,卖盘
1106,13:11:49,11.29,--,54,60999,卖盘
1107,13:11:39,11.29,--,2,2258,卖盘
1108,13:11:34,11.29,0.01,15,16935,中性盘
1109,13:11:28,11.28,-0.01,40,45120,卖盘
1110,13:11:24,11.29,--,91,102738,卖盘
1111,13:11:19,11.29,--,23,25966,卖盘
1112,13:11:09,11.29,-0.01,616,695464,卖盘
1113,13:11:04,11.3,0.01,4,4520,买盘
1114,13:10:58,11.29,--,20,22580,卖盘
1115,13:10:54,11.29,--,31,34999,卖盘
1116,13:10:43,11.29,--,16,18064,卖盘
1117,13:10:39,11.29,-0.01,30,33870,卖盘
1118,13:10:34,11.3,0.01,237,267810,买盘
1119,13:10:28,11.29,--,50,56449,卖盘
1120,13:10:24,11.29,-0.01,15,16935,卖盘
1121,13:10:19,11.3,--,171,193230,买盘
1122,13:10:13,11.3,0.01,6,6780,买盘
1123,13:10:09,11.29,-0.01,50,56449,卖盘
1124,13:10:04,11.3,--,34,38420,买盘
1125,13:09:54,11.3,0.01,14,15820,买盘
1126,13:09:49,11.29,--,16,18064,卖盘
1127,13:09:43,11.29,--,10,11290,卖盘
1128,13:09:39,11.29,--,1,1129,卖盘
1129,13:09:34,11.29,--,10,11290,卖盘
1130,13:09:22,11.29,-0.01,24,27095,卖盘
1131,13:09:19,11.3,0.01,134,151420,买盘
1132,13:09:13,11.29,-0.01,40,45160,卖盘
1133,13:09:04,11.3,0.01,72,81360,买盘
1134,13:08:58,11.29,-0.01,280,316120,卖盘
1135,13:08:52,11.3,--,22,24860,买盘
1136,13:08:49,11.3,0.01,4,4520,买盘
1137,13:08:43,11.29,--,25,28224,卖盘
1138,13:08:37,11.29,--,10,11290,卖盘
1139,13:08:22,11.29,--,10,11290,卖盘
1140,13:08:19,11.29,0.01,74,83546,买盘
1141,13:08:13,11.28,-0.01,2,2256,卖盘
1142,13:08:07,11.29,--,234,264186,买盘
1143,13:08:04,11.29,0.01,5,5645,买盘
1144,13:07:58,11.28,--,2,2256,卖盘
1145,13:07:49,11.28,-0.01,513,578664,卖盘
1146,13:07:43,11.29,0.01,8,9032,买盘
1147,13:07:37,11.28,-0.01,10,11280,卖盘
1148,13:07:34,11.29,0.01,577,651433,买盘
1149,13:07:22,11.28,-0.01,501,565128,卖盘
1150,13:07:19,11.29,--,13,14676,买盘
1151,13:07:13,11.29,0.01,61,68869,买盘
1152,13:07:07,11.28,-0.01,21,23688,卖盘
1153,13:07:04,11.29,--,2,2258,买盘
1154,13:06:58,11.29,0.01,49,55320,买盘
1155,13:06:49,11.28,--,25,28200,卖盘
1156,13:06:43,11.28,--,39,43992,卖盘
1157,13:06:34,11.28,--,294,331632,卖盘
1158,13:06:28,11.28,--,68,76704,卖盘
1159,13:06:22,11.28,--,4,4512,卖盘
1160,13:06:13,11.28,--,80,90240,卖盘
1161,13:06:04,11.28,-0.01,17,19176,卖盘
1162,13:05:52,11.29,--,10,11290,买盘
1163,13:05:48,11.29,0.01,51,57578,买盘
1164,13:05:43,11.28,-0.01,29,32711,卖盘
1165,13:05:37,11.29,0.01,68,76772,买盘
1166,13:05:28,11.28,-0.01,35,39480,卖盘
1167,13:05:18,11.29,--,71,80159,买盘
1168,13:05:13,11.29,--,10,11290,买盘
1169,13:04:58,11.29,--,35,39515,买盘
1170,13:04:48,11.29,--,1,1129,买盘
1171,13:04:43,11.29,--,22,24837,买盘
1172,13:04:33,11.29,--,169,190801,买盘
1173,13:04:28,11.29,0.01,2,2258,买盘
1174,13:04:22,11.28,-0.01,5,5640,卖盘
1175,13:04:13,11.29,0.01,7,7902,买盘
1176,13:04:07,11.28,--,260,293280,卖盘
1177,13:04:03,11.28,-0.01,60,67680,卖盘
1178,13:03:58,11.29,--,132,149028,买盘
1179,13:03:52,11.29,0.01,10,11290,买盘
1180,13:03:43,11.28,-0.01,6,7332,卖盘
1181,13:03:33,11.29,--,5,5645,买盘
1182,13:03:28,11.29,0.01,10,11290,买盘
1183,13:03:22,11.28,--,26,29328,卖盘
1184,13:03:18,11.28,--,73,82344,卖盘
1185,13:03:13,11.28,-0.01,36,40608,卖盘
1186,13:03:03,11.29,0.01,10,11290,买盘
1187,13:02:52,11.28,-0.01,364,410592,卖盘
1188,13:02:43,11.29,--,30,33870,买盘
1189,13:02:37,11.29,--,136,153544,买盘
1190,13:02:31,11.29,--,20,22580,买盘
1191,13:02:28,11.29,--,119,134351,买盘
1192,13:02:22,11.29,--,112,126447,买盘
1193,13:02:16,11.29,--,25,28224,买盘
1194,13:02:13,11.29,--,108,121931,买盘
1195,13:02:07,11.29,--,20,22580,买盘
1196,13:02:01,11.29,--,31,34999,买盘
1197,13:01:52,11.29,0.01,56,63223,买盘
1198,13:01:46,11.28,-0.01,10,11280,卖盘
1199,13:01:27,11.29,0.01,16,18064,买盘
1200,13:01:22,11.28,-0.01,21,23688,卖盘
1201,13:01:12,11.29,--,19,21451,买盘
1202,13:01:07,11.29,--,53,59836,买盘
1203,13:01:01,11.29,--,51,57578,买盘
1204,13:00:57,11.29,--,5,5645,买盘
1205,13:00:52,11.29,--,18,20322,买盘
1206,13:00:42,11.29,--,693,782396,买盘
1207,13:00:37,11.29,--,99,111770,买盘
1208,13:00:27,11.29,--,60,67740,买盘
1209,13:00:22,11.29,0.01,4,4516,买盘
1210,13:00:12,11.28,--,21,23688,卖盘
1211,13:00:07,11.28,0.01,3066,3458448,买盘
1212,13:00:01,11.27,--,500,563500,买盘
1213,11:30:00,11.27,--,0,0,买盘
1214,11:29:59,11.27,--,0,0,买盘
1215,11:29:58,11.27,--,137,154399,买盘
1216,11:29:53,11.27,0.01,110,123970,买盘
1217,11:29:47,11.26,--,13,14638,卖盘
1218,11:29:43,11.26,--,35,39410,卖盘
1219,11:29:38,11.26,--,20,22520,卖盘
1220,11:29:29,11.26,--,14,15764,卖盘
1221,11:29:23,11.26,-0.01,10,11260,卖盘
1222,11:29:17,11.27,--,65,73255,买盘
1223,11:29:13,11.27,--,30,33810,买盘
1224,11:29:08,11.27,0.01,5,5635,买盘
1225,11:28:58,11.26,-0.01,7,7882,卖盘
1226,11:28:53,11.27,--,2,2254,买盘
1227,11:28:43,11.27,--,56,63112,买盘
1228,11:28:38,11.27,0.01,50,56350,买盘
1229,11:28:28,11.26,--,81,91206,卖盘
1230,11:28:23,11.26,-0.01,21,23646,卖盘
1231,11:28:08,11.27,--,5,5635,买盘
1232,11:28:02,11.27,--,75,84525,买盘
1233,11:27:58,11.27,0.01,52,58604,买盘
1234,11:27:53,11.26,-0.01,34,38284,卖盘
1235,11:27:47,11.27,--,10,11270,买盘
1236,11:27:43,11.27,--,13,14651,买盘
1237,11:27:38,11.27,0.01,6,6762,买盘
1238,11:27:32,11.26,0.01,55,61930,中性盘
1239,11:27:28,11.25,-0.02,10,11250,卖盘
1240,11:27:23,11.27,0.02,140,157780,买盘
1241,11:27:17,11.25,-0.01,94,105750,卖盘
1242,11:27:02,11.26,0.01,30,33780,买盘
1243,11:26:58,11.25,--,30,33750,卖盘
1244,11:26:53,11.25,-0.01,6,6750,卖盘
1245,11:26:47,11.26,0.01,444,499944,买盘
1246,11:26:38,11.25,--,594,668250,买盘
1247,11:26:32,11.25,--,10,11250,买盘
1248,11:26:28,11.25,--,100,112500,买盘
1249,11:26:12,11.25,--,9,10125,买盘
1250,11:26:08,11.25,--,22,24750,买盘
1251,11:26:02,11.25,--,607,682875,卖盘
1252,11:25:53,11.25,--,10,11250,卖盘
1253,11:25:47,11.25,-0.01,6,6750,卖盘
1254,11:25:41,11.26,--,1,1126,买盘
1255,11:25:32,11.26,-0.01,978,1101228,卖盘
1256,11:25:23,11.27,--,20,22540,买盘
1257,11:25:17,11.27,--,7,7889,买盘
1258,11:24:56,11.27,0.01,57,64239,买盘
1259,11:24:53,11.26,-0.01,2,2252,卖盘
1260,11:24:41,11.27,-0.01,232,261464,卖盘
1261,11:24:32,11.28,0.01,4,4512,买盘
1262,11:24:26,11.27,--,3,3381,卖盘
1263,11:24:23,11.27,-0.01,23,25921,卖盘
1264,11:24:17,11.28,0.01,200,225600,买盘
1265,11:24:08,11.27,-0.01,10,11270,卖盘
1266,11:23:56,11.28,0.01,37,41736,买盘
1267,11:23:53,11.27,--,40,45080,卖盘
1268,11:23:47,11.27,-0.01,100,112700,卖盘
1269,11:23:41,11.28,--,3,3384,买盘
1270,11:23:38,11.28,0.01,200,225600,买盘
1271,11:23:32,11.27,--,10,11270,卖盘
1272,11:23:26,11.27,--,22,24794,卖盘
1273,11:23:23,11.27,-0.01,311,350497,卖盘
1274,11:23:17,11.28,0.01,420,473760,买盘
1275,11:23:11,11.27,--,6,6762,卖盘
1276,11:23:07,11.27,-0.01,5,5635,卖盘
1277,11:23:02,11.28,0.01,52,58656,买盘
1278,11:22:56,11.27,--,55,61985,卖盘
1279,11:22:52,11.27,-0.02,10,11270,卖盘
1280,11:22:47,11.29,0.02,20,22580,买盘
1281,11:22:41,11.27,-0.02,3,3381,卖盘
1282,11:22:37,11.29,0.02,557,628853,买盘
1283,11:22:26,11.27,-0.01,11,12397,卖盘
1284,11:22:22,11.28,--,7,7896,买盘
1285,11:22:17,11.28,0.02,10,11280,买盘
1286,11:22:07,11.26,-0.02,40,45040,卖盘
1287,11:22:02,11.28,--,10,11280,买盘
1288,11:21:56,11.28,0.02,7,7896,买盘
1289,11:21:52,11.26,--,20,22520,卖盘
1290,11:21:37,11.26,0.01,588,662088,买盘
1291,11:21:22,11.25,--,35,39375,卖盘
1292,11:21:17,11.25,--,104,117000,买盘
1293,11:21:11,11.25,0.01,7,7875,买盘
1294,11:21:07,11.24,--,562,631688,买盘
1295,11:21:02,11.24,--,72,80928,买盘
1296,11:20:56,11.24,--,57,64068,买盘
1297,11:20:47,11.24,-0.02,886,995864,卖盘
1298,11:20:41,11.26,-0.02,187,210562,卖盘
1299,11:20:37,11.28,0.01,828,933984,买盘
1300,11:20:32,11.27,-0.01,802,903854,卖盘
1301,11:20:22,11.28,--,158,178224,买盘
1302,11:20:17,11.28,--,426,480528,买盘
1303,11:20:07,11.28,0.01,80,90240,买盘
1304,11:20:02,11.27,-0.01,28,31556,卖盘
1305,11:19:52,11.28,-0.01,367,413976,卖盘
1306,11:19:41,11.29,--,450,508049,卖盘
1307,11:19:37,11.29,--,13,14676,卖盘
1308,11:19:32,11.29,--,52,58707,卖盘
1309,11:19:26,11.29,-0.01,108,121931,卖盘
1310,11:19:22,11.3,0.01,7,7910,买盘
1311,11:19:17,11.29,--,40,45160,卖盘
1312,11:19:11,11.29,--,16,18064,卖盘
1313,11:19:02,11.29,--,267,301443,买盘
1314,11:18:50,11.29,0.01,4,4516,买盘
1315,11:18:47,11.28,-0.01,28,31584,卖盘
1316,11:18:41,11.29,0.01,63,71127,买盘
1317,11:18:31,11.28,--,193,217704,买盘
1318,11:18:26,11.28,--,148,166944,买盘
1319,11:18:20,11.28,--,4,4512,买盘
1320,11:18:17,11.28,--,29,32711,买盘
1321,11:18:11,11.28,--,242,272976,买盘
1322,11:18:05,11.28,--,112,126336,买盘
1323,11:18:01,11.28,--,44,49632,买盘
1324,11:17:56,11.28,--,17,19176,买盘
1325,11:17:50,11.28,-0.01,593,668904,卖盘
1326,11:17:47,11.29,0.01,200,225799,买盘
1327,11:17:41,11.28,-0.01,5,5640,卖盘
1328,11:17:31,11.29,--,67,75643,买盘
1329,11:17:26,11.29,--,234,264186,买盘
1330,11:17:20,11.29,0.01,170,191930,买盘
1331,11:17:16,11.28,-0.01,775,874200,卖盘
1332,11:17:11,11.29,--,82,92578,买盘
1333,11:17:01,11.29,-0.01,262,295798,卖盘
1334,11:16:56,11.3,0.01,700,791000,买盘
1335,11:16:50,11.29,--,224,252895,买盘
1336,11:16:46,11.29,--,237,268668,卖盘
1337,11:16:41,11.29,--,139,156931,卖盘
1338,11:16:35,11.29,--,2,2258,卖盘
1339,11:16:31,11.29,--,19,21451,卖盘
1340,11:16:26,11.29,--,941,1062422,买盘
1341,11:16:20,11.29,0.01,135,152415,买盘
1342,11:16:16,11.28,-0.01,790,891120,卖盘
1343,11:16:11,11.29,0.01,200,225799,买盘
1344,11:16:05,11.28,--,305,344040,卖盘
1345,11:16:01,11.28,--,6,6768,卖盘
1346,11:15:56,11.28,--,45,50760,卖盘
1347,11:15:50,11.28,--,583,657624,卖盘
1348,11:15:46,11.28,--,375,423000,卖盘
1349,11:15:41,11.28,--,5,5640,卖盘
1350,11:15:31,11.28,-0.01,2,2256,卖盘
1351,11:15:26,11.29,0.01,42,47418,买盘
1352,11:15:20,11.28,--,10,11280,卖盘
1353,11:15:16,11.28,--,10,11280,卖盘
1354,11:15:11,11.28,--,418,471504,买盘
1355,11:15:05,11.28,--,8,9024,买盘
1356,11:15:01,11.28,--,73,82344,买盘
1357,11:14:56,11.28,--,73,82344,买盘
1358,11:14:50,11.28,--,17,19176,买盘
1359,11:14:46,11.28,-0.01,167,188376,中性盘
1360,11:14:41,11.29,--,136,153544,买盘
1361,11:14:31,11.29,0.01,43,48546,买盘
1362,11:14:26,11.28,-0.01,70,78960,卖盘
1363,11:14:20,11.29,--,101,114028,买盘
1364,11:14:16,11.29,--,975,1101791,买盘
1365,11:14:11,11.29,0.01,717,809492,买盘
1366,11:14:05,11.28,--,84,94752,卖盘
1367,11:14:01,11.28,--,493,556104,卖盘
1368,11:13:56,11.28,-0.01,56,63280,卖盘
1369,11:13:50,11.29,--,240,270960,买盘
1370,11:13:46,11.29,--,771,870458,买盘
1371,11:13:41,11.29,--,43,48546,买盘
1372,11:13:35,11.29,--,582,657078,买盘
1373,11:13:31,11.29,--,941,1062953,卖盘
1374,11:13:26,11.29,0.02,1903,2149051,买盘
1375,11:13:20,11.27,-0.02,814,917378,卖盘
1376,11:13:16,11.29,--,6,6773,买盘
1377,11:13:11,11.29,0.02,674,760946,买盘
1378,11:13:05,11.27,-0.01,178,200606,买盘
1379,11:13:01,11.28,0.01,3750,4230000,买盘
1380,11:12:56,11.27,--,134,151018,买盘
1381,11:12:50,11.27,0.01,100,112700,买盘
1382,11:12:46,11.26,-0.01,10,11260,卖盘
1383,11:12:41,11.27,0.01,48,54096,买盘
1384,11:12:31,11.26,0.01,734,826484,买盘
1385,11:12:26,11.25,-0.01,11,12375,卖盘
1386,11:12:20,11.26,--,405,456030,买盘
1387,11:12:16,11.26,-0.01,270,304020,中性盘
1388,11:12:11,11.27,0.01,1062,1196874,买盘
1389,11:12:05,11.26,0.02,1797,2023422,买盘
1390,11:11:59,11.24,-0.01,10,11240,卖盘
1391,11:11:56,11.25,--,125,140625,买盘
1392,11:11:50,11.25,0.01,10,11250,买盘
1393,11:11:44,11.24,-0.01,11,12364,卖盘
1394,11:11:41,11.25,--,40,45000,买盘
1395,11:11:35,11.25,0.01,38,42750,买盘
1396,11:11:29,11.24,-0.01,21,23604,卖盘
1397,11:11:26,11.25,0.01,55,61875,买盘
1398,11:11:20,11.24,--,52,58448,买盘
1399,11:11:14,11.24,--,214,240536,买盘
1400,11:11:10,11.24,0.01,50,56200,买盘
1401,11:11:05,11.23,--,134,150482,卖盘
1402,11:10:59,11.23,-0.01,26,29198,卖盘
1403,11:10:55,11.24,--,2,2248,买盘
1404,11:10:50,11.24,--,199,223676,买盘
1405,11:10:44,11.24,--,4,4496,买盘
1406,11:10:40,11.24,--,25,28100,买盘
1407,11:10:29,11.24,--,4,4496,买盘
1408,11:10:25,11.24,--,5,5620,买盘
1409,11:10:20,11.24,0.01,5,5620,买盘
1410,11:10:14,11.23,-0.01,1,1123,卖盘
1411,11:10:05,11.24,--,144,161856,买盘
1412,11:09:55,11.24,0.01,32,35968,买盘
1413,11:09:50,11.23,-0.01,56,62888,卖盘
1414,11:09:40,11.24,0.01,43,48332,买盘
1415,11:09:29,11.23,--,5,5615,卖盘
1416,11:09:10,11.23,--,157,176311,买盘
1417,11:09:05,11.23,--,10,11230,买盘
1418,11:08:55,11.23,--,215,241445,买盘
1419,11:08:50,11.23,-0.01,1123,1261129,卖盘
1420,11:08:44,11.24,--,6,6744,买盘
1421,11:08:40,11.24,--,300,337200,买盘
1422,11:08:35,11.24,-0.01,294,330456,卖盘
1423,11:08:14,11.25,0.01,4,4500,买盘
1424,11:08:10,11.24,-0.01,100,112400,中性盘
1425,11:08:05,11.25,0.02,500,562500,买盘
1426,11:07:59,11.23,-0.01,100,112300,卖盘
1427,11:07:55,11.24,0.01,23,25852,买盘
1428,11:07:50,11.23,--,21,23583,卖盘
1429,11:07:40,11.23,-0.01,10,11230,卖盘
1430,11:07:29,11.24,0.01,13,14612,买盘
1431,11:07:25,11.23,-0.01,9,10107,卖盘
1432,11:07:20,11.24,0.01,9,10116,买盘
1433,11:07:05,11.23,-0.01,5,5615,卖盘
1434,11:06:59,11.24,0.01,17,19108,买盘
1435,11:06:55,11.23,-0.01,42,47166,卖盘
1436,11:06:50,11.24,--,8,8992,买盘
1437,11:06:44,11.24,0.01,4,4496,买盘
1438,11:06:40,11.23,--,83,93209,卖盘
1439,11:06:35,11.23,-0.01,6,6738,卖盘
1440,11:06:29,11.24,--,215,241660,买盘
1441,11:06:25,11.24,0.01,62,69688,买盘
1442,11:06:20,11.23,--,200,224600,卖盘
1443,11:06:14,11.23,-0.01,21,23583,卖盘
1444,11:06:10,11.24,0.01,130,146120,买盘
1445,11:06:05,11.23,--,81,90963,卖盘
1446,11:05:55,11.23,--,33,37059,卖盘
1447,11:05:50,11.23,--,4,4492,卖盘
1448,11:05:44,11.23,--,7,7861,卖盘
1449,11:05:40,11.23,-0.01,5,5615,卖盘
1450,11:05:29,11.24,0.01,40,44960,买盘
1451,11:05:25,11.23,--,11,12353,卖盘
1452,11:05:20,11.23,-0.01,12,13476,卖盘
1453,11:05:14,11.24,--,5,5620,买盘
1454,11:05:10,11.24,--,8,8992,买盘
1455,11:05:05,11.24,--,236,266062,卖盘
1456,11:04:59,11.24,--,37,41588,卖盘
1457,11:04:55,11.24,--,35,39340,卖盘
1458,11:04:50,11.24,--,33,38092,卖盘
1459,11:04:44,11.24,-0.01,8,8992,卖盘
1460,11:04:40,11.25,0.01,34,38250,买盘
1461,11:04:35,11.24,--,131,147244,卖盘
1462,11:04:29,11.24,--,20,22480,卖盘
1463,11:04:25,11.24,--,100,112400,卖盘
1464,11:04:20,11.24,--,20,22480,卖盘
1465,11:04:10,11.24,--,36,40464,卖盘
1466,11:04:05,11.24,--,135,151740,卖盘
1467,11:03:55,11.24,--,1,1124,卖盘
1468,11:03:50,11.24,-0.01,102,114648,卖盘
1469,11:03:44,11.25,0.01,26,29250,买盘
1470,11:03:38,11.24,-0.01,28,31472,卖盘
1471,11:03:29,11.25,0.01,4,4500,买盘
1472,11:03:23,11.24,--,1,1124,卖盘
1473,11:03:20,11.24,-0.01,16,17984,卖盘
1474,11:03:14,11.25,--,69,77625,买盘
1475,11:03:08,11.25,0.01,24,27000,买盘
1476,11:03:05,11.24,--,13,14612,卖盘
1477,11:02:59,11.24,-0.01,26,29224,卖盘
1478,11:02:53,11.25,0.01,11,12375,买盘
1479,11:02:49,11.24,--,50,56200,卖盘
1480,11:02:44,11.24,--,5,5620,卖盘
1481,11:02:34,11.24,--,151,169724,卖盘
1482,11:02:29,11.24,--,581,653044,卖盘
1483,11:02:23,11.24,-0.01,34,38216,卖盘
1484,11:02:19,11.25,--,289,325125,买盘
1485,11:02:14,11.25,--,25,28125,买盘
1486,11:01:59,11.25,--,22,24750,买盘
1487,11:01:53,11.25,--,221,248625,卖盘
1488,11:01:49,11.25,--,389,437625,卖盘
1489,11:01:44,11.25,-0.01,32,36000,卖盘
1490,11:01:38,11.26,0.01,19,21394,买盘
1491,11:01:34,11.25,--,50,56250,卖盘
1492,11:01:29,11.25,--,43,48375,卖盘
1493,11:01:23,11.25,--,25,28125,卖盘
1494,11:01:14,11.25,--,3,3375,卖盘
1495,11:01:04,11.25,--,5,5625,卖盘
1496,11:00:59,11.25,--,9,10125,卖盘
1497,11:00:44,11.25,--,108,121500,卖盘
1498,11:00:38,11.25,-0.01,1,1125,卖盘
1499,11:00:19,11.26,0.01,39,43914,买盘
1500,11:00:14,11.25,-0.01,61,68625,卖盘
1501,11:00:08,11.26,-0.01,10,11260,卖盘
1502,11:00:04,11.27,0.01,10,11270,买盘
1503,10:59:59,11.26,--,2,2252,卖盘
1504,10:59:53,11.26,--,14,15764,买盘
1505,10:59:49,11.26,--,13,14638,卖盘
1506,10:59:44,11.26,--,5,5630,卖盘
1507,10:59:29,11.26,--,129,145254,买盘
1508,10:59:14,11.26,--,10,11260,买盘
1509,10:59:04,11.26,--,67,75442,卖盘
1510,10:58:59,11.26,--,40,45040,卖盘
1511,10:58:49,11.26,--,18,20268,卖盘
1512,10:58:44,11.26,--,56,63056,卖盘
1513,10:58:38,11.26,--,4,4504,卖盘
1514,10:58:29,11.26,0.01,84,94584,买盘
1515,10:58:19,11.25,-0.01,72,81000,卖盘
1516,10:58:14,11.26,--,51,57426,买盘
1517,10:58:04,11.26,--,100,112600,买盘
1518,10:57:59,11.26,--,80,90080,买盘
1519,10:57:53,11.26,--,10,11260,买盘
1520,10:57:49,11.26,--,80,90080,买盘
1521,10:57:44,11.26,--,132,148632,买盘
1522,10:57:38,11.26,--,674,758924,买盘
1523,10:57:23,11.26,--,24,27024,买盘
1524,10:57:19,11.26,0.01,300,337800,买盘
1525,10:57:14,11.25,-0.01,2,2250,卖盘
1526,10:57:08,11.26,0.01,50,56300,买盘
1527,10:57:04,11.25,--,54,60750,卖盘
1528,10:56:53,11.25,-0.01,12,13500,卖盘
1529,10:56:49,11.26,0.01,267,300642,买盘
1530,10:56:44,11.25,-0.01,10,11250,卖盘
1531,10:56:29,11.26,0.01,4,4504,买盘
1532,10:56:18,11.25,-0.01,8,9000,卖盘
1533,10:56:14,11.26,--,305,343430,买盘
1534,10:55:52,11.26,0.01,10,11260,买盘
1535,10:55:43,11.25,-0.01,7,7875,卖盘
1536,10:55:38,11.26,--,12,13512,买盘
1537,10:55:32,11.26,0.01,22,24772,买盘
1538,10:55:23,11.25,-0.01,20,22500,卖盘
1539,10:55:17,11.26,--,4,4504,买盘
1540,10:55:13,11.26,0.01,22,24772,买盘
1541,10:55:08,11.25,-0.01,34,38250,卖盘
1542,10:55:02,11.26,--,4,4504,买盘
1543,10:54:59,11.26,--,4,4504,买盘
1544,10:54:53,11.26,0.01,17,19142,买盘
1545,10:54:43,11.25,--,12,13500,卖盘
1546,10:54:38,11.25,-0.01,57,64125,卖盘
1547,10:54:32,11.26,0.01,32,36032,买盘
1548,10:54:28,11.25,-0.01,145,163125,卖盘
1549,10:54:23,11.26,0.01,16,18016,买盘
1550,10:54:13,11.25,--,5,5625,卖盘
1551,10:54:07,11.25,--,42,47250,卖盘
1552,10:53:53,11.25,--,15,16875,卖盘
1553,10:53:47,11.25,--,35,39375,卖盘
1554,10:53:43,11.25,--,66,74250,买盘
1555,10:53:37,11.25,--,63,71437,买盘
1556,10:53:32,11.25,--,121,136125,买盘
1557,10:53:28,11.25,--,145,163125,买盘
1558,10:53:22,11.25,0.01,20,22500,买盘
1559,10:53:13,11.24,--,1,1124,卖盘
1560,10:53:07,11.24,--,516,579984,卖盘
1561,10:52:53,11.24,-0.01,17,19108,卖盘
1562,10:52:46,11.25,0.01,3,3375,买盘
1563,10:52:37,11.24,-0.01,34,38216,卖盘
1564,10:52:28,11.25,0.01,30,33750,买盘
1565,10:52:16,11.24,-0.01,6,6744,卖盘
1566,10:52:13,11.25,--,39,43875,买盘
1567,10:52:07,11.25,--,12,13500,买盘
1568,10:52:01,11.25,--,11,12375,买盘
1569,10:51:58,11.25,--,34,38250,买盘
1570,10:51:52,11.25,--,9,10125,买盘
1571,10:51:43,11.25,--,77,86625,买盘
1572,10:51:37,11.25,--,69,77625,卖盘
1573,10:51:31,11.25,--,6,6750,卖盘
1574,10:51:28,11.25,--,22,24750,卖盘
1575,10:51:22,11.25,0.01,56,63000,卖盘
1576,10:51:01,11.24,--,22,24728,卖盘
1577,10:50:58,11.24,-0.01,54,60696,卖盘
1578,10:50:52,11.25,--,80,90000,买盘
1579,10:50:46,11.25,0.01,25,28125,买盘
1580,10:50:37,11.24,-0.01,159,178716,卖盘
1581,10:50:31,11.25,--,8,9000,买盘
1582,10:50:28,11.25,--,24,27000,买盘
1583,10:50:22,11.25,0.01,2,2250,买盘
1584,10:50:16,11.24,-0.01,25,28100,卖盘
1585,10:50:13,11.25,--,57,64125,买盘
1586,10:50:07,11.25,--,49,55125,买盘
1587,10:50:01,11.25,0.01,80,90000,买盘
1588,10:49:58,11.24,-0.01,285,320340,卖盘
1589,10:49:52,11.25,--,88,99000,买盘
1590,10:49:46,11.25,0.01,21,23625,买盘
1591,10:49:43,11.24,--,10,11240,卖盘
1592,10:49:37,11.24,--,15,16860,卖盘
1593,10:49:31,11.24,--,12,13488,卖盘
1594,10:49:28,11.24,-0.01,89,100036,卖盘
1595,10:49:22,11.25,0.01,45,50625,买盘
1596,10:49:16,11.24,--,9,10116,卖盘
1597,10:49:13,11.24,--,15,16860,卖盘
1598,10:49:07,11.24,--,267,300108,卖盘
1599,10:49:01,11.24,--,1,1124,卖盘
1600,10:48:58,11.24,--,83,93292,卖盘
1601,10:48:52,11.24,0.01,150,169611,买盘
1602,10:48:46,11.23,-0.01,261,293103,卖盘
1603,10:48:43,11.24,--,26,29224,买盘
1604,10:48:37,11.24,--,189,212436,买盘
1605,10:48:31,11.24,--,12,13488,买盘
1606,10:48:27,11.24,--,219,246156,买盘
1607,10:48:22,11.24,--,30,33720,买盘
1608,10:48:12,11.24,--,269,302356,买盘
1609,10:48:07,11.24,-0.01,795,893692,卖盘
1610,10:48:01,11.25,0.01,16,18000,买盘
1611,10:47:57,11.24,-0.01,33,37092,卖盘
1612,10:47:52,11.25,--,101,113625,买盘
1613,10:47:46,11.25,0.01,48,54000,买盘
1614,10:47:42,11.24,-0.01,102,115659,卖盘
1615,10:47:37,11.25,0.01,14,15750,买盘
1616,10:47:31,11.24,--,292,328208,卖盘
1617,10:47:25,11.24,--,32,35968,卖盘
1618,10:47:22,11.24,--,148,166352,卖盘
1619,10:47:16,11.24,--,39,43836,卖盘
1620,10:47:07,11.24,-0.01,10,11240,卖盘
1621,10:47:01,11.25,--,8,9000,买盘
1622,10:46:55,11.25,--,5,5625,买盘
1623,10:46:46,11.25,-0.01,527,592875,卖盘
1624,10:46:40,11.26,--,19,21394,买盘
1625,10:46:37,11.26,--,40,45040,买盘
1626,10:46:31,11.26,0.01,3,3378,买盘
1627,10:46:25,11.25,-0.01,6,6750,卖盘
1628,10:46:22,11.26,--,447,503322,卖盘
1629,10:46:16,11.26,-0.01,955,1075330,卖盘
1630,10:46:10,11.27,0.01,438,493626,买盘
1631,10:46:07,11.26,--,106,119356,卖盘
1632,10:46:01,11.26,--,410,461660,卖盘
1633,10:45:55,11.26,--,17,19142,卖盘
1634,10:45:52,11.26,--,7,7882,卖盘
1635,10:45:46,11.26,--,336,378336,卖盘
1636,10:45:40,11.26,--,337,379462,卖盘
1637,10:45:37,11.26,--,129,145254,卖盘
1638,10:45:31,11.26,-0.01,130,146380,卖盘
1639,10:45:25,11.27,--,44,49588,买盘
1640,10:45:22,11.27,--,12,13524,买盘
1641,10:45:10,11.27,--,45,50715,买盘
1642,10:45:07,11.27,--,2617,2949359,卖盘
1643,10:45:01,11.27,--,547,616469,卖盘
1644,10:44:55,11.27,-0.01,46,51842,卖盘
1645,10:44:52,11.28,0.01,630,710640,买盘
1646,10:44:46,11.27,-0.01,626,705502,卖盘
1647,10:44:31,11.28,0.01,155,174840,买盘
1648,10:44:25,11.27,--,10,11270,卖盘
1649,10:44:22,11.27,--,191,215257,卖盘
1650,10:44:16,11.27,-0.01,89,100303,卖盘
1651,10:44:10,11.28,0.01,25,28200,买盘
1652,10:44:07,11.27,--,80,90160,卖盘
1653,10:44:01,11.27,-0.01,55,61985,卖盘
1654,10:43:55,11.28,0.01,437,492936,买盘
1655,10:43:52,11.27,--,14,15778,卖盘
1656,10:43:46,11.27,--,133,149891,卖盘
1657,10:43:40,11.27,--,1037,1168699,买盘
1658,10:43:37,11.27,-0.01,210,236670,卖盘
1659,10:43:31,11.28,--,2082,2348496,买盘
1660,10:43:25,11.28,0.01,22,24816,买盘
1661,10:43:22,11.27,--,1050,1183350,中性盘
1662,10:43:16,11.27,--,1008,1136016,卖盘
1663,10:43:10,11.27,--,1260,1420020,买盘
1664,10:43:07,11.27,0.01,166,187082,买盘
1665,10:43:01,11.26,-0.01,10,11260,卖盘
1666,10:42:52,11.27,--,71,80017,买盘
1667,10:42:46,11.27,--,5,5635,买盘
1668,10:42:40,11.27,--,54,60858,买盘
1669,10:42:37,11.27,--,53,59731,买盘
1670,10:42:31,11.27,--,79,89033,买盘
1671,10:42:25,11.27,--,486,547722,买盘
1672,10:42:22,11.27,0.01,50,56350,买盘
1673,10:42:16,11.26,--,75,84450,卖盘
1674,10:42:07,11.26,-0.01,8,9008,卖盘
1675,10:42:01,11.27,--,7,7889,买盘
1676,10:41:55,11.27,0.01,45,50715,买盘
1677,10:41:52,11.26,--,26,29276,卖盘
1678,10:41:46,11.26,--,5,5630,卖盘
1679,10:41:40,11.26,--,4,4504,卖盘
1680,10:41:31,11.26,-0.01,139,156514,卖盘
1681,10:41:21,11.27,0.02,123,138621,买盘
1682,10:41:16,11.25,--,36,40500,卖盘
1683,10:41:10,11.25,-0.01,136,153000,卖盘
1684,10:41:06,11.26,--,130,146380,买盘
1685,10:41:01,11.26,--,284,319784,买盘
1686,10:40:55,11.26,0.01,32,36032,买盘
1687,10:40:51,11.25,-0.01,136,153000,卖盘
1688,10:40:46,11.26,--,207,233082,买盘
1689,10:40:40,11.26,--,384,432384,买盘
1690,10:40:36,11.26,0.01,54,60804,买盘
1691,10:40:31,11.25,--,63,70875,卖盘
1692,10:40:25,11.25,-0.01,1,1125,卖盘
1693,10:40:21,11.26,--,19,21394,买盘
1694,10:40:16,11.26,--,66,74316,买盘
1695,10:40:10,11.26,--,8,9008,买盘
1696,10:40:06,11.26,--,134,150884,买盘
1697,10:40:01,11.26,--,4,4504,买盘
1698,10:39:49,11.26,0.01,81,91206,买盘
1699,10:39:46,11.25,-0.01,70,78750,卖盘
1700,10:39:40,11.26,--,20,22520,买盘
1701,10:39:31,11.26,0.01,12,13512,买盘
1702,10:39:25,11.25,-0.01,90,101250,卖盘
1703,10:39:19,11.26,--,4,4504,买盘
1704,10:39:16,11.26,0.01,265,298390,买盘
1705,10:39:10,11.25,-0.01,120,135000,卖盘
1706,10:39:01,11.26,0.01,36,40536,买盘
1707,10:38:55,11.25,-0.01,65,73125,卖盘
1708,10:38:49,11.26,--,60,67560,买盘
1709,10:38:46,11.26,0.01,44,49544,买盘
1710,10:38:40,11.25,--,31,34875,卖盘
1711,10:38:34,11.25,-0.01,1,1125,卖盘
1712,10:38:31,11.26,0.01,35,39410,买盘
1713,10:38:25,11.25,--,74,83250,卖盘
1714,10:38:19,11.25,--,83,93375,卖盘
1715,10:38:16,11.25,--,48,54000,卖盘
1716,10:38:10,11.25,--,25,28125,卖盘
1717,10:38:04,11.25,-0.01,50,56250,卖盘
1718,10:38:01,11.26,0.01,10,11260,买盘
1719,10:37:55,11.25,--,152,171000,卖盘
1720,10:37:40,11.25,--,125,140625,卖盘
1721,10:37:31,11.25,--,60,67500,卖盘
1722,10:37:25,11.25,-0.01,37,41625,卖盘
1723,10:37:19,11.26,0.01,19,21394,买盘
1724,10:37:16,11.25,--,128,144000,卖盘
1725,10:37:10,11.25,--,108,121500,卖盘
1726,10:37:04,11.25,-0.01,30,33750,卖盘
1727,10:37:01,11.26,0.01,16,18016,买盘
1728,10:36:55,11.25,--,3,3375,卖盘
1729,10:36:46,11.25,-0.01,164,184500,卖盘
1730,10:36:40,11.26,--,143,161018,卖盘
1731,10:36:34,11.26,--,217,244342,卖盘
1732,10:36:31,11.26,--,6,6756,卖盘
1733,10:36:25,11.26,--,214,240964,卖盘
1734,10:36:19,11.26,-0.01,40,45040,卖盘
1735,10:36:16,11.27,0.01,324,365148,买盘
1736,10:36:10,11.26,-0.01,4,4504,卖盘
1737,10:36:01,11.27,0.01,36,40572,买盘
1738,10:35:55,11.26,-0.01,170,191420,卖盘
1739,10:35:49,11.27,0.01,60,67620,买盘
1740,10:35:46,11.26,-0.01,189,212814,卖盘
1741,10:35:40,11.27,--,20,22540,卖盘
1742,10:35:34,11.27,--,84,94668,卖盘
1743,10:35:31,11.27,--,236,265972,买盘
1744,10:35:19,11.27,--,8,9016,买盘
1745,10:35:16,11.27,--,64,72128,卖盘
1746,10:35:10,11.27,--,113,127351,卖盘
1747,10:35:04,11.27,--,33,37191,卖盘
1748,10:35:00,11.27,--,178,200606,卖盘
1749,10:34:55,11.27,--,312,351624,卖盘
1750,10:34:49,11.27,-0.01,5,5635,卖盘
1751,10:34:46,11.28,--,117,131976,买盘
1752,10:34:40,11.28,0.01,12,13536,买盘
1753,10:34:34,11.27,--,1,1127,卖盘
1754,10:34:30,11.27,--,105,118335,卖盘
1755,10:34:25,11.27,--,2,2254,卖盘
1756,10:34:15,11.27,--,99,111573,卖盘
1757,10:34:04,11.27,-0.01,3,3381,卖盘
1758,10:34:00,11.28,--,232,261695,卖盘
1759,10:33:55,11.28,--,900,1015200,买盘
1760,10:33:49,11.28,--,17,19176,买盘
1761,10:33:45,11.28,--,258,291024,买盘
1762,10:33:40,11.28,-0.01,214,241392,卖盘
1763,10:33:34,11.29,0.01,44,49675,买盘
1764,10:33:30,11.28,-0.01,98,110544,卖盘
1765,10:33:25,11.29,--,142,160318,买盘
1766,10:33:19,11.29,--,41,46289,买盘
1767,10:33:15,11.29,0.01,74,83546,买盘
1768,10:33:10,11.28,--,202,227856,卖盘
1769,10:33:04,11.28,--,19,21432,卖盘
1770,10:33:00,11.28,-0.01,155,174840,卖盘
1771,10:32:55,11.29,--,390,440309,买盘
1772,10:32:49,11.29,0.01,147,165963,买盘
1773,10:32:45,11.28,-0.01,298,336144,卖盘
1774,10:32:40,11.29,0.01,57,64352,买盘
1775,10:32:34,11.28,--,32,36096,卖盘
1776,10:32:30,11.28,--,172,194016,卖盘
1777,10:32:25,11.28,--,320,360960,买盘
1778,10:32:19,11.28,--,60,67680,买盘
1779,10:32:15,11.28,--,549,619272,买盘
1780,10:32:10,11.28,0.01,82,92496,买盘
1781,10:32:04,11.27,-0.01,609,686343,卖盘
1782,10:31:58,11.28,0.01,9,10152,买盘
1783,10:31:55,11.27,-0.01,97,109319,卖盘
1784,10:31:49,11.28,--,89,100392,买盘
1785,10:31:43,11.28,0.01,40,45120,买盘
1786,10:31:40,11.27,-0.01,6,6762,卖盘
1787,10:31:34,11.28,0.01,181,204168,买盘
1788,10:31:28,11.27,-0.01,204,229908,卖盘
1789,10:31:25,11.28,0.01,81,91368,买盘
1790,10:31:19,11.27,--,27,30429,卖盘
1791,10:31:13,11.27,-0.01,245,276115,卖盘
1792,10:31:10,11.28,--,30,33840,买盘
1793,10:31:04,11.28,0.01,441,497448,买盘
1794,10:30:58,11.27,--,15,16905,卖盘
1795,10:30:55,11.27,-0.01,50,56350,卖盘
1796,10:30:49,11.28,--,83,93624,买盘
1797,10:30:43,11.28,--,68,76704,买盘
1798,10:30:40,11.28,--,5,5640,买盘
1799,10:30:34,11.28,0.01,363,409464,买盘
1800,10:30:28,11.27,--,8,9016,买盘
1801,10:30:25,11.27,-0.01,294,331743,卖盘
1802,10:30:19,11.28,0.01,150,169200,买盘
1803,10:30:13,11.27,-0.01,26,29302,卖盘
1804,10:30:10,11.28,--,366,412848,买盘
1805,10:30:04,11.28,0.01,55,62040,买盘
1806,10:29:58,11.27,-0.01,28,31556,卖盘
1807,10:29:55,11.28,0.01,312,352657,买盘
1808,10:29:49,11.27,--,253,285536,卖盘
1809,10:29:43,11.27,-0.01,12,13524,卖盘
1810,10:29:40,11.28,--,60,67680,买盘
1811,10:29:34,11.28,0.02,106,120289,买盘
1812,10:29:28,11.26,--,1643,1850018,卖盘
1813,10:29:25,11.26,--,122,137372,卖盘
1814,10:29:19,11.26,-0.01,12,13512,卖盘
1815,10:29:13,11.27,0.01,21,23667,买盘
1816,10:29:10,11.26,-0.01,102,114852,卖盘
1817,10:29:04,11.27,0.01,194,218638,买盘
1818,10:28:58,11.26,--,43,48418,卖盘
1819,10:28:55,11.26,--,75,84450,卖盘
1820,10:28:49,11.26,-0.01,35,39410,卖盘
1821,10:28:43,11.27,--,1,1127,买盘
1822,10:28:40,11.27,--,55,61985,买盘
1823,10:28:34,11.27,0.01,31,34937,买盘
1824,10:28:28,11.26,-0.01,50,56300,卖盘
1825,10:28:25,11.27,--,749,844123,买盘
1826,10:28:19,11.27,--,28,31556,买盘
1827,10:28:13,11.27,0.01,21,23667,买盘
1828,10:28:09,11.26,-0.01,195,219570,卖盘
1829,10:28:04,11.27,--,98,110446,买盘
1830,10:27:58,11.27,--,13,14651,买盘
1831,10:27:54,11.27,0.01,170,191590,买盘
1832,10:27:49,11.26,--,83,93458,卖盘
1833,10:27:43,11.26,-0.01,32,36032,卖盘
1834,10:27:39,11.27,0.01,309,348243,买盘
1835,10:27:34,11.26,--,25,28150,卖盘
1836,10:27:28,11.26,--,156,175656,卖盘
1837,10:27:24,11.26,--,415,467290,买盘
1838,10:27:19,11.26,--,137,154262,买盘
1839,10:27:13,11.26,--,47,52922,买盘
1840,10:27:09,11.26,--,22,24772,买盘
1841,10:27:04,11.26,--,12,13512,买盘
1842,10:26:58,11.26,0.01,241,271366,买盘
1843,10:26:54,11.25,-0.01,2,2250,卖盘
1844,10:26:49,11.26,--,5,5630,买盘
1845,10:26:43,11.26,--,56,63056,卖盘
1846,10:26:39,11.26,--,186,209436,卖盘
1847,10:26:34,11.26,--,249,280374,卖盘
1848,10:26:28,11.26,--,409,460534,卖盘
1849,10:26:24,11.26,-0.01,71,79946,卖盘
1850,10:26:19,11.27,0.01,463,521801,买盘
1851,10:26:13,11.26,--,77,86702,卖盘
1852,10:26:09,11.26,--,31,34906,卖盘
1853,10:26:04,11.26,--,118,132868,买盘
1854,10:25:58,11.26,--,43,48418,卖盘
1855,10:25:54,11.26,--,85,95710,买盘
1856,10:25:49,11.26,-0.01,72,81072,买盘
1857,10:25:43,11.27,0.01,100,112700,买盘
1858,10:25:39,11.26,-0.01,153,172278,卖盘
1859,10:25:34,11.27,0.02,190,214130,买盘
1860,10:25:28,11.25,-0.01,200,225000,卖盘
1861,10:25:24,11.26,--,134,150884,买盘
1862,10:25:19,11.26,--,71,79946,卖盘
1863,10:25:09,11.26,--,272,306272,卖盘
1864,10:25:04,11.26,--,78,87828,卖盘
1865,10:24:58,11.26,--,116,130616,卖盘
1866,10:24:54,11.26,--,58,65308,买盘
1867,10:24:49,11.26,0.01,19,21394,买盘
1868,10:24:43,11.25,-0.01,225,253125,卖盘
1869,10:24:39,11.26,--,122,137372,买盘
1870,10:24:34,11.26,--,61,68686,买盘
1871,10:24:28,11.26,--,100,112600,买盘
1872,10:24:24,11.26,--,71,79946,买盘
1873,10:24:19,11.26,0.01,567,638442,买盘
1874,10:24:13,11.25,-0.01,14,15761,卖盘
1875,10:24:04,11.26,0.01,756,851256,买盘
1876,10:23:58,11.25,--,521,586125,买盘
1877,10:23:52,11.25,0.01,19,21375,买盘
1878,10:23:49,11.24,-0.01,47,52828,卖盘
1879,10:23:43,11.25,0.01,145,163125,买盘
1880,10:23:34,11.24,--,31,34844,卖盘
1881,10:23:28,11.24,--,1424,1600576,买盘
1882,10:23:22,11.24,--,3,3372,买盘
1883,10:23:18,11.24,--,103,115772,买盘
1884,10:23:13,11.24,--,100,112400,买盘
1885,10:23:03,11.24,--,216,242784,买盘
1886,10:22:58,11.24,--,70,78680,买盘
1887,10:22:52,11.24,--,191,214684,买盘
1888,10:22:48,11.24,--,32,35968,买盘
1889,10:22:43,11.24,--,50,56200,买盘
1890,10:22:37,11.24,--,4,4496,买盘
1891,10:22:33,11.24,0.01,132,148368,买盘
1892,10:22:28,11.23,-0.01,228,256044,卖盘
1893,10:22:22,11.24,0.01,2,2248,买盘
1894,10:22:13,11.23,--,38,42674,买盘
1895,10:22:07,11.23,--,76,85348,买盘
1896,10:22:03,11.23,--,362,406526,买盘
1897,10:21:58,11.23,--,115,129145,买盘
1898,10:21:52,11.23,--,78,87594,买盘
1899,10:21:48,11.23,--,146,163958,买盘
1900,10:21:43,11.23,--,148,166204,买盘
1901,10:21:37,11.23,--,102,114546,买盘
1902,10:21:33,11.23,--,140,157220,买盘
1903,10:21:28,11.23,--,70,78610,买盘
1904,10:21:22,11.23,0.01,238,267274,买盘
1905,10:21:18,11.22,-0.01,206,231132,卖盘
1906,10:21:13,11.23,--,66,74118,买盘
1907,10:21:07,11.23,--,64,71872,买盘
1908,10:21:03,11.23,0.01,23,25829,买盘
1909,10:20:58,11.22,-0.01,23,25806,卖盘
1910,10:20:52,11.23,--,298,334654,买盘
1911,10:20:48,11.23,--,80,89840,买盘
1912,10:20:37,11.23,--,51,57273,买盘
1913,10:20:33,11.23,--,276,309948,买盘
1914,10:20:28,11.23,--,256,287488,买盘
1915,10:20:22,11.23,--,12,13476,买盘
1916,10:20:13,11.23,0.01,707,793961,买盘
1917,10:20:07,11.22,-0.01,45,50490,卖盘
1918,10:20:03,11.23,--,201,225723,买盘
1919,10:19:58,11.23,--,84,94332,买盘
1920,10:19:52,11.23,0.01,15,16845,买盘
1921,10:19:48,11.22,-0.01,118,132396,卖盘
1922,10:19:43,11.23,0.01,338,379574,买盘
1923,10:19:37,11.22,--,46,51612,卖盘
1924,10:19:33,11.22,-0.01,3,3366,卖盘
1925,10:19:28,11.23,--,73,81979,买盘
1926,10:19:22,11.23,0.01,2,2246,买盘
1927,10:19:18,11.22,--,104,116688,卖盘
1928,10:19:13,11.22,--,413,463610,买盘
1929,10:19:07,11.22,--,10,11220,买盘
1930,10:19:03,11.22,--,314,353205,卖盘
1931,10:18:58,11.22,-0.01,46,51612,卖盘
1932,10:18:52,11.23,--,50,56150,买盘
1933,10:18:48,11.23,0.01,728,817544,买盘
1934,10:18:43,11.22,--,30,33660,卖盘
1935,10:18:33,11.22,--,39,43758,卖盘
1936,10:18:28,11.22,--,52,58344,卖盘
1937,10:18:22,11.22,-0.01,10,11220,卖盘
1938,10:18:18,11.23,--,44,49412,买盘
1939,10:18:13,11.23,--,4,4492,买盘
1940,10:18:07,11.23,--,40,44920,买盘
1941,10:18:03,11.23,--,30,33690,买盘
1942,10:17:58,11.23,--,4,4492,卖盘
1943,10:17:52,11.23,0.01,18,20214,中性盘
1944,10:17:48,11.22,-0.01,620,695640,卖盘
1945,10:17:43,11.23,--,69,77487,卖盘
1946,10:17:37,11.23,--,34,38182,卖盘
1947,10:17:33,11.23,-0.01,50,56150,卖盘
1948,10:17:28,11.24,--,196,220304,买盘
1949,10:17:22,11.24,--,15,16860,买盘
1950,10:17:18,11.24,0.01,72,80928,买盘
1951,10:17:13,11.23,-0.01,37,41551,卖盘
1952,10:17:07,11.24,--,8,8992,买盘
1953,10:17:03,11.24,--,45,50580,买盘
1954,10:16:58,11.24,0.01,59,66316,买盘
1955,10:16:52,11.23,-0.01,184,206632,卖盘
1956,10:16:48,11.24,--,275,309100,买盘
1957,10:16:43,11.24,--,20,22480,买盘
1958,10:16:37,11.24,--,22,24728,买盘
1959,10:16:33,11.24,--,122,137128,买盘
1960,10:16:28,11.24,--,114,128136,买盘
1961,10:16:22,11.24,--,312,350688,卖盘
1962,10:16:18,11.24,--,66,74184,卖盘
1963,10:16:13,11.24,-0.01,106,119144,卖盘
1964,10:16:07,11.25,0.01,118,132750,买盘
1965,10:16:01,11.24,--,175,196700,卖盘
1966,10:15:58,11.24,--,71,79804,卖盘
1967,10:15:52,11.24,--,10,11240,卖盘
1968,10:15:46,11.24,-0.01,6,6744,卖盘
1969,10:15:43,11.25,0.01,35,39375,买盘
1970,10:15:37,11.24,--,202,227048,卖盘
1971,10:15:31,11.24,-0.01,20,22480,卖盘
1972,10:15:28,11.25,--,93,104625,买盘
1973,10:15:22,11.25,0.02,115,129375,买盘
1974,10:15:12,11.23,-0.01,148,166204,卖盘
1975,10:15:07,11.24,0.01,165,185460,买盘
1976,10:15:01,11.23,-0.01,37,41551,卖盘
1977,10:14:57,11.24,--,154,173096,买盘
1978,10:14:42,11.24,--,22,24728,买盘
1979,10:14:37,11.24,--,800,899200,卖盘
1980,10:14:27,11.24,-0.01,736,827264,卖盘
1981,10:14:22,11.25,--,24,27000,买盘
1982,10:14:16,11.25,--,5,5625,买盘
1983,10:14:12,11.25,0.01,294,330750,买盘
1984,10:14:07,11.24,-0.01,100,112400,卖盘
1985,10:14:01,11.25,--,24,27000,买盘
1986,10:13:57,11.25,--,91,102375,买盘
1987,10:13:52,11.25,-0.01,302,339750,卖盘
1988,10:13:42,11.26,--,96,108096,买盘
1989,10:13:37,11.26,--,163,183538,买盘
1990,10:13:31,11.26,--,347,390722,买盘
1991,10:13:27,11.26,--,30,33780,买盘
1992,10:13:22,11.26,0.01,111,124986,买盘
1993,10:13:16,11.25,--,595,669375,卖盘
1994,10:13:12,11.25,--,100,112500,卖盘
1995,10:13:07,11.25,--,20,22500,卖盘
1996,10:13:01,11.25,0.01,793,892125,买盘
1997,10:12:57,11.24,-0.01,15,16860,卖盘
1998,10:12:52,11.25,0.01,117,131625,买盘
1999,10:12:42,11.24,--,35,39340,卖盘
2000,10:12:37,11.24,-0.01,17,19108,卖盘
2001,10:12:27,11.25,0.01,47,52875,买盘
2002,10:12:22,11.24,-0.01,42,47208,卖盘
2003,10:12:16,11.25,--,104,117000,买盘
2004,10:12:12,11.25,--,209,235125,买盘
2005,10:12:07,11.25,--,117,131625,买盘
2006,10:12:01,11.25,0.01,86,96750,买盘
2007,10:11:57,11.24,-0.01,698,784552,卖盘
2008,10:11:52,11.25,--,66,74250,买盘
2009,10:11:42,11.25,--,95,106875,买盘
2010,10:11:37,11.25,--,62,69750,买盘
2011,10:11:31,11.25,--,5,5625,买盘
2012,10:11:27,11.25,0.01,61,68625,买盘
2013,10:11:22,11.24,-0.01,19,21356,卖盘
2014,10:11:07,11.25,0.01,49,55125,买盘
2015,10:10:57,11.24,--,56,62944,买盘
2016,10:10:52,11.24,-0.02,45,50580,中性盘
2017,10:10:46,11.26,0.02,51,57426,买盘
2018,10:10:42,11.24,--,26,29224,买盘
2019,10:10:37,11.24,-0.01,94,105656,卖盘
2020,10:10:31,11.25,-0.01,63,70875,卖盘
2021,10:10:27,11.26,0.01,526,592276,买盘
2022,10:10:22,11.25,--,209,235125,卖盘
2023,10:10:16,11.25,--,30,33750,卖盘
2024,10:10:12,11.25,--,1646,1851750,买盘
2025,10:10:07,11.25,0.02,81,91125,买盘
2026,10:10:01,11.23,-0.01,20,22460,卖盘
2027,10:09:57,11.24,0.01,503,565372,买盘
2028,10:09:52,11.23,--,15,16845,卖盘
2029,10:09:46,11.23,--,143,160589,卖盘
2030,10:09:42,11.23,--,60,67380,卖盘
2031,10:09:37,11.23,-0.01,32,35936,卖盘
2032,10:09:31,11.24,0.01,4,4496,买盘
2033,10:09:27,11.23,0.01,98,110278,买盘
2034,10:09:22,11.22,-0.01,114,128805,卖盘
2035,10:09:16,11.23,0.01,34,38182,买盘
2036,10:09:12,11.22,-0.01,233,261426,卖盘
2037,10:09:07,11.23,0.01,66,74118,买盘
2038,10:09:01,11.22,--,3,3366,卖盘
2039,10:08:57,11.22,--,176,197472,卖盘
2040,10:08:52,11.22,--,30,33660,卖盘
2041,10:08:42,11.22,-0.01,35,39270,卖盘
2042,10:08:37,11.23,0.01,12,13476,买盘
2043,10:08:27,11.22,-0.01,119,133518,卖盘
2044,10:08:22,11.23,0.01,114,128022,买盘
2045,10:08:16,11.22,--,13,14586,卖盘
2046,10:08:11,11.22,--,23,25806,卖盘
2047,10:08:06,11.22,--,248,278256,卖盘
2048,10:08:01,11.22,--,6,6732,卖盘
2049,10:07:55,11.22,--,50,56100,卖盘
2050,10:07:51,11.22,--,10,11220,卖盘
2051,10:07:40,11.22,--,1,1122,卖盘
2052,10:07:37,11.22,-0.01,44,49592,卖盘
2053,10:07:31,11.23,--,11,12353,买盘
2054,10:07:21,11.23,0.01,157,176311,买盘
2055,10:07:16,11.22,--,15,16830,卖盘
2056,10:07:06,11.22,-0.01,85,95370,卖盘
2057,10:07:01,11.23,0.01,5,5615,买盘
2058,10:06:51,11.22,-0.01,22,24684,卖盘
2059,10:06:46,11.23,--,266,298718,买盘
2060,10:06:40,11.23,--,54,60642,买盘
2061,10:06:36,11.23,0.01,12,13476,买盘
2062,10:06:31,11.22,--,21,23562,卖盘
2063,10:06:25,11.22,0.01,1,1122,买盘
2064,10:06:21,11.21,-0.01,58,65018,卖盘
2065,10:06:16,11.22,--,52,58344,卖盘
2066,10:06:10,11.22,--,32,35904,买盘
2067,10:06:06,11.22,--,41,46002,买盘
2068,10:06:01,11.22,0.01,41,46002,买盘
2069,10:05:55,11.21,--,107,119947,卖盘
2070,10:05:51,11.21,--,29,32509,卖盘
2071,10:05:46,11.21,-0.01,6,6726,卖盘
2072,10:05:36,11.22,--,16,17952,买盘
2073,10:05:31,11.22,0.02,5,5610,买盘
2074,10:05:25,11.2,--,1,1120,卖盘
2075,10:05:21,11.2,--,28,31359,卖盘
2076,10:05:16,11.2,-0.02,40,44800,卖盘
2077,10:05:10,11.22,0.02,200,224400,买盘
2078,10:05:06,11.2,0.01,30,33600,卖盘
2079,10:05:01,11.19,--,2010,2249190,卖盘
2080,10:04:55,11.19,-0.01,50,55950,卖盘
2081,10:04:51,11.2,--,100,112000,买盘
2082,10:04:46,11.2,-0.01,738,826560,卖盘
2083,10:04:36,11.21,--,244,273524,买盘
2084,10:04:31,11.21,--,386,432706,卖盘
2085,10:04:21,11.21,--,320,358720,卖盘
2086,10:04:16,11.21,--,55,61655,卖盘
2087,10:04:10,11.21,--,10,11210,卖盘
2088,10:04:06,11.21,-0.01,101,113221,卖盘
2089,10:04:01,11.22,--,42,47124,买盘
2090,10:03:46,11.22,-0.01,917,1028874,卖盘
2091,10:03:36,11.23,--,39,43797,买盘
2092,10:03:31,11.23,--,100,112300,买盘
2093,10:03:25,11.23,--,12,13476,买盘
2094,10:03:21,11.23,--,440,494120,卖盘
2095,10:03:15,11.23,--,84,94332,卖盘
2096,10:03:06,11.23,--,45,50535,卖盘
2097,10:03:01,11.23,--,36,40428,卖盘
2098,10:02:51,11.23,--,158,177434,卖盘
2099,10:02:45,11.23,--,52,58396,卖盘
2100,10:02:40,11.23,--,20,22460,卖盘
2101,10:02:36,11.23,--,5,5615,卖盘
2102,10:02:31,11.23,-0.01,3,3369,卖盘
2103,10:02:21,11.24,--,82,92168,买盘
2104,10:02:10,11.24,0.01,24,26976,买盘
2105,10:02:06,11.23,-0.01,5,5615,卖盘
2106,10:02:00,11.24,--,154,173096,卖盘
2107,10:01:55,11.24,-0.01,5,5620,卖盘
2108,10:01:51,11.25,0.01,204,229500,买盘
2109,10:01:45,11.24,--,11,12364,卖盘
2110,10:01:40,11.24,0.01,107,120268,买盘
2111,10:01:35,11.23,-0.01,117,131391,卖盘
2112,10:01:30,11.24,0.01,388,436112,买盘
2113,10:01:25,11.23,--,106,119038,卖盘
2114,10:01:21,11.23,-0.01,70,78610,卖盘
2115,10:01:15,11.24,--,137,153988,买盘
2116,10:01:10,11.24,--,37,41588,买盘
2117,10:01:00,11.24,--,93,104532,买盘
2118,10:00:55,11.24,--,57,64068,买盘
2119,10:00:49,11.24,--,154,173096,买盘
2120,10:00:45,11.24,--,41,46084,买盘
2121,10:00:40,11.24,--,51,57324,买盘
2122,10:00:34,11.24,--,4,4496,买盘
2123,10:00:30,11.24,0.01,518,582232,买盘
2124,10:00:25,11.23,--,97,108931,买盘
2125,10:00:19,11.23,--,2,2246,买盘
2126,10:00:15,11.23,--,91,102193,买盘
2127,10:00:10,11.23,0.01,36,40428,买盘
2128,10:00:00,11.22,-0.01,17,19074,卖盘
2129,09:59:55,11.23,--,55,61765,买盘
2130,09:59:49,11.23,--,2,2246,买盘
2131,09:59:45,11.23,--,10,11230,卖盘
2132,09:59:40,11.23,-0.01,212,238076,卖盘
2133,09:59:34,11.24,--,5,5620,买盘
2134,09:59:30,11.24,0.01,142,159608,买盘
2135,09:59:25,11.23,--,246,276258,卖盘
2136,09:59:15,11.23,--,63,70749,卖盘
2137,09:59:10,11.23,--,69,77487,买盘
2138,09:59:04,11.23,-0.01,9,10107,卖盘
2139,09:59:00,11.24,0.01,295,331580,买盘
2140,09:58:55,11.23,--,40,44920,卖盘
2141,09:58:49,11.23,--,84,94332,买盘
2142,09:58:45,11.23,--,258,289734,买盘
2143,09:58:40,11.23,--,50,56150,买盘
2144,09:58:34,11.23,0.01,34,38182,买盘
2145,09:58:30,11.22,--,36,40392,卖盘
2146,09:58:25,11.22,-0.01,86,96492,卖盘
2147,09:58:19,11.23,--,5,5615,买盘
2148,09:58:15,11.23,0.01,103,115669,买盘
2149,09:58:10,11.22,-0.01,17,19074,卖盘
2150,09:58:04,11.23,-0.01,129,144867,卖盘
2151,09:58:00,11.24,0.01,192,215808,买盘
2152,09:57:55,11.23,--,157,176311,卖盘
2153,09:57:49,11.23,-0.01,40,44920,卖盘
2154,09:57:45,11.24,0.01,221,248404,买盘
2155,09:57:40,11.23,--,80,89840,卖盘
2156,09:57:34,11.23,--,5,5615,卖盘
2157,09:57:30,11.23,-0.01,58,65134,卖盘
2158,09:57:25,11.24,--,146,164104,买盘
2159,09:57:19,11.24,0.01,25,28100,买盘
2160,09:57:15,11.23,-0.01,20,22460,卖盘
2161,09:57:09,11.24,-0.01,120,134880,买盘
2162,09:57:04,11.25,0.01,199,223875,买盘
2163,09:57:00,11.24,--,248,278752,卖盘
2164,09:56:55,11.24,--,35,39340,卖盘
2165,09:56:49,11.24,--,20,22480,卖盘
2166,09:56:45,11.24,0.01,50,56200,卖盘
2167,09:56:39,11.23,--,25,28075,卖盘
2168,09:56:30,11.23,-0.01,23,25829,卖盘
2169,09:56:24,11.24,--,306,343944,买盘
2170,09:56:19,11.24,--,368,413632,买盘
2171,09:56:15,11.24,-0.03,127,142748,买盘
2172,09:56:09,11.27,0.03,3214,3622178,买盘
2173,09:56:04,11.24,--,1011,1136364,买盘
2174,09:56:00,11.24,--,218,246066,卖盘
2175,09:55:54,11.24,--,277,311348,卖盘
2176,09:55:49,11.24,--,323,363052,卖盘
2177,09:55:45,11.24,--,506,568833,买盘
2178,09:55:39,11.24,--,1342,1508408,买盘
2179,09:55:34,11.24,0.01,663,745212,买盘
2180,09:55:30,11.23,--,23,25829,卖盘
2181,09:55:24,11.23,--,317,355991,买盘
2182,09:55:19,11.23,-0.01,253,284119,卖盘
2183,09:55:15,11.24,0.01,579,650796,买盘
2184,09:55:00,11.23,0.01,302,339146,买盘
2185,09:54:54,11.22,-0.02,17,19074,卖盘
2186,09:54:49,11.24,--,90,102194,卖盘
2187,09:54:44,11.24,--,976,1097113,买盘
2188,09:54:39,11.24,0.01,424,476576,买盘
2189,09:54:34,11.23,-0.01,123,138129,卖盘
2190,09:54:29,11.24,0.01,211,237164,买盘
2191,09:54:24,11.23,0.01,164,184172,买盘
2192,09:54:19,11.22,-0.01,139,155958,卖盘
2193,09:54:14,11.23,0.01,183,205509,买盘
2194,09:54:09,11.22,-0.03,72,80784,卖盘
2195,09:54:04,11.25,0.01,1703,1915875,买盘
2196,09:53:59,11.24,0.01,295,331580,买盘
2197,09:53:54,11.23,--,87,97701,买盘
2198,09:53:49,11.23,--,133,149359,卖盘
2199,09:53:44,11.23,--,225,252675,买盘
2200,09:53:39,11.23,--,48,53904,买盘
2201,09:53:34,11.23,--,8,8984,买盘
2202,09:53:29,11.23,--,382,428986,买盘
2203,09:53:24,11.23,0.02,122,137006,买盘
2204,09:53:19,11.21,0.01,233,261193,中性盘
2205,09:53:14,11.2,-0.01,1261,1412320,卖盘
2206,09:53:09,11.21,0.01,117,131157,买盘
2207,09:53:04,11.2,-0.01,62,69440,卖盘
2208,09:52:58,11.21,0.01,2,2242,买盘
2209,09:52:54,11.2,0.02,2659,2978080,买盘
2210,09:52:49,11.18,--,861,962598,买盘
2211,09:52:43,11.18,0.01,202,225836,买盘
2212,09:52:39,11.17,-0.01,50,55850,卖盘
2213,09:52:34,11.18,0.01,9,10062,买盘
2214,09:52:24,11.17,--,33,36861,卖盘
2215,09:52:19,11.17,-0.01,80,89360,卖盘
2216,09:52:13,11.18,--,275,307450,买盘
2217,09:52:09,11.18,--,16,17888,买盘
2218,09:52:04,11.18,0.01,4,4472,买盘
2219,09:51:54,11.17,--,321,358557,卖盘
2220,09:51:49,11.17,--,44,49148,买盘
2221,09:51:43,11.17,--,2,2234,买盘
2222,09:51:39,11.17,-0.01,17,18989,买盘
2223,09:51:34,11.18,0.01,253,282854,买盘
2224,09:51:28,11.17,--,157,175369,卖盘
2225,09:51:24,11.17,-0.01,42,46914,卖盘
2226,09:51:19,11.18,--,237,264966,买盘
2227,09:51:13,11.18,0.01,76,84968,买盘
2228,09:51:09,11.17,--,59,65903,卖盘
2229,09:51:04,11.17,-0.01,116,129572,卖盘
2230,09:50:58,11.18,0.01,25,27950,买盘
2231,09:50:54,11.17,-0.01,104,116168,卖盘
2232,09:50:49,11.18,0.01,44,49192,买盘
2233,09:50:43,11.17,-0.01,30,33510,卖盘
2234,09:50:39,11.18,0.01,33,36894,买盘
2235,09:50:34,11.17,--,111,123987,买盘
2236,09:50:28,11.17,0.01,81,90477,买盘
2237,09:50:24,11.16,-0.01,99,110484,卖盘
2238,09:50:19,11.17,0.01,21,23457,买盘
2239,09:50:13,11.16,--,72,80352,卖盘
2240,09:50:09,11.16,-0.01,23,25668,卖盘
2241,09:50:04,11.17,0.01,46,51382,买盘
2242,09:49:58,11.16,--,80,89280,买盘
2243,09:49:54,11.16,--,21,23436,买盘
2244,09:49:48,11.16,0.01,64,71424,买盘
2245,09:49:43,11.15,-0.01,10,11150,卖盘
2246,09:49:39,11.16,--,57,63612,买盘
2247,09:49:33,11.16,--,218,243288,买盘
2248,09:49:28,11.16,--,15,16740,买盘
2249,09:49:24,11.16,--,56,62496,卖盘
2250,09:49:13,11.16,--,17,18972,卖盘
2251,09:49:09,11.16,--,280,312480,卖盘
2252,09:49:03,11.16,--,80,89280,卖盘
2253,09:48:58,11.16,--,60,66960,卖盘
2254,09:48:54,11.16,--,24,26784,卖盘
2255,09:48:48,11.16,--,47,52452,卖盘
2256,09:48:39,11.16,-0.01,80,89280,卖盘
2257,09:48:33,11.17,--,172,192124,卖盘
2258,09:48:28,11.17,--,12,13404,卖盘
2259,09:48:24,11.17,--,293,327281,卖盘
2260,09:48:18,11.17,-0.01,28,31276,卖盘
2261,09:48:13,11.18,0.02,33,36894,买盘
2262,09:48:09,11.16,--,91,101556,卖盘
2263,09:48:03,11.16,-0.02,246,274536,卖盘
2264,09:47:58,11.18,0.01,6,6708,买盘
2265,09:47:54,11.17,--,49,54733,卖盘
2266,09:47:48,11.17,-0.01,148,165316,卖盘
2267,09:47:43,11.18,--,40,44720,买盘
2268,09:47:39,11.18,0.01,60,67080,买盘
2269,09:47:33,11.17,-0.01,32,35744,买盘
2270,09:47:28,11.18,0.03,800,894400,买盘
2271,09:47:23,11.15,-0.02,18,20070,卖盘
2272,09:47:18,11.17,0.01,1240,1385080,买盘
2273,09:47:13,11.16,-0.01,85,94860,卖盘
2274,09:47:09,11.17,0.01,14,15638,买盘
2275,09:47:03,11.16,--,218,243288,买盘
2276,09:46:53,11.16,--,434,484344,买盘
2277,09:46:48,11.16,0.01,5,5580,买盘
2278,09:46:43,11.15,--,194,216310,卖盘
2279,09:46:38,11.15,--,562,626630,买盘
2280,09:46:33,11.15,--,40,44600,买盘
2281,09:46:28,11.15,--,50,55750,买盘
2282,09:46:23,11.15,0.01,165,183975,买盘
2283,09:46:18,11.14,-0.01,120,133680,卖盘
2284,09:46:13,11.15,--,5,5575,买盘
2285,09:46:08,11.15,0.01,44,49060,买盘
2286,09:46:03,11.14,-0.01,66,73524,卖盘
2287,09:45:53,11.15,0.01,137,152755,买盘
2288,09:45:48,11.14,--,426,474564,买盘
2289,09:45:43,11.14,--,77,85778,买盘
2290,09:45:38,11.14,0.01,193,215002,买盘
2291,09:45:33,11.13,--,85,94605,买盘
2292,09:45:28,11.13,-0.01,258,287154,卖盘
2293,09:45:23,11.14,0.01,73,81322,买盘
2294,09:45:18,11.13,--,47,52311,卖盘
2295,09:45:13,11.13,-0.01,342,380646,卖盘
2296,09:45:07,11.14,--,116,129224,买盘
2297,09:45:03,11.14,0.01,24,26736,买盘
2298,09:44:58,11.13,-0.01,21,23373,卖盘
2299,09:44:52,11.14,0.01,13,14482,买盘
2300,09:44:48,11.13,--,10,11130,卖盘
2301,09:44:43,11.13,-0.01,50,55650,卖盘
2302,09:44:37,11.14,0.01,12,13368,买盘
2303,09:44:33,11.13,-0.01,244,271572,卖盘
2304,09:44:28,11.14,--,20,22280,买盘
2305,09:44:22,11.14,--,9,10026,买盘
2306,09:44:18,11.14,0.01,297,330858,买盘
2307,09:44:13,11.13,--,117,130221,卖盘
2308,09:44:07,11.13,--,3,3339,卖盘
2309,09:44:03,11.13,--,22,24486,卖盘
2310,09:43:58,11.13,0.01,166,184758,买盘
2311,09:43:48,11.12,--,36,40032,卖盘
2312,09:43:43,11.12,-0.01,376,418111,卖盘
2313,09:43:33,11.13,-0.01,33,36729,买盘
2314,09:43:28,11.14,--,0,0,买盘
2315,09:43:22,11.14,0.01,59,65726,买盘
2316,09:43:18,11.13,0.01,1,1113,买盘
2317,09:43:13,11.12,-0.02,400,444799,卖盘
2318,09:43:07,11.14,--,20,22280,买盘
2319,09:43:03,11.14,--,5,5570,买盘
2320,09:42:57,11.14,--,13,14482,买盘
2321,09:42:52,11.14,--,41,45674,卖盘
2322,09:42:48,11.14,--,36,40104,卖盘
2323,09:42:42,11.14,--,8,8912,卖盘
2324,09:42:33,11.14,--,263,292982,卖盘
2325,09:42:27,11.14,--,3,3342,卖盘
2326,09:42:22,11.14,--,20,22280,卖盘
2327,09:42:18,11.14,-0.01,11,12254,卖盘
2328,09:42:12,11.15,--,2,2230,买盘
2329,09:42:07,11.15,--,7,7805,买盘
2330,09:42:03,11.15,--,89,99235,卖盘
2331,09:41:57,11.15,-0.01,350,390250,卖盘
2332,09:41:52,11.16,0.01,28,31248,买盘
2333,09:41:48,11.15,--,171,190665,卖盘
2334,09:41:42,11.15,--,7,7805,卖盘
2335,09:41:33,11.15,--,249,277635,卖盘
2336,09:41:27,11.15,--,30,33450,卖盘
2337,09:41:18,11.15,--,67,74705,卖盘
2338,09:41:12,11.15,--,18,20070,卖盘
2339,09:41:07,11.15,--,6,6690,卖盘
2340,09:41:03,11.15,--,104,115960,卖盘
2341,09:40:57,11.15,--,72,80280,卖盘
2342,09:40:52,11.15,--,204,227460,卖盘
2343,09:40:48,11.15,--,90,100350,卖盘
2344,09:40:42,11.15,-0.01,184,205160,卖盘
2345,09:40:27,11.16,--,67,74772,买盘
2346,09:40:22,11.16,0.01,44,49104,买盘
2347,09:40:17,11.15,-0.01,98,109270,卖盘
2348,09:40:12,11.16,--,86,95976,买盘
2349,09:40:07,11.16,--,90,100440,买盘
2350,09:40:02,11.16,0.01,36,40176,买盘
2351,09:39:57,11.15,-0.01,182,202930,卖盘
2352,09:39:52,11.16,--,71,79236,买盘
2353,09:39:47,11.16,--,36,40176,买盘
2354,09:39:42,11.16,--,55,61380,买盘
2355,09:39:37,11.16,--,328,366048,买盘
2356,09:39:32,11.16,--,104,116064,买盘
2357,09:39:27,11.16,--,16,17856,买盘
2358,09:39:22,11.16,--,49,54684,买盘
2359,09:39:17,11.16,--,33,36828,买盘
2360,09:39:12,11.16,--,168,187488,买盘
2361,09:39:07,11.16,--,101,112716,买盘
2362,09:39:02,11.16,0.01,15,16740,买盘
2363,09:38:57,11.15,--,88,98120,卖盘
2364,09:38:52,11.15,-0.01,332,370180,卖盘
2365,09:38:47,11.16,--,165,184140,买盘
2366,09:38:42,11.16,--,125,139500,买盘
2367,09:38:37,11.16,0.01,2,2232,买盘
2368,09:38:32,11.15,--,44,49060,卖盘
2369,09:38:27,11.15,-0.01,49,54635,卖盘
2370,09:38:22,11.16,--,0,0,买盘
2371,09:38:17,11.16,0.01,190,212040,买盘
2372,09:38:12,11.15,--,90,100350,买盘
2373,09:38:07,11.15,--,82,91430,买盘
2374,09:38:02,11.15,--,37,41255,买盘
2375,09:37:57,11.15,-0.01,13,14495,买盘
2376,09:37:52,11.16,--,171,190836,买盘
2377,09:37:47,11.16,0.01,189,210924,买盘
2378,09:37:42,11.15,-0.01,200,223000,卖盘
2379,09:37:37,11.16,0.01,261,291276,买盘
2380,09:37:32,11.15,--,134,149410,卖盘
2381,09:37:27,11.15,--,394,439310,卖盘
2382,09:37:22,11.15,-0.01,102,113730,卖盘
2383,09:37:16,11.16,--,26,29016,买盘
2384,09:37:12,11.16,--,133,148428,买盘
2385,09:37:07,11.16,-0.01,105,117180,买盘
2386,09:37:01,11.17,0.01,177,197709,买盘
2387,09:36:57,11.16,--,44,49104,卖盘
2388,09:36:52,11.16,--,78,87048,买盘
2389,09:36:46,11.16,0.01,112,124992,中性盘
2390,09:36:42,11.15,-0.01,111,123765,卖盘
2391,09:36:37,11.16,0.01,1181,1317996,买盘
2392,09:36:31,11.15,--,135,150525,卖盘
2393,09:36:27,11.15,-0.01,29,32335,卖盘
2394,09:36:22,11.16,0.01,321,358236,买盘
2395,09:36:16,11.15,--,32,35680,买盘
2396,09:36:12,11.15,--,301,335615,买盘
2397,09:36:06,11.15,--,44,49060,买盘
2398,09:36:01,11.15,0.01,40,44600,买盘
2399,09:35:57,11.14,-0.01,48,53472,卖盘
2400,09:35:51,11.15,--,48,53520,买盘
2401,09:35:46,11.15,0.02,339,377985,买盘
2402,09:35:42,11.13,-0.01,37,41181,卖盘
2403,09:35:36,11.14,0.01,86,95804,买盘
2404,09:35:31,11.13,--,811,902643,卖盘
2405,09:35:27,11.13,--,10,11130,卖盘
2406,09:35:21,11.13,--,24,26712,卖盘
2407,09:35:16,11.13,--,9,10017,买盘
2408,09:35:12,11.13,0.01,55,61215,买盘
2409,09:35:06,11.12,-0.01,166,184592,卖盘
2410,09:35:01,11.13,--,71,79023,买盘
2411,09:34:57,11.13,0.01,395,439635,买盘
2412,09:34:51,11.12,-0.01,8,8896,卖盘
2413,09:34:46,11.13,--,1,1113,买盘
2414,09:34:42,11.13,--,5,5565,买盘
2415,09:34:36,11.13,0.01,234,260442,买盘
2416,09:34:31,11.12,--,24,26687,卖盘
2417,09:34:27,11.12,--,170,189040,卖盘
2418,09:34:21,11.12,--,101,112311,买盘
2419,09:34:16,11.12,--,103,114535,买盘
2420,09:34:12,11.12,--,299,332488,买盘
2421,09:34:06,11.12,0.01,82,91184,买盘
2422,09:34:01,11.11,--,94,104434,卖盘
2423,09:33:57,11.11,--,185,205535,卖盘
2424,09:33:51,11.11,--,83,92213,卖盘
2425,09:33:46,11.11,-0.01,50,55550,卖盘
2426,09:33:42,11.12,0.01,48,53375,买盘
2427,09:33:36,11.11,--,39,43329,卖盘
2428,09:33:31,11.11,-0.01,240,266640,卖盘
2429,09:33:26,11.12,--,24,26687,买盘
2430,09:33:21,11.12,--,44,48928,买盘
2431,09:33:16,11.12,-0.01,76,84512,卖盘
2432,09:33:11,11.13,0.01,88,97944,买盘
2433,09:33:06,11.12,--,31,34472,卖盘
2434,09:33:01,11.12,--,40,44480,卖盘
2435,09:32:57,11.12,--,99,110087,卖盘
2436,09:32:51,11.12,--,71,78952,卖盘
2437,09:32:46,11.12,--,33,36696,买盘
2438,09:32:41,11.12,--,301,334712,买盘
2439,09:32:36,11.12,-0.01,45,50040,卖盘
2440,09:32:31,11.13,0.01,175,194775,买盘
2441,09:32:26,11.12,--,121,134552,卖盘
2442,09:32:21,11.12,--,46,51152,卖盘
2443,09:32:11,11.12,--,69,76728,中性盘
2444,09:32:06,11.12,--,316,351392,买盘
2445,09:31:56,11.12,0.01,132,146784,买盘
2446,09:31:51,11.11,-0.01,85,94435,卖盘
2447,09:31:46,11.12,--,56,62271,买盘
2448,09:31:41,11.12,-0.01,16,17792,中性盘
2449,09:31:36,11.13,0.01,135,150255,买盘
2450,09:31:31,11.12,--,49,54487,卖盘
2451,09:31:26,11.12,-0.01,142,157904,卖盘
2452,09:31:21,11.13,--,12,13356,买盘
2453,09:31:16,11.13,0.01,10,11130,买盘
2454,09:31:11,11.12,-0.01,54,60047,卖盘
2455,09:31:06,11.13,0.01,14,15582,买盘
2456,09:31:01,11.12,--,46,51152,卖盘
2457,09:30:56,11.12,-0.02,36,40032,卖盘
2458,09:30:51,11.14,--,29,32306,买盘
2459,09:30:46,11.14,0.02,1,1114,买盘
2460,09:30:41,11.12,-0.03,9,10008,卖盘
2461,09:30:36,11.15,--,23,25645,买盘
2462,09:30:31,11.15,--,2,2230,买盘
2463,09:30:26,11.15,--,72,80280,买盘
2464,09:30:21,11.15,--,48,53520,买盘
2465,09:30:16,11.15,--,4,4460,买盘
2466,09:30:11,11.15,0.03,1058,1179670,买盘
2467,09:30:06,11.12,--,810,900719,买盘
2468,09:28:55,11.12,--,0,0,买盘
2469,09:25:04,11.12,11.12,451,501511,买盘
