,time,price,change,volume,amount,type
0,15:00:00,5.57,--,0,0,卖盘
1,15:00:00,5.57,-0.01,0,0,卖盘
2,15:00:00,5.58,0.01,17,9486,买盘
3,14:59:55,5.57,0.01,775,431675,买盘
4,14:59:50,5.56,-0.01,197,109531,卖盘
5,14:59:45,5.57,--,153,85221,买盘
6,14:59:40,5.57,--,1834,1021538,买盘
7,14:59:35,5.57,--,143,79651,买盘
8,14:59:30,5.57,--,264,147048,买盘
9,14:59:25,5.57,--,364,203165,卖盘
10,14:59:20,5.57,--,757,421649,卖盘
11,14:59:15,5.57,--,261,145377,卖盘
12,14:59:10,5.57,--,215,119755,卖盘
13,14:59:05,5.57,--,363,202330,卖盘
14,14:59:00,5.57,--,178,99146,卖盘
15,14:58:55,5.57,--,77,42889,买盘
16,14:58:50,5.57,--,30,16710,买盘
17,14:58:45,5.57,--,242,134794,买盘
18,14:58:40,5.57,--,171,95247,买盘
19,14:58:35,5.57,--,52,28964,买盘
20,14:58:30,5.57,--,259,144263,买盘
21,14:58:25,5.57,--,977,544189,卖盘
22,14:58:15,5.57,--,195,108615,卖盘
23,14:58:10,5.57,-0.01,285,158745,卖盘
24,14:58:04,5.58,--,329,183582,买盘
25,14:58:00,5.58,0.01,12,6696,买盘
26,14:57:55,5.57,--,1,557,卖盘
27,14:57:49,5.57,--,688,383216,卖盘
28,14:57:45,5.57,--,125,69625,卖盘
29,14:57:40,5.57,--,340,189380,卖盘
30,14:57:34,5.57,--,48,26736,卖盘
31,14:57:30,5.57,--,15,8355,卖盘
32,14:57:25,5.57,--,245,136465,买盘
33,14:57:19,5.57,--,291,162087,买盘
34,14:57:15,5.57,--,31,17267,买盘
35,14:57:10,5.57,--,1427,794839,卖盘
36,14:57:04,5.57,--,342,190494,卖盘
37,14:57:00,5.57,--,52,28964,卖盘
38,14:56:55,5.57,-0.01,34,18938,卖盘
39,14:56:49,5.58,--,51,28458,买盘
40,14:56:45,5.58,0.01,20,11160,买盘
41,14:56:40,5.57,-0.01,143,79651,卖盘
42,14:56:34,5.58,0.01,37,20646,买盘
43,14:56:30,5.57,--,183,101931,卖盘
44,14:56:25,5.57,--,18,10026,卖盘
45,14:56:19,5.57,--,597,332529,卖盘
46,14:56:15,5.57,--,2,1114,卖盘
47,14:56:10,5.57,--,14,7798,卖盘
48,14:56:04,5.57,--,411,228927,卖盘
49,14:56:00,5.57,--,294,163758,卖盘
50,14:55:54,5.57,--,94,52358,卖盘
51,14:55:49,5.57,--,1270,707390,卖盘
52,14:55:45,5.57,--,36,20052,卖盘
53,14:55:39,5.57,--,54,30078,卖盘
54,14:55:34,5.57,0.01,542,302044,买盘
55,14:55:30,5.56,-0.01,13,7227,卖盘
56,14:55:24,5.57,0.01,395,220015,买盘
57,14:55:19,5.56,-0.01,888,493727,卖盘
58,14:55:15,5.57,--,20,11140,买盘
59,14:55:09,5.57,--,129,71853,买盘
60,14:55:04,5.57,--,55,30635,买盘
61,14:55:00,5.57,--,56,31192,买盘
62,14:54:54,5.57,--,271,150947,买盘
63,14:54:49,5.57,--,713,397141,买盘
64,14:54:45,5.57,--,15,8355,买盘
65,14:54:39,5.57,--,1237,689415,卖盘
66,14:54:34,5.57,--,30,16710,卖盘
67,14:54:30,5.57,-0.01,60,33420,卖盘
68,14:54:24,5.58,0.01,2785,1554030,买盘
69,14:54:19,5.57,--,1095,609915,卖盘
70,14:54:15,5.57,--,50,27850,卖盘
71,14:54:09,5.57,--,172,95804,卖盘
72,14:54:04,5.57,--,1068,594876,卖盘
73,14:54:00,5.57,--,173,96361,卖盘
74,14:53:54,5.57,--,121,67397,卖盘
75,14:53:49,5.57,--,634,353138,卖盘
76,14:53:45,5.57,-0.01,2,1114,卖盘
77,14:53:39,5.58,0.01,158,88164,买盘
78,14:53:34,5.57,--,240,133680,卖盘
79,14:53:24,5.57,--,74,41218,卖盘
80,14:53:19,5.57,--,1079,601003,卖盘
81,14:53:15,5.57,--,25,13925,卖盘
82,14:53:09,5.57,--,23,12811,卖盘
83,14:53:04,5.57,--,107,59599,卖盘
84,14:53:00,5.57,--,264,147048,卖盘
85,14:52:54,5.57,--,124,69068,卖盘
86,14:52:49,5.57,--,150,83550,卖盘
87,14:52:44,5.57,--,58,32306,卖盘
88,14:52:39,5.57,--,2279,1269403,卖盘
89,14:52:34,5.57,--,1065,593205,卖盘
90,14:52:29,5.57,--,13,7241,卖盘
91,14:52:24,5.57,--,345,192165,卖盘
92,14:52:19,5.57,--,478,266246,卖盘
93,14:52:14,5.57,--,304,169328,卖盘
94,14:52:09,5.57,--,1005,559785,卖盘
95,14:52:04,5.57,--,2898,1614186,卖盘
96,14:51:59,5.57,--,15,8355,卖盘
97,14:51:54,5.57,--,80,44560,卖盘
98,14:51:49,5.57,-0.01,100,55700,卖盘
99,14:51:44,5.58,--,27,15066,买盘
100,14:51:39,5.58,0.01,71,39618,买盘
101,14:51:34,5.57,--,1020,568140,卖盘
102,14:51:24,5.57,--,458,255106,卖盘
103,14:51:19,5.57,--,414,230598,卖盘
104,14:51:14,5.57,--,446,248422,卖盘
105,14:51:09,5.57,--,393,218901,卖盘
106,14:51:04,5.57,--,1236,688452,卖盘
107,14:50:59,5.57,--,21,11697,卖盘
108,14:50:54,5.57,--,312,173784,卖盘
109,14:50:49,5.57,-0.01,361,201439,卖盘
110,14:50:44,5.58,0.01,1025,571950,买盘
111,14:50:39,5.57,--,302,168214,卖盘
112,14:50:34,5.57,--,500,278745,卖盘
113,14:50:29,5.57,--,70,38990,卖盘
114,14:50:24,5.57,--,1736,966952,卖盘
115,14:50:19,5.57,--,677,377089,卖盘
116,14:50:14,5.57,--,542,302022,卖盘
117,14:50:09,5.57,--,1845,1027665,卖盘
118,14:50:04,5.57,--,95,52915,卖盘
119,14:49:58,5.57,--,603,335871,卖盘
120,14:49:49,5.57,--,460,256220,卖盘
121,14:49:43,5.57,--,1581,880617,卖盘
122,14:49:39,5.57,--,858,477906,卖盘
123,14:49:34,5.57,--,130,72410,卖盘
124,14:49:28,5.57,--,39,21723,卖盘
125,14:49:19,5.57,--,224,124768,卖盘
126,14:49:13,5.57,--,22,12254,卖盘
127,14:49:09,5.57,-0.01,148,82436,卖盘
128,14:49:03,5.58,--,227,126666,买盘
129,14:48:58,5.58,--,9,5022,买盘
130,14:48:54,5.58,--,12,6696,买盘
131,14:48:48,5.58,0.01,168,93744,买盘
132,14:48:43,5.57,--,102,56814,卖盘
133,14:48:39,5.57,-0.01,20,11140,卖盘
134,14:48:33,5.58,0.01,82,45756,买盘
135,14:48:28,5.57,--,164,91348,卖盘
136,14:48:23,5.57,--,11,6127,卖盘
137,14:48:18,5.57,--,85,47345,卖盘
138,14:48:13,5.57,--,10,5570,卖盘
139,14:47:58,5.57,-0.01,259,144263,卖盘
140,14:47:53,5.58,0.01,826,460908,买盘
141,14:47:48,5.57,-0.01,95,52915,卖盘
142,14:47:43,5.58,--,131,73098,买盘
143,14:47:33,5.58,--,95,53010,买盘
144,14:47:28,5.58,0.01,1615,901170,买盘
145,14:47:18,5.57,--,44,24508,卖盘
146,14:47:13,5.57,--,18,10026,卖盘
147,14:47:03,5.57,--,76,42332,卖盘
148,14:46:48,5.57,--,201,111957,卖盘
149,14:46:43,5.57,-0.01,200,111400,卖盘
150,14:46:38,5.58,0.01,20,11160,买盘
151,14:46:33,5.57,-0.01,10,5570,卖盘
152,14:46:28,5.58,--,16,8928,买盘
153,14:46:23,5.58,--,61,34038,买盘
154,14:46:18,5.58,--,103,57474,买盘
155,14:46:13,5.58,--,26,14508,买盘
156,14:46:03,5.58,0.01,231,128898,买盘
157,14:45:58,5.57,--,7,3899,卖盘
158,14:45:53,5.57,--,50,27850,卖盘
159,14:45:48,5.57,--,51,28407,卖盘
160,14:45:43,5.57,-0.01,104,57928,卖盘
161,14:45:33,5.58,--,98,54684,买盘
162,14:45:28,5.58,--,13,7254,买盘
163,14:45:23,5.58,--,31,17298,买盘
164,14:45:13,5.58,0.01,18,10044,买盘
165,14:45:08,5.57,-0.01,45,25065,卖盘
166,14:44:58,5.58,0.01,39,21762,买盘
167,14:44:53,5.57,--,30,16710,卖盘
168,14:44:48,5.57,--,5060,2818420,卖盘
169,14:44:43,5.57,-0.01,521,290197,卖盘
170,14:44:38,5.58,0.01,8,4464,买盘
171,14:44:33,5.57,-0.01,20,11140,卖盘
172,14:44:28,5.58,0.01,370,206460,买盘
173,14:44:23,5.57,-0.01,150,83550,卖盘
174,14:44:18,5.58,0.01,36,20088,买盘
175,14:44:13,5.57,--,5,2785,卖盘
176,14:44:08,5.57,-0.01,531,295767,卖盘
177,14:44:03,5.58,--,555,309690,买盘
178,14:43:58,5.58,--,151,84258,买盘
179,14:43:53,5.58,--,30,16740,买盘
180,14:43:48,5.58,--,956,533448,买盘
181,14:43:43,5.58,--,374,208692,买盘
182,14:43:38,5.58,0.01,254,141732,买盘
183,14:43:33,5.57,-0.01,222,123654,卖盘
184,14:43:28,5.58,--,170,94860,买盘
185,14:43:23,5.58,0.01,5277,2944566,买盘
186,14:43:18,5.57,--,10,5570,卖盘
187,14:43:13,5.57,--,3,1671,卖盘
188,14:43:08,5.57,--,109,60713,卖盘
189,14:43:03,5.57,--,90,50130,卖盘
190,14:42:58,5.57,--,32,17824,卖盘
191,14:42:53,5.57,--,20,11140,卖盘
192,14:42:48,5.57,-0.01,66,36762,卖盘
193,14:42:43,5.58,0.01,69,38502,买盘
194,14:42:38,5.57,--,130,72410,卖盘
195,14:42:33,5.57,--,644,358708,卖盘
196,14:42:28,5.57,--,66,36762,卖盘
197,14:42:23,5.57,--,10,5570,卖盘
198,14:42:18,5.57,-0.01,54,30078,卖盘
199,14:42:12,5.58,--,113,63054,买盘
200,14:42:07,5.58,0.01,45,25110,买盘
201,14:42:03,5.57,--,99,55143,卖盘
202,14:41:57,5.57,-0.01,430,239510,卖盘
203,14:41:52,5.58,0.01,124,69192,买盘
204,14:41:42,5.57,--,155,86335,卖盘
205,14:41:37,5.57,--,174,96918,卖盘
206,14:41:27,5.57,--,4,2228,卖盘
207,14:41:22,5.57,--,120,66840,卖盘
208,14:41:17,5.57,-0.01,1,557,卖盘
209,14:41:12,5.58,0.01,200,111600,买盘
210,14:41:02,5.57,-0.01,20,11140,卖盘
211,14:40:57,5.58,--,19,10602,买盘
212,14:40:52,5.58,--,15,8370,买盘
213,14:40:42,5.58,0.01,10,5580,买盘
214,14:40:37,5.57,-0.01,45,25065,卖盘
215,14:40:32,5.58,0.01,46,25668,买盘
216,14:40:27,5.57,--,151,84107,卖盘
217,14:40:22,5.57,-0.01,2,1114,卖盘
218,14:40:12,5.58,--,314,175212,买盘
219,14:40:07,5.58,0.01,114,63612,买盘
220,14:39:57,5.57,--,124,69068,卖盘
221,14:39:52,5.57,-0.01,350,194950,卖盘
222,14:39:47,5.58,--,36,20088,买盘
223,14:39:42,5.58,--,25,13950,买盘
224,14:39:32,5.58,--,97,54126,买盘
225,14:39:27,5.58,0.01,271,151218,买盘
226,14:39:22,5.57,-0.01,31,17267,卖盘
227,14:39:17,5.58,--,38,21204,买盘
228,14:39:12,5.58,--,5,2790,买盘
229,14:39:07,5.58,--,348,194184,买盘
230,14:38:57,5.58,--,31,17298,买盘
231,14:38:52,5.58,0.01,30,16740,买盘
232,14:38:47,5.57,-0.01,130,72410,卖盘
233,14:38:42,5.58,--,14,7812,买盘
234,14:38:32,5.58,0.01,77,42966,买盘
235,14:38:27,5.57,-0.01,433,241181,卖盘
236,14:38:22,5.58,0.01,165,92070,买盘
237,14:38:12,5.57,--,5,2785,卖盘
238,14:38:07,5.57,-0.01,21,11697,卖盘
239,14:38:02,5.58,--,44,24552,买盘
240,14:37:57,5.58,--,77,42966,买盘
241,14:37:52,5.58,--,104,58032,买盘
242,14:37:47,5.58,--,410,228780,买盘
243,14:37:42,5.58,--,188,104904,买盘
244,14:37:37,5.58,0.01,59,32922,买盘
245,14:37:32,5.57,-0.01,772,430004,卖盘
246,14:37:27,5.58,--,64,35712,买盘
247,14:37:22,5.58,--,492,274536,买盘
248,14:37:17,5.58,--,31,17298,买盘
249,14:37:12,5.58,--,36,20088,买盘
250,14:37:07,5.58,--,255,142290,买盘
251,14:37:02,5.58,0.01,246,137268,买盘
252,14:36:57,5.57,-0.01,642,357594,卖盘
253,14:36:52,5.58,--,160,89280,买盘
254,14:36:47,5.58,--,32,17856,买盘
255,14:36:42,5.58,--,753,420174,买盘
256,14:36:37,5.58,--,30,16740,买盘
257,14:36:32,5.58,--,548,305784,买盘
258,14:36:22,5.58,--,342,190836,买盘
259,14:36:12,5.58,0.01,90,50220,买盘
260,14:36:07,5.57,-0.01,186,103602,卖盘
261,14:35:57,5.58,--,361,201438,买盘
262,14:35:52,5.58,0.01,136,75888,买盘
263,14:35:47,5.57,--,302,168214,卖盘
264,14:35:42,5.57,-0.01,142,79094,卖盘
265,14:35:37,5.58,--,10,5580,买盘
266,14:35:27,5.58,--,387,215946,买盘
267,14:35:21,5.58,0.01,104,58032,买盘
268,14:35:17,5.57,--,23,12811,卖盘
269,14:35:12,5.57,-0.01,22,12254,卖盘
270,14:35:06,5.58,--,36,20088,买盘
271,14:35:02,5.58,0.01,50,27900,买盘
272,14:34:57,5.57,-0.01,51,28407,卖盘
273,14:34:51,5.58,--,99,55242,买盘
274,14:34:46,5.58,--,25,13950,买盘
275,14:34:42,5.58,--,15,8370,买盘
276,14:34:36,5.58,--,91,50778,买盘
277,14:34:32,5.58,--,71,39618,买盘
278,14:34:26,5.58,--,16,8928,买盘
279,14:34:21,5.58,--,331,185105,卖盘
280,14:34:16,5.58,-0.01,1382,771156,卖盘
281,14:34:12,5.59,0.01,414,231426,买盘
282,14:34:06,5.58,--,67,37386,卖盘
283,14:34:01,5.58,-0.01,234,130572,卖盘
284,14:33:56,5.59,--,56,31304,买盘
285,14:33:51,5.59,0.01,83,46397,买盘
286,14:33:46,5.58,--,546,304668,卖盘
287,14:33:41,5.58,--,28,15624,卖盘
288,14:33:36,5.58,--,230,128340,卖盘
289,14:33:31,5.58,-0.01,7340,4095720,卖盘
290,14:33:26,5.59,--,110,61490,买盘
291,14:33:21,5.59,0.01,74,41366,买盘
292,14:33:16,5.58,--,45,25110,卖盘
293,14:33:11,5.58,--,40,22320,卖盘
294,14:33:06,5.58,-0.01,116,64728,卖盘
295,14:32:51,5.59,--,35,19565,买盘
296,14:32:46,5.59,0.01,4035,2255565,买盘
297,14:32:36,5.58,--,19,10602,卖盘
298,14:32:31,5.58,--,1,558,卖盘
299,14:32:26,5.58,--,27,15066,卖盘
300,14:32:21,5.58,-0.01,53,29574,卖盘
301,14:32:16,5.59,0.01,31,17329,买盘
302,14:32:11,5.58,-0.01,1,558,卖盘
303,14:32:06,5.59,--,396,221364,买盘
304,14:32:01,5.59,--,414,231426,买盘
305,14:31:51,5.59,0.01,549,306891,买盘
306,14:31:46,5.58,-0.01,231,128898,卖盘
307,14:31:41,5.59,--,40,22360,买盘
308,14:31:36,5.59,--,563,314717,买盘
309,14:31:31,5.59,0.01,463,258817,买盘
310,14:31:26,5.58,--,38,21204,卖盘
311,14:31:21,5.58,--,231,128898,卖盘
312,14:31:16,5.58,-0.01,134,74772,卖盘
313,14:31:11,5.59,0.01,171,95589,买盘
314,14:31:01,5.58,--,388,216504,卖盘
315,14:30:56,5.58,--,13,7254,卖盘
316,14:30:51,5.58,--,31,17298,卖盘
317,14:30:46,5.58,--,49,27342,卖盘
318,14:30:41,5.58,--,512,285696,卖盘
319,14:30:36,5.58,--,96,53568,卖盘
320,14:30:31,5.58,-0.01,228,127224,卖盘
321,14:30:26,5.59,0.01,104,58136,买盘
322,14:30:21,5.58,-0.01,63,35154,卖盘
323,14:30:16,5.59,0.01,1024,572416,买盘
324,14:30:11,5.58,--,43,23994,卖盘
325,14:30:06,5.58,--,545,304110,卖盘
326,14:30:01,5.58,--,5,2790,卖盘
327,14:29:56,5.58,-0.01,25,13950,卖盘
328,14:29:51,5.59,0.01,80,44720,买盘
329,14:29:46,5.58,-0.01,39,21762,卖盘
330,14:29:41,5.59,0.01,186,103974,买盘
331,14:29:36,5.58,--,149,83142,卖盘
332,14:29:31,5.58,--,400,223200,卖盘
333,14:29:21,5.58,-0.01,243,135594,卖盘
334,14:29:16,5.59,0.01,100,55900,买盘
335,14:29:06,5.58,--,117,65286,卖盘
336,14:29:01,5.58,--,740,412920,卖盘
337,14:28:56,5.58,--,112,62496,卖盘
338,14:28:51,5.58,--,312,174096,卖盘
339,14:28:46,5.58,--,1614,900612,卖盘
340,14:28:31,5.58,--,21,11718,卖盘
341,14:28:26,5.58,--,127,70866,卖盘
342,14:28:21,5.58,--,184,102672,卖盘
343,14:28:11,5.58,--,133,74214,卖盘
344,14:28:06,5.58,-0.01,2148,1198584,卖盘
345,14:28:00,5.59,0.01,246,137514,买盘
346,14:27:56,5.58,-0.01,13,7254,卖盘
347,14:27:51,5.59,0.01,114,63726,买盘
348,14:27:45,5.58,-0.01,1762,983196,卖盘
349,14:27:36,5.59,0.01,128,71552,买盘
350,14:27:30,5.58,-0.01,706,393948,卖盘
351,14:27:26,5.59,0.01,41,22919,买盘
352,14:27:21,5.58,--,207,115506,卖盘
353,14:27:15,5.58,--,279,155682,卖盘
354,14:27:11,5.58,--,2211,1233738,卖盘
355,14:27:00,5.58,-0.01,12,6696,卖盘
356,14:26:51,5.59,--,126,70434,买盘
357,14:26:45,5.59,--,1,559,买盘
358,14:26:35,5.59,--,145,81055,买盘
359,14:26:30,5.59,--,10,5590,买盘
360,14:26:21,5.59,--,602,336518,买盘
361,14:26:05,5.59,0.01,220,122980,买盘
362,14:26:00,5.58,--,6,3348,卖盘
363,14:25:50,5.58,-0.01,31,17465,卖盘
364,14:25:44,5.59,--,1,559,买盘
365,14:25:40,5.59,0.01,63,35217,买盘
366,14:25:35,5.58,--,3,1674,卖盘
367,14:25:30,5.58,-0.01,34,18972,卖盘
368,14:25:15,5.59,0.01,1,559,买盘
369,14:25:05,5.58,-0.01,200,111600,卖盘
370,14:25:00,5.59,--,1,559,买盘
371,14:24:55,5.59,0.01,470,262730,买盘
372,14:24:45,5.58,--,158,88164,卖盘
373,14:24:40,5.58,-0.01,81,45198,卖盘
374,14:24:35,5.59,--,1,559,买盘
375,14:24:30,5.59,--,624,348816,买盘
376,14:24:25,5.59,--,126,70434,买盘
377,14:24:15,5.59,--,208,116272,买盘
378,14:24:10,5.59,--,173,96707,买盘
379,14:24:05,5.59,--,20,11180,买盘
380,14:24:00,5.59,--,23,12857,买盘
381,14:23:55,5.59,--,110,61490,买盘
382,14:23:50,5.59,--,122,68198,买盘
383,14:23:45,5.59,0.01,81,45279,买盘
384,14:23:40,5.58,--,774,431892,卖盘
385,14:23:35,5.58,--,1,558,卖盘
386,14:23:30,5.58,-0.01,166,92628,卖盘
387,14:23:25,5.59,--,253,141427,买盘
388,14:23:20,5.59,0.01,105,58695,买盘
389,14:23:15,5.58,-0.01,280,156240,卖盘
390,14:23:10,5.59,--,491,274469,买盘
391,14:23:05,5.59,--,88,49192,买盘
392,14:23:00,5.59,0.01,100,55900,买盘
393,14:22:55,5.58,-0.01,241,134478,卖盘
394,14:22:50,5.59,0.01,50,27950,买盘
395,14:22:45,5.58,-0.01,184,102672,卖盘
396,14:22:40,5.59,--,297,166023,买盘
397,14:22:35,5.59,0.01,37,20683,买盘
398,14:22:30,5.58,-0.01,335,186930,卖盘
399,14:22:25,5.59,0.01,299,167141,买盘
400,14:22:20,5.58,-0.01,1,558,卖盘
401,14:22:15,5.59,--,189,105651,买盘
402,14:22:10,5.59,0.01,317,177203,买盘
403,14:22:05,5.58,--,128,71424,卖盘
404,14:22:00,5.58,-0.01,115,64170,卖盘
405,14:21:55,5.59,0.01,123,68757,买盘
406,14:21:50,5.58,--,183,102114,卖盘
407,14:21:45,5.58,--,583,325314,卖盘
408,14:21:40,5.58,--,75,41850,卖盘
409,14:21:35,5.58,--,160,89280,卖盘
410,14:21:30,5.58,--,35,19530,卖盘
411,14:21:25,5.58,--,87,48546,卖盘
412,14:21:20,5.58,--,25,13950,卖盘
413,14:21:15,5.58,--,51,28458,卖盘
414,14:21:10,5.58,-0.01,314,175212,卖盘
415,14:20:50,5.59,--,35,19565,买盘
416,14:20:45,5.59,--,534,298506,买盘
417,14:20:30,5.59,0.01,156,87204,买盘
418,14:20:24,5.58,--,95,53010,卖盘
419,14:20:20,5.58,--,20,11160,卖盘
420,14:20:15,5.58,-0.01,58,32364,卖盘
421,14:20:09,5.59,0.01,50,27950,买盘
422,14:20:00,5.58,--,240,133920,卖盘
423,14:19:50,5.58,-0.01,6,3348,卖盘
424,14:19:45,5.59,--,18,10062,买盘
425,14:19:39,5.59,--,87,48633,买盘
426,14:19:35,5.59,0.01,149,83291,买盘
427,14:19:30,5.58,--,346,193068,卖盘
428,14:19:20,5.58,-0.01,101,56358,卖盘
429,14:19:15,5.59,0.01,222,124098,买盘
430,14:19:09,5.58,-0.01,136,75888,卖盘
431,14:19:05,5.59,0.01,17,9503,买盘
432,14:19:00,5.58,-0.01,103,57474,卖盘
433,14:18:53,5.59,0.01,261,145899,买盘
434,14:18:50,5.58,-0.01,21,11718,卖盘
435,14:18:44,5.59,--,161,89999,买盘
436,14:18:38,5.59,0.01,73,40807,买盘
437,14:18:35,5.58,-0.01,170,94860,卖盘
438,14:18:29,5.59,0.01,152,84968,买盘
439,14:18:24,5.58,-0.01,250,139500,卖盘
440,14:18:19,5.59,--,98,54782,买盘
441,14:18:15,5.59,0.01,18,10062,买盘
442,14:18:09,5.58,-0.01,684,381672,卖盘
443,14:18:04,5.59,--,10,5590,买盘
444,14:17:59,5.59,0.01,99,55341,买盘
445,14:17:53,5.58,-0.01,1,558,卖盘
446,14:17:49,5.59,--,31,17329,买盘
447,14:17:44,5.59,--,398,222482,买盘
448,14:17:39,5.59,--,2,1118,买盘
449,14:17:34,5.59,--,124,69316,买盘
450,14:17:29,5.59,--,111,62049,买盘
451,14:17:23,5.59,0.01,70,39130,买盘
452,14:17:19,5.58,--,38,21204,卖盘
453,14:17:14,5.58,-0.01,46,25668,卖盘
454,14:17:09,5.59,0.01,10,5590,买盘
455,14:17:04,5.58,--,32,17856,卖盘
456,14:16:53,5.58,-0.01,28,15624,卖盘
457,14:16:49,5.59,--,18,10062,买盘
458,14:16:44,5.59,0.01,60,33540,买盘
459,14:16:38,5.58,--,16,8928,卖盘
460,14:16:34,5.58,-0.01,113,63054,卖盘
461,14:16:19,5.59,0.01,66,36894,买盘
462,14:16:14,5.58,-0.01,126,70308,卖盘
463,14:16:08,5.59,--,84,46956,买盘
464,14:16:04,5.59,--,40,22360,买盘
465,14:15:59,5.59,--,30,16770,买盘
466,14:15:49,5.59,--,52,29068,买盘
467,14:15:44,5.59,--,10,5590,买盘
468,14:15:38,5.59,--,30,16770,买盘
469,14:15:34,5.59,0.01,10,5590,买盘
470,14:15:29,5.58,--,99,55242,卖盘
471,14:15:23,5.58,-0.01,523,291834,卖盘
472,14:15:19,5.59,0.01,311,173849,买盘
473,14:15:14,5.58,--,5,2790,卖盘
474,14:15:04,5.58,--,11,6138,卖盘
475,14:14:53,5.58,-0.01,215,119970,卖盘
476,14:14:49,5.59,0.01,141,78819,买盘
477,14:14:44,5.58,-0.01,52,29016,卖盘
478,14:14:38,5.59,--,105,58695,买盘
479,14:14:34,5.59,--,133,74347,买盘
480,14:14:29,5.59,0.01,10,5590,买盘
481,14:14:23,5.58,-0.01,40,22320,卖盘
482,14:14:19,5.59,--,230,128570,买盘
483,14:14:14,5.59,--,57,31863,买盘
484,14:14:08,5.59,--,1388,775892,买盘
485,14:14:04,5.59,--,518,289562,买盘
486,14:13:59,5.59,0.01,592,330928,买盘
487,14:13:53,5.58,-0.01,358,199764,卖盘
488,14:13:47,5.59,--,2177,1216943,买盘
489,14:13:44,5.59,--,81,45279,买盘
490,14:13:32,5.59,0.01,135,75465,买盘
491,14:13:29,5.58,--,706,393948,卖盘
492,14:13:23,5.58,-0.01,90,50220,卖盘
493,14:13:17,5.59,0.01,299,167141,买盘
494,14:13:08,5.58,--,238,132804,卖盘
495,14:13:02,5.58,-0.01,256,142848,卖盘
496,14:12:59,5.59,0.01,15,8385,买盘
497,14:12:53,5.58,--,261,145638,卖盘
498,14:12:44,5.58,-0.01,177,98766,卖盘
499,14:12:38,5.59,--,158,88322,买盘
500,14:12:32,5.59,0.01,171,95589,买盘
501,14:12:29,5.58,-0.01,30,16740,卖盘
502,14:12:14,5.59,--,100,55900,买盘
503,14:12:08,5.59,0.01,4,2236,买盘
504,14:12:02,5.58,-0.01,79,44361,卖盘
505,14:11:58,5.59,0.01,2,1118,买盘
506,14:11:53,5.58,-0.01,36,20088,卖盘
507,14:11:47,5.59,0.01,14,7826,买盘
508,14:11:44,5.58,--,3,1674,卖盘
509,14:11:38,5.58,-0.01,6,3348,卖盘
510,14:11:32,5.59,0.01,17,9503,买盘
511,14:11:29,5.58,--,4,2232,卖盘
512,14:11:17,5.58,-0.01,105,58590,卖盘
513,14:11:13,5.59,--,138,77142,买盘
514,14:11:08,5.59,0.01,50,27950,买盘
515,14:11:02,5.58,-0.01,6,3348,卖盘
516,14:10:58,5.59,--,122,68198,买盘
517,14:10:53,5.59,0.01,13,7267,买盘
518,14:10:43,5.58,-0.01,20,11160,卖盘
519,14:10:38,5.59,--,204,114036,买盘
520,14:10:28,5.59,0.01,70,39130,买盘
521,14:10:23,5.58,-0.01,33,18414,卖盘
522,14:10:17,5.59,--,48,26832,买盘
523,14:10:13,5.59,--,100,55900,买盘
524,14:10:08,5.59,0.01,10,5590,中性盘
525,14:10:02,5.58,-0.02,1608,897264,卖盘
526,14:09:58,5.6,0.01,43,24080,买盘
527,14:09:53,5.59,-0.01,387,216333,卖盘
528,14:09:47,5.6,--,780,436800,买盘
529,14:09:43,5.6,0.01,381,213360,买盘
530,14:09:38,5.59,--,71,39689,卖盘
531,14:09:32,5.59,-0.01,200,111800,卖盘
532,14:09:28,5.6,0.01,98,54880,买盘
533,14:09:23,5.59,-0.01,76,42484,卖盘
534,14:09:17,5.6,--,3338,1869279,买盘
535,14:09:13,5.6,--,173,96880,买盘
536,14:09:08,5.6,--,202,113120,买盘
537,14:09:02,5.6,--,185,103600,买盘
538,14:08:58,5.6,--,162,90720,买盘
539,14:08:53,5.6,--,38,21280,买盘
540,14:08:47,5.6,--,41,22960,买盘
541,14:08:43,5.6,--,519,290640,买盘
542,14:08:38,5.6,0.01,328,183680,买盘
543,14:08:32,5.59,--,4272,2388048,卖盘
544,14:08:28,5.59,-0.01,100,55900,卖盘
545,14:08:23,5.6,--,1061,594160,买盘
546,14:08:17,5.6,--,52,29119,买盘
547,14:08:13,5.6,0.01,342,191520,买盘
548,14:08:08,5.59,-0.01,18,10062,卖盘
549,14:08:02,5.6,--,140,78400,买盘
550,14:07:58,5.6,--,63,35280,买盘
551,14:07:53,5.6,--,17,9520,买盘
552,14:07:47,5.6,--,38,21280,买盘
553,14:07:43,5.6,0.01,35,19600,买盘
554,14:07:38,5.59,--,60,33540,卖盘
555,14:07:32,5.59,--,81,45279,卖盘
556,14:07:26,5.59,-0.01,79,44161,卖盘
557,14:07:23,5.6,--,3,1680,买盘
558,14:07:17,5.6,--,167,93520,买盘
559,14:07:11,5.6,--,9,5040,买盘
560,14:07:08,5.6,--,8,4480,买盘
561,14:07:02,5.6,--,295,165200,买盘
562,14:06:56,5.6,--,12,6720,买盘
563,14:06:53,5.6,0.01,2,1120,买盘
564,14:06:47,5.59,--,73,40807,卖盘
565,14:06:41,5.59,-0.01,1,559,卖盘
566,14:06:32,5.6,--,39,21840,买盘
567,14:06:26,5.6,--,16,8960,买盘
568,14:06:17,5.6,--,222,124319,买盘
569,14:06:11,5.6,--,116,64959,买盘
570,14:06:08,5.6,--,34,19040,买盘
571,14:06:02,5.6,--,344,192640,买盘
572,14:05:56,5.6,0.01,44,24640,买盘
573,14:05:53,5.59,-0.01,42,23478,卖盘
574,14:05:47,5.6,--,31,17360,买盘
575,14:05:41,5.6,--,138,77280,买盘
576,14:05:32,5.6,--,17,9520,买盘
577,14:05:26,5.6,0.01,2,1120,买盘
578,14:05:23,5.59,--,23,12857,卖盘
579,14:05:17,5.59,-0.01,74,41366,卖盘
580,14:05:11,5.6,--,30,16800,买盘
581,14:05:08,5.6,--,130,72800,买盘
582,14:05:02,5.6,--,19,10640,买盘
583,14:04:56,5.6,--,339,189901,买盘
584,14:04:47,5.6,--,99,55440,买盘
585,14:04:41,5.6,0.01,47,26320,买盘
586,14:04:38,5.59,--,87,48633,卖盘
587,14:04:32,5.59,-0.01,26,14534,卖盘
588,14:04:26,5.6,--,211,118159,买盘
589,14:04:17,5.6,--,69,38640,买盘
590,14:04:11,5.6,--,7,3919,买盘
591,14:04:07,5.6,0.01,172,96320,买盘
592,14:04:02,5.59,--,84,46956,卖盘
593,14:03:56,5.59,--,2135,1193465,卖盘
594,14:03:47,5.59,-0.01,20,11180,卖盘
595,14:03:41,5.6,0.01,97,54320,买盘
596,14:03:32,5.59,-0.01,1,559,卖盘
597,14:03:26,5.6,0.01,41,22960,买盘
598,14:03:22,5.59,-0.01,16,8944,卖盘
599,14:03:17,5.6,--,147,82320,买盘
600,14:03:11,5.6,--,364,203840,买盘
601,14:03:07,5.6,0.01,122,68320,买盘
602,14:03:02,5.59,--,2,1118,卖盘
603,14:02:56,5.59,--,80,44720,卖盘
604,14:02:52,5.59,-0.01,85,47515,卖盘
605,14:02:47,5.6,--,509,285040,买盘
606,14:02:41,5.6,--,163,91280,买盘
607,14:02:37,5.6,0.01,42,23520,买盘
608,14:02:32,5.59,-0.01,388,216892,卖盘
609,14:02:26,5.6,--,209,117039,买盘
610,14:02:17,5.6,--,117,65519,买盘
611,14:02:11,5.6,0.01,325,182000,买盘
612,14:02:07,5.59,--,30,16770,卖盘
613,14:02:02,5.59,-0.01,373,208507,卖盘
614,14:01:56,5.6,0.01,35,19600,买盘
615,14:01:47,5.59,-0.01,96,53664,卖盘
616,14:01:41,5.6,--,100,56000,买盘
617,14:01:37,5.6,--,306,171360,买盘
618,14:01:32,5.6,0.01,32,17920,买盘
619,14:01:26,5.59,-0.01,364,203476,卖盘
620,14:01:17,5.6,0.01,393,220080,买盘
621,14:01:11,5.59,--,210,117390,卖盘
622,14:01:07,5.59,--,6,3354,卖盘
623,14:01:02,5.59,--,27,15093,卖盘
624,14:00:56,5.59,--,106,59254,卖盘
625,14:00:52,5.59,-0.01,34,19006,卖盘
626,14:00:47,5.6,0.01,1,560,买盘
627,14:00:41,5.59,-0.01,100,55900,卖盘
628,14:00:36,5.6,0.01,108,60479,买盘
629,14:00:20,5.59,--,9,5031,卖盘
630,14:00:17,5.59,-0.01,142,79378,卖盘
631,14:00:11,5.6,0.01,4,2240,买盘
632,14:00:07,5.59,-0.01,256,143104,卖盘
633,14:00:02,5.6,0.01,17,9520,买盘
634,13:59:50,5.59,--,240,134160,卖盘
635,13:59:47,5.59,--,5,2795,卖盘
636,13:59:41,5.59,--,10,5590,卖盘
637,13:59:35,5.59,--,100,55900,卖盘
638,13:59:32,5.59,-0.01,23,12857,卖盘
639,13:59:20,5.6,0.01,8225,4606145,买盘
640,13:59:17,5.59,0.01,38,21242,买盘
641,13:59:11,5.58,--,106,59148,卖盘
642,13:59:02,5.58,-0.01,36,20088,卖盘
643,13:58:56,5.59,--,7,3913,买盘
644,13:58:50,5.59,--,32,17888,买盘
645,13:58:46,5.59,0.01,329,183911,买盘
646,13:58:41,5.58,--,70,39060,卖盘
647,13:58:35,5.58,--,358,199764,卖盘
648,13:58:32,5.58,-0.01,48,26784,卖盘
649,13:58:26,5.59,--,161,89999,买盘
650,13:58:20,5.59,--,108,60372,买盘
651,13:58:17,5.59,--,23,12857,买盘
652,13:58:11,5.59,--,115,64285,买盘
653,13:58:05,5.59,0.01,178,99502,买盘
654,13:58:02,5.58,--,44,24552,卖盘
655,13:57:56,5.58,--,23,12834,卖盘
656,13:57:50,5.58,-0.01,232,129456,卖盘
657,13:57:47,5.59,--,15,8385,买盘
658,13:57:41,5.59,0.01,455,254345,买盘
659,13:57:35,5.58,-0.01,74,41292,卖盘
660,13:57:31,5.59,--,11,6149,买盘
661,13:57:26,5.59,--,117,65403,买盘
662,13:57:20,5.59,--,330,184470,买盘
663,13:57:17,5.59,0.01,128,71552,买盘
664,13:57:11,5.58,--,1225,683550,卖盘
665,13:57:05,5.58,-0.01,297,165726,卖盘
666,13:57:01,5.59,--,19,10621,买盘
667,13:56:56,5.59,--,165,92235,买盘
668,13:56:50,5.59,--,143,79937,买盘
669,13:56:46,5.59,--,92,51428,买盘
670,13:56:41,5.59,--,190,106210,买盘
671,13:56:35,5.59,0.01,585,327015,买盘
672,13:56:31,5.58,-0.01,67,37386,卖盘
673,13:56:26,5.59,0.01,334,186706,买盘
674,13:56:20,5.58,-0.01,32,17856,卖盘
675,13:56:16,5.59,--,14,7826,买盘
676,13:56:11,5.59,--,2987,1669733,买盘
677,13:56:05,5.59,0.01,65,36335,买盘
678,13:56:01,5.58,--,22,12276,卖盘
679,13:55:56,5.58,-0.01,1174,655092,卖盘
680,13:55:50,5.59,0.01,23,12857,买盘
681,13:55:46,5.58,-0.01,37,20646,卖盘
682,13:55:41,5.59,--,125,69875,买盘
683,13:55:35,5.59,0.01,22,12298,买盘
684,13:55:31,5.58,-0.01,3,1674,卖盘
685,13:55:26,5.59,--,209,116831,买盘
686,13:55:20,5.59,0.01,1750,978250,买盘
687,13:55:16,5.58,-0.01,18,10044,卖盘
688,13:55:11,5.59,--,245,136955,买盘
689,13:55:05,5.59,0.01,25,13975,买盘
690,13:55:01,5.58,--,430,239940,卖盘
691,13:54:56,5.58,--,780,435240,卖盘
692,13:54:50,5.58,--,116,64728,卖盘
693,13:54:46,5.58,-0.01,117,65286,卖盘
694,13:54:41,5.59,0.01,57,31863,买盘
695,13:54:31,5.58,-0.01,56,31248,卖盘
696,13:54:26,5.59,--,105,58695,买盘
697,13:54:20,5.59,--,100,55900,买盘
698,13:54:11,5.59,0.01,74,41366,买盘
699,13:54:05,5.58,-0.01,66,36828,卖盘
700,13:53:56,5.59,0.01,1,559,买盘
701,13:53:35,5.58,--,20,11160,卖盘
702,13:53:26,5.58,-0.01,341,190278,卖盘
703,13:53:20,5.59,0.01,66,36894,买盘
704,13:53:14,5.58,--,2,1116,卖盘
705,13:53:05,5.58,--,43,23994,卖盘
706,13:52:56,5.58,-0.01,133,74214,卖盘
707,13:52:50,5.59,--,142,79378,买盘
708,13:52:41,5.59,0.01,34,19006,买盘
709,13:52:35,5.58,-0.01,379,211482,卖盘
710,13:52:29,5.59,--,110,61490,买盘
711,13:52:20,5.59,--,26,14534,买盘
712,13:52:14,5.59,0.01,371,207389,买盘
713,13:52:05,5.58,-0.01,80,44640,卖盘
714,13:51:59,5.59,--,72,40248,买盘
715,13:51:50,5.59,--,11,6149,买盘
716,13:51:44,5.59,--,148,82732,买盘
717,13:51:40,5.59,0.01,3,1677,买盘
718,13:51:35,5.58,--,25,13950,卖盘
719,13:51:29,5.58,--,28,15624,卖盘
720,13:51:20,5.58,-0.01,101,56358,卖盘
721,13:51:14,5.59,0.01,20,11180,买盘
722,13:50:59,5.58,-0.01,12,6807,卖盘
723,13:50:55,5.59,0.01,682,381238,买盘
724,13:50:50,5.58,--,332,185256,卖盘
725,13:50:44,5.58,-0.01,1,558,卖盘
726,13:50:40,5.59,--,37,20683,买盘
727,13:50:35,5.59,--,2,1118,买盘
728,13:50:29,5.59,0.01,17,9503,买盘
729,13:50:20,5.58,--,115,64170,卖盘
730,13:50:14,5.58,--,958,534564,卖盘
731,13:50:10,5.58,-0.01,77,42966,卖盘
732,13:50:05,5.59,--,1,559,买盘
733,13:49:50,5.59,--,30,16770,买盘
734,13:49:44,5.59,--,80,44720,买盘
735,13:49:35,5.59,0.01,20,11180,买盘
736,13:49:29,5.58,-0.01,87,48546,卖盘
737,13:49:25,5.59,--,132,73788,买盘
738,13:49:20,5.59,--,545,304655,买盘
739,13:49:14,5.59,--,658,367822,买盘
740,13:49:10,5.59,--,114,63726,买盘
741,13:48:59,5.59,0.01,22,12298,买盘
742,13:48:55,5.58,--,25,13950,卖盘
743,13:48:50,5.58,-0.01,238,132804,卖盘
744,13:48:44,5.59,0.01,9,5031,买盘
745,13:48:35,5.58,-0.01,278,155124,卖盘
746,13:48:29,5.59,--,248,138632,买盘
747,13:48:25,5.59,--,1805,1008995,买盘
748,13:48:20,5.59,--,28,15652,买盘
749,13:48:14,5.59,--,12,6708,买盘
750,13:48:10,5.59,--,9,5031,买盘
751,13:48:05,5.59,--,60,33540,买盘
752,13:47:50,5.59,0.01,320,178880,买盘
753,13:47:40,5.58,--,1023,570834,卖盘
754,13:47:29,5.58,--,100,55800,卖盘
755,13:47:25,5.58,--,46,25668,卖盘
756,13:47:20,5.58,-0.01,143,79794,卖盘
757,13:47:14,5.59,0.01,65,36335,买盘
758,13:47:10,5.58,-0.01,39,21762,卖盘
759,13:47:05,5.59,--,141,78819,买盘
760,13:46:59,5.59,0.01,107,59813,买盘
761,13:46:55,5.58,-0.01,100,55800,卖盘
762,13:46:50,5.59,0.01,437,244283,买盘
763,13:46:44,5.58,-0.01,21,11718,卖盘
764,13:46:40,5.59,--,20,11180,买盘
765,13:46:35,5.59,0.01,308,172172,买盘
766,13:46:29,5.58,--,145,80910,卖盘
767,13:46:25,5.58,-0.01,306,170748,卖盘
768,13:46:20,5.59,--,282,157638,买盘
769,13:46:14,5.59,--,248,139179,买盘
770,13:46:10,5.59,--,135,75465,买盘
771,13:46:05,5.59,--,83,46397,买盘
772,13:45:59,5.59,--,474,264966,买盘
773,13:45:55,5.59,0.01,35,19565,买盘
774,13:45:50,5.58,-0.01,197,109926,卖盘
775,13:45:44,5.59,--,517,289003,买盘
776,13:45:40,5.59,0.01,88,49192,买盘
777,13:45:35,5.58,--,1768,986544,卖盘
778,13:45:29,5.58,--,211,117738,卖盘
779,13:45:20,5.58,-0.01,338,188604,卖盘
780,13:45:14,5.59,--,217,121303,买盘
781,13:45:10,5.59,0.01,61,34099,买盘
782,13:45:05,5.58,--,847,472626,卖盘
783,13:44:59,5.58,-0.01,1081,603198,卖盘
784,13:44:55,5.59,0.01,233,130247,买盘
785,13:44:49,5.58,--,41,22878,卖盘
786,13:44:44,5.58,-0.01,57,31806,卖盘
787,13:44:38,5.59,--,51,28509,买盘
788,13:44:34,5.59,--,284,158756,买盘
789,13:44:29,5.59,--,935,522665,买盘
790,13:44:23,5.59,--,594,332046,买盘
791,13:44:19,5.59,--,426,238134,买盘
792,13:44:14,5.59,--,404,225836,买盘
793,13:44:08,5.59,--,215,120185,买盘
794,13:44:04,5.59,--,492,275028,买盘
795,13:43:59,5.59,--,362,202358,买盘
796,13:43:53,5.59,--,1074,600366,买盘
797,13:43:49,5.59,--,2588,1446692,买盘
798,13:43:44,5.59,--,1369,765293,卖盘
799,13:43:38,5.59,-0.01,684,382356,卖盘
800,13:43:34,5.6,0.01,237,132720,买盘
801,13:43:29,5.59,--,759,424817,买盘
802,13:43:23,5.59,--,2061,1152099,买盘
803,13:43:19,5.59,--,413,230867,买盘
804,13:43:14,5.59,--,1557,870363,买盘
805,13:43:08,5.59,0.01,66,36894,买盘
806,13:43:04,5.58,-0.01,262,146196,卖盘
807,13:42:59,5.59,--,81,45279,买盘
808,13:42:53,5.59,0.01,224,125216,买盘
809,13:42:49,5.58,--,185,103230,卖盘
810,13:42:44,5.58,-0.01,133,74214,卖盘
811,13:42:38,5.59,--,285,159315,买盘
812,13:42:34,5.59,--,50,27950,买盘
813,13:42:29,5.59,0.01,25,13975,买盘
814,13:42:23,5.58,--,8,4464,卖盘
815,13:42:14,5.58,-0.01,11295,6302610,卖盘
816,13:42:08,5.59,0.01,389,217451,买盘
817,13:42:04,5.58,-0.01,5,2790,卖盘
818,13:41:59,5.59,0.01,137,76583,买盘
819,13:41:53,5.58,-0.01,28,15624,卖盘
820,13:41:44,5.59,--,123,68757,买盘
821,13:41:34,5.59,0.01,492,275028,买盘
822,13:41:29,5.58,-0.01,8942,4989636,卖盘
823,13:41:23,5.59,0.01,128,71552,买盘
824,13:41:08,5.58,-0.01,350,195300,卖盘
825,13:41:04,5.59,0.01,80,44720,买盘
826,13:40:59,5.58,--,65,36270,卖盘
827,13:40:53,5.58,-0.01,581,324198,卖盘
828,13:40:49,5.59,--,3,1677,买盘
829,13:40:44,5.59,0.01,133,74347,买盘
830,13:40:38,5.58,--,11,6138,卖盘
831,13:40:29,5.58,-0.01,74,41292,卖盘
832,13:40:23,5.59,--,20,11180,买盘
833,13:40:19,5.59,0.01,20,11180,买盘
834,13:40:14,5.58,--,398,222084,卖盘
835,13:40:08,5.58,--,119,66402,卖盘
836,13:40:04,5.58,--,5,2790,卖盘
837,13:39:59,5.58,--,50,27900,卖盘
838,13:39:53,5.58,-0.01,62,34596,卖盘
839,13:39:44,5.59,0.01,55,30745,买盘
840,13:39:38,5.58,--,410,228780,卖盘
841,13:39:34,5.58,-0.01,5,2790,卖盘
842,13:39:29,5.59,--,29,16211,买盘
843,13:39:23,5.59,0.01,62,34658,买盘
844,13:39:19,5.58,--,10,5580,卖盘
845,13:39:14,5.58,-0.01,1617,902286,卖盘
846,13:39:08,5.59,0.01,327,182793,买盘
847,13:38:59,5.58,--,11,6138,卖盘
848,13:38:53,5.58,--,575,320850,卖盘
849,13:38:49,5.58,--,64,35712,卖盘
850,13:38:44,5.58,--,271,151218,卖盘
851,13:38:38,5.58,--,11,6138,卖盘
852,13:38:29,5.58,-0.01,16480,9195840,卖盘
853,13:38:23,5.59,0.01,85,47515,买盘
854,13:38:14,5.58,-0.01,1826,1018908,卖盘
855,13:38:08,5.59,--,3,1677,买盘
856,13:38:03,5.59,--,20,11180,买盘
857,13:37:59,5.59,--,446,249336,卖盘
858,13:37:53,5.59,--,346,193950,买盘
859,13:37:47,5.59,--,20,11180,买盘
860,13:37:44,5.59,--,1,559,买盘
861,13:37:38,5.59,--,628,351052,买盘
862,13:37:32,5.59,--,4949,2766513,卖盘
863,13:37:28,5.59,--,70,39130,卖盘
864,13:37:23,5.59,-0.01,231,129129,卖盘
865,13:37:17,5.6,0.01,34,19040,买盘
866,13:37:13,5.59,-0.01,5827,3257293,卖盘
867,13:37:08,5.6,0.01,15,8400,买盘
868,13:37:02,5.59,-0.01,130,72670,卖盘
869,13:36:58,5.6,--,101,56560,买盘
870,13:36:53,5.6,--,530,296800,买盘
871,13:36:47,5.6,0.01,3,1680,买盘
872,13:36:38,5.59,-0.01,50,27950,卖盘
873,13:36:32,5.6,0.01,25036,14020160,买盘
874,13:36:23,5.59,-0.01,31,17329,卖盘
875,13:36:17,5.6,--,76,42560,买盘
876,13:36:13,5.6,--,200,112000,买盘
877,13:36:08,5.6,--,536,300160,买盘
878,13:36:02,5.6,0.01,41,22960,买盘
879,13:35:58,5.59,-0.01,2000,1118000,卖盘
880,13:35:53,5.6,--,24,13440,买盘
881,13:35:47,5.6,--,7,3919,买盘
882,13:35:38,5.6,--,50,28000,买盘
883,13:35:32,5.6,--,731,409360,买盘
884,13:35:28,5.6,--,197,110320,买盘
885,13:35:23,5.6,--,22,12320,买盘
886,13:35:17,5.6,0.01,55,30799,买盘
887,13:35:08,5.59,--,121,67639,卖盘
888,13:34:58,5.59,--,5,2795,卖盘
889,13:34:53,5.59,--,30,16803,卖盘
890,13:34:47,5.59,-0.01,50,27950,卖盘
891,13:34:43,5.6,--,53,29679,买盘
892,13:34:32,5.6,--,48,26880,买盘
893,13:34:28,5.6,--,53,29679,买盘
894,13:34:23,5.6,--,89,49840,买盘
895,13:34:17,5.6,--,32,17920,买盘
896,13:34:13,5.6,--,109,61039,买盘
897,13:34:08,5.6,--,139,77840,买盘
898,13:34:02,5.6,-0.01,3404,1906631,卖盘
899,13:33:58,5.61,--,81,45441,买盘
900,13:33:53,5.61,0.01,65,36465,买盘
901,13:33:47,5.6,--,280,156800,卖盘
902,13:33:43,5.6,--,20,11200,卖盘
903,13:33:38,5.6,--,50,28168,卖盘
904,13:33:32,5.6,--,813,455280,卖盘
905,13:33:28,5.6,--,2,1120,卖盘
906,13:33:23,5.6,--,377,211120,卖盘
907,13:33:17,5.6,--,846,473759,卖盘
908,13:33:13,5.6,--,357,199920,卖盘
909,13:33:08,5.6,--,776,434868,卖盘
910,13:33:02,5.6,--,399,223692,买盘
911,13:32:58,5.6,--,801,448560,买盘
912,13:32:53,5.6,--,3255,1823024,买盘
913,13:32:47,5.6,--,704,394240,买盘
914,13:32:43,5.6,--,3,1680,买盘
915,13:32:38,5.6,--,134,75040,买盘
916,13:32:31,5.6,--,2222,1244320,买盘
917,13:32:28,5.6,--,34,19040,买盘
918,13:32:23,5.6,--,157,87920,买盘
919,13:32:17,5.6,--,68,38080,买盘
920,13:32:13,5.6,--,131,73360,买盘
921,13:32:08,5.6,--,60,33600,买盘
922,13:32:01,5.6,--,413,231279,买盘
923,13:31:58,5.6,--,62,34720,买盘
924,13:31:53,5.6,--,72,40320,买盘
925,13:31:47,5.6,0.01,32,17920,买盘
926,13:31:43,5.59,-0.01,31,17329,卖盘
927,13:31:38,5.6,--,80,44800,买盘
928,13:31:32,5.6,--,245,137200,买盘
929,13:31:27,5.6,--,9,5040,买盘
930,13:31:23,5.6,--,42,23520,买盘
931,13:31:17,5.6,0.01,42,23520,买盘
932,13:31:12,5.59,-0.01,340,190060,卖盘
933,13:31:07,5.6,0.01,24,13440,买盘
934,13:31:02,5.59,-0.01,35,19565,卖盘
935,13:30:57,5.6,--,126,70560,买盘
936,13:30:52,5.6,0.01,18,10080,买盘
937,13:30:47,5.59,--,130,72670,卖盘
938,13:30:37,5.59,--,153,85527,卖盘
939,13:30:32,5.59,-0.01,24,13416,卖盘
940,13:30:26,5.6,0.01,1001,560560,买盘
941,13:30:22,5.59,--,422,235898,卖盘
942,13:30:17,5.59,-0.01,1,559,卖盘
943,13:30:11,5.6,--,195,109200,买盘
944,13:30:07,5.6,--,50,28000,买盘
945,13:30:02,5.6,--,261,146658,卖盘
946,13:29:56,5.6,--,1235,691600,卖盘
947,13:29:52,5.6,--,860,481599,卖盘
948,13:29:47,5.6,--,256,143360,卖盘
949,13:29:41,5.6,--,419,234639,卖盘
950,13:29:37,5.6,--,30,16800,卖盘
951,13:29:32,5.6,--,416,232959,卖盘
952,13:29:26,5.6,--,311,174160,卖盘
953,13:29:22,5.6,-0.01,1120,627200,卖盘
954,13:29:17,5.61,0.01,213,119493,买盘
955,13:29:11,5.6,--,484,271040,卖盘
956,13:29:07,5.6,--,31,17360,卖盘
957,13:29:02,5.6,--,97,54320,卖盘
958,13:28:56,5.6,--,1267,709520,卖盘
959,13:28:52,5.6,--,2572,1440320,卖盘
960,13:28:47,5.6,--,101,56560,卖盘
961,13:28:41,5.6,--,960,537600,卖盘
962,13:28:37,5.6,--,499,279440,卖盘
963,13:28:32,5.6,--,281,157360,卖盘
964,13:28:26,5.6,--,501,280560,卖盘
965,13:28:22,5.6,--,460,257599,卖盘
966,13:28:17,5.6,--,436,244159,卖盘
967,13:28:11,5.6,--,1770,991199,卖盘
968,13:28:07,5.6,--,202,113120,卖盘
969,13:28:02,5.6,--,1572,880320,卖盘
970,13:27:56,5.6,--,867,485519,卖盘
971,13:27:52,5.6,--,12,6720,卖盘
972,13:27:47,5.6,--,182,101920,卖盘
973,13:27:41,5.6,--,94,52640,卖盘
974,13:27:37,5.6,--,841,470959,卖盘
975,13:27:31,5.6,--,101,56560,卖盘
976,13:27:26,5.6,--,397,222320,卖盘
977,13:27:22,5.6,--,902,505119,卖盘
978,13:27:17,5.6,--,375,210000,卖盘
979,13:27:10,5.6,--,479,268240,卖盘
980,13:27:07,5.6,--,50,28000,卖盘
981,13:27:01,5.6,--,130,72800,卖盘
982,13:26:56,5.6,--,158,88480,卖盘
983,13:26:52,5.6,--,58,32479,卖盘
984,13:26:47,5.6,--,243,136080,卖盘
985,13:26:40,5.6,--,47,26320,卖盘
986,13:26:37,5.6,--,32,17920,卖盘
987,13:26:31,5.6,-0.01,58,32479,卖盘
988,13:26:26,5.61,0.01,544,305184,买盘
989,13:26:22,5.6,-0.01,14,7839,卖盘
990,13:26:17,5.61,0.01,995,558195,买盘
991,13:26:10,5.6,--,150,84000,卖盘
992,13:26:07,5.6,--,2,1120,卖盘
993,13:26:01,5.6,--,660,369600,卖盘
994,13:25:55,5.6,-0.01,50,28000,卖盘
995,13:25:51,5.61,0.01,10,5610,买盘
996,13:25:46,5.6,--,805,451102,卖盘
997,13:25:40,5.6,--,20,11200,卖盘
998,13:25:37,5.6,--,50,28000,卖盘
999,13:25:31,5.6,--,120,67200,卖盘
1000,13:25:25,5.6,--,600,336000,卖盘
1001,13:25:22,5.6,-0.01,69,38640,卖盘
1002,13:25:16,5.61,--,111,62271,买盘
1003,13:25:10,5.61,--,405,227205,买盘
1004,13:25:07,5.61,0.01,59,33099,买盘
1005,13:25:01,5.6,-0.01,10,5600,卖盘
1006,13:24:55,5.61,0.01,2404,1348644,买盘
1007,13:24:51,5.6,-0.01,30,16800,卖盘
1008,13:24:46,5.61,0.01,1075,603075,买盘
1009,13:24:40,5.6,--,50,28000,卖盘
1010,13:24:37,5.6,-0.01,105,58799,卖盘
1011,13:24:31,5.61,--,122,68442,买盘
1012,13:24:25,5.61,--,50,28050,买盘
1013,13:24:16,5.61,0.01,215,120615,买盘
1014,13:24:10,5.6,--,524,293440,卖盘
1015,13:24:06,5.6,-0.01,814,455840,卖盘
1016,13:24:01,5.61,--,52,29172,买盘
1017,13:23:55,5.61,--,73,40953,买盘
1018,13:23:49,5.61,0.01,74,41514,买盘
1019,13:23:46,5.6,--,432,241919,卖盘
1020,13:23:40,5.6,-0.01,7,3919,卖盘
1021,13:23:34,5.61,--,59,33099,买盘
1022,13:23:31,5.61,--,88,49368,买盘
1023,13:23:25,5.61,--,84,47124,买盘
1024,13:23:19,5.61,--,70,39270,买盘
1025,13:23:16,5.61,--,94,52734,买盘
1026,13:23:10,5.61,--,372,208692,买盘
1027,13:23:04,5.61,--,30,16830,买盘
1028,13:22:55,5.61,0.01,30,16830,买盘
1029,13:22:49,5.6,--,55,30799,卖盘
1030,13:22:46,5.6,-0.01,1657,927919,卖盘
1031,13:22:40,5.61,--,1992,1117512,买盘
1032,13:22:34,5.61,--,108,60588,买盘
1033,13:22:31,5.61,0.01,10,5610,买盘
1034,13:22:25,5.6,--,120,67200,卖盘
1035,13:22:16,5.6,-0.01,39,21840,卖盘
1036,13:22:10,5.61,--,703,394383,买盘
1037,13:22:04,5.61,--,6,3366,买盘
1038,13:22:01,5.61,--,136,76296,买盘
1039,13:21:55,5.61,--,10,5610,买盘
1040,13:21:49,5.61,0.01,200,112200,买盘
1041,13:21:40,5.6,-0.01,402,225120,卖盘
1042,13:21:34,5.61,0.01,24,13464,买盘
1043,13:21:25,5.6,--,254,142240,卖盘
1044,13:21:19,5.6,-0.01,189,105840,卖盘
1045,13:21:16,5.61,--,68,38148,买盘
1046,13:21:10,5.61,--,7439,4173279,买盘
1047,13:21:01,5.61,--,202,113322,买盘
1048,13:20:55,5.61,--,115,64515,买盘
1049,13:20:49,5.61,--,34,19074,买盘
1050,13:20:46,5.61,0.01,42,23562,买盘
1051,13:20:40,5.6,-0.01,14,7839,卖盘
1052,13:20:34,5.61,0.01,131,73491,买盘
1053,13:20:31,5.6,--,60,33600,卖盘
1054,13:20:25,5.6,--,135,75600,卖盘
1055,13:20:19,5.6,--,14,7839,卖盘
1056,13:20:10,5.6,-0.01,371,207760,卖盘
1057,13:20:04,5.61,0.01,411,230571,买盘
1058,13:19:55,5.6,-0.01,139,77840,卖盘
1059,13:19:49,5.61,--,3,1683,买盘
1060,13:19:46,5.61,0.01,122,68442,买盘
1061,13:19:34,5.6,-0.01,73,40880,卖盘
1062,13:19:25,5.61,0.01,300,168300,买盘
1063,13:19:10,5.6,-0.01,1,560,卖盘
1064,13:19:04,5.61,0.01,362,203082,买盘
1065,13:19:01,5.6,--,21,11760,卖盘
1066,13:18:55,5.6,-0.01,101,56560,卖盘
1067,13:18:49,5.61,--,102,57222,买盘
1068,13:18:45,5.61,0.01,20,11220,买盘
1069,13:18:40,5.6,--,21,11760,卖盘
1070,13:18:30,5.6,-0.01,71,39760,卖盘
1071,13:18:25,5.61,0.01,47,26367,买盘
1072,13:18:19,5.6,--,16,8960,卖盘
1073,13:18:10,5.6,--,337,188720,卖盘
1074,13:18:04,5.6,--,151,84560,卖盘
1075,13:17:55,5.6,--,136,76160,卖盘
1076,13:17:49,5.6,--,111,62159,卖盘
1077,13:17:45,5.6,-0.01,50,28000,卖盘
1078,13:17:40,5.61,--,18,10098,买盘
1079,13:17:34,5.61,0.01,39,21879,买盘
1080,13:17:19,5.6,-0.01,20,11200,卖盘
1081,13:17:15,5.61,--,45,25245,买盘
1082,13:17:10,5.61,0.01,219,122859,买盘
1083,13:17:04,5.6,-0.01,3,1680,卖盘
1084,13:17:00,5.61,--,154,86394,买盘
1085,13:16:49,5.61,0.01,129,72369,买盘
1086,13:16:45,5.6,--,35,19600,卖盘
1087,13:16:40,5.6,--,359,201040,卖盘
1088,13:16:34,5.6,--,1801,1008559,卖盘
1089,13:16:25,5.6,--,124,69440,卖盘
1090,13:16:13,5.6,--,540,302400,卖盘
1091,13:16:10,5.6,--,1019,570656,卖盘
1092,13:16:04,5.6,--,76,42560,卖盘
1093,13:15:58,5.6,--,1148,642913,卖盘
1094,13:15:55,5.6,-0.01,102,57120,卖盘
1095,13:15:49,5.61,--,64,35904,买盘
1096,13:15:43,5.61,0.01,299,167739,买盘
1097,13:15:34,5.6,--,100,56000,卖盘
1098,13:15:28,5.6,--,7,3919,卖盘
1099,13:15:25,5.6,-0.01,10,5600,卖盘
1100,13:15:19,5.61,0.01,68,38148,买盘
1101,13:15:13,5.6,--,86,48160,卖盘
1102,13:15:10,5.6,-0.01,1,560,卖盘
1103,13:15:04,5.61,--,35,19635,买盘
1104,13:14:58,5.61,0.01,10,5610,买盘
1105,13:14:49,5.6,-0.01,377,211120,卖盘
1106,13:14:43,5.61,--,2738,1536018,买盘
1107,13:14:40,5.61,0.01,10,5610,买盘
1108,13:14:34,5.6,-0.01,43,24080,卖盘
1109,13:14:28,5.61,0.01,106,59466,买盘
1110,13:14:25,5.6,--,15,8400,卖盘
1111,13:14:19,5.6,--,50,28000,卖盘
1112,13:14:13,5.6,--,225,125999,卖盘
1113,13:14:10,5.6,--,202,113120,卖盘
1114,13:14:04,5.6,--,12,6720,卖盘
1115,13:13:58,5.6,-0.01,102,57120,卖盘
1116,13:13:55,5.61,0.01,139,77979,买盘
1117,13:13:49,5.6,-0.01,12,6720,卖盘
1118,13:13:43,5.61,0.01,37,20757,买盘
1119,13:13:40,5.6,--,29,16239,卖盘
1120,13:13:34,5.6,--,240,134400,卖盘
1121,13:13:28,5.6,-0.01,192,107520,卖盘
1122,13:13:25,5.61,0.01,17,9537,买盘
1123,13:13:19,5.6,--,10,5600,卖盘
1124,13:13:13,5.6,--,20,11200,卖盘
1125,13:13:04,5.6,--,534,299040,卖盘
1126,13:12:58,5.6,--,9,5040,卖盘
1127,13:12:49,5.6,--,246,137760,卖盘
1128,13:12:43,5.6,--,48,26880,卖盘
1129,13:12:40,5.6,--,60,33600,卖盘
1130,13:12:34,5.6,-0.01,107,59919,卖盘
1131,13:12:28,5.61,--,50,28050,买盘
1132,13:12:25,5.61,--,10,5610,买盘
1133,13:12:19,5.61,0.01,85,47685,买盘
1134,13:12:13,5.6,-0.01,72,40320,卖盘
1135,13:12:09,5.61,0.01,1607,901527,买盘
1136,13:12:04,5.6,-0.01,56,31359,卖盘
1137,13:11:58,5.61,--,247,138567,买盘
1138,13:11:49,5.61,--,144,80784,买盘
1139,13:11:43,5.61,--,10,5610,买盘
1140,13:11:39,5.61,--,784,439824,买盘
1141,13:11:34,5.61,0.01,76,42636,买盘
1142,13:11:28,5.6,-0.01,196,109760,卖盘
1143,13:11:24,5.61,0.01,178,99858,买盘
1144,13:11:19,5.6,-0.01,678,379680,卖盘
1145,13:11:13,5.61,--,231,129591,买盘
1146,13:11:09,5.61,--,685,384285,买盘
1147,13:11:04,5.61,--,1172,657643,买盘
1148,13:10:58,5.61,--,1087,609807,买盘
1149,13:10:43,5.61,0.01,40,22440,买盘
1150,13:10:39,5.6,-0.01,35,19600,卖盘
1151,13:10:34,5.61,0.01,50,28050,买盘
1152,13:10:28,5.6,--,372,208320,卖盘
1153,13:10:24,5.6,-0.01,574,321440,卖盘
1154,13:10:19,5.61,0.01,379,212619,买盘
1155,13:10:13,5.6,-0.01,469,262640,卖盘
1156,13:10:09,5.61,--,1556,872916,买盘
1157,13:10:04,5.61,--,400,224400,买盘
1158,13:09:58,5.61,--,87,48807,买盘
1159,13:09:49,5.61,--,508,284988,买盘
1160,13:09:39,5.61,--,65,36465,买盘
1161,13:09:34,5.61,--,766,429726,买盘
1162,13:09:28,5.61,--,67,37587,买盘
1163,13:09:22,5.61,--,124,69564,买盘
1164,13:09:19,5.61,--,13,7293,买盘
1165,13:09:13,5.61,--,30,16830,买盘
1166,13:09:07,5.61,--,149,83589,买盘
1167,13:09:04,5.61,--,119,66759,买盘
1168,13:08:58,5.61,--,115,64515,买盘
1169,13:08:52,5.61,0.01,216,121176,买盘
1170,13:08:49,5.6,-0.01,22,12320,卖盘
1171,13:08:43,5.61,--,24,13464,买盘
1172,13:08:37,5.61,--,116,65076,买盘
1173,13:08:34,5.61,--,500,280500,买盘
1174,13:08:28,5.61,--,1304,731544,买盘
1175,13:08:22,5.61,--,1050,589050,买盘
1176,13:08:19,5.61,--,30,16830,买盘
1177,13:08:13,5.61,0.01,90,50490,买盘
1178,13:08:07,5.6,-0.01,154,86240,卖盘
1179,13:07:58,5.61,0.01,362,203082,买盘
1180,13:07:52,5.6,-0.01,450,251999,卖盘
1181,13:07:49,5.61,--,6,3366,买盘
1182,13:07:43,5.61,--,39,21879,买盘
1183,13:07:37,5.61,--,190,106590,买盘
1184,13:07:34,5.61,--,127,71247,买盘
1185,13:07:28,5.61,--,1737,974457,买盘
1186,13:07:22,5.61,0.01,193,108273,买盘
1187,13:07:13,5.6,-0.01,730,408917,卖盘
1188,13:07:07,5.61,0.01,79,44319,买盘
1189,13:07:04,5.6,--,100,56000,卖盘
1190,13:06:58,5.6,--,202,113120,卖盘
1191,13:06:52,5.6,--,70,39200,卖盘
1192,13:06:49,5.6,--,18,10080,卖盘
1193,13:06:43,5.6,-0.01,10,5600,卖盘
1194,13:06:37,5.61,0.01,42,23562,买盘
1195,13:06:34,5.6,--,1,560,卖盘
1196,13:06:28,5.6,--,21,11760,卖盘
1197,13:06:22,5.6,--,140,78400,卖盘
1198,13:06:19,5.6,--,1554,870240,卖盘
1199,13:06:13,5.6,-0.01,106,59359,卖盘
1200,13:06:07,5.61,0.01,50,28050,买盘
1201,13:06:04,5.6,--,48,26880,卖盘
1202,13:05:58,5.6,--,263,147280,卖盘
1203,13:05:52,5.6,--,13,7279,卖盘
1204,13:05:48,5.6,--,20,11200,卖盘
1205,13:05:43,5.6,--,6,3360,卖盘
1206,13:05:33,5.6,--,40,22400,卖盘
1207,13:05:28,5.6,--,30,16800,卖盘
1208,13:05:22,5.6,--,125,70000,卖盘
1209,13:05:13,5.6,-0.01,153,85680,卖盘
1210,13:05:07,5.61,--,120,67320,买盘
1211,13:05:03,5.61,--,331,185691,买盘
1212,13:04:58,5.61,--,97,54417,买盘
1213,13:04:52,5.61,0.01,63,35343,买盘
1214,13:04:48,5.6,--,51,28560,卖盘
1215,13:04:37,5.6,--,257,143920,卖盘
1216,13:04:33,5.6,-0.01,50,28000,卖盘
1217,13:04:28,5.61,--,202,113322,买盘
1218,13:04:22,5.61,--,90,50490,买盘
1219,13:04:18,5.61,0.01,40,22440,买盘
1220,13:04:13,5.6,-0.01,12,6720,卖盘
1221,13:04:07,5.61,--,200,112200,买盘
1222,13:03:58,5.61,--,236,132396,买盘
1223,13:03:52,5.61,0.01,350,196350,买盘
1224,13:03:48,5.6,-0.01,63,35280,卖盘
1225,13:03:43,5.61,0.01,41,23001,买盘
1226,13:03:37,5.6,-0.01,510,285600,卖盘
1227,13:03:33,5.61,--,3,1683,买盘
1228,13:03:28,5.61,--,202,113322,买盘
1229,13:03:22,5.61,--,75,42075,买盘
1230,13:03:13,5.61,0.01,162,90882,买盘
1231,13:03:07,5.6,-0.01,170,95200,卖盘
1232,13:03:01,5.61,0.01,10,5610,买盘
1233,13:02:58,5.6,-0.01,5,2800,卖盘
1234,13:02:52,5.61,--,55,30855,买盘
1235,13:02:46,5.61,--,171,95931,买盘
1236,13:02:43,5.61,0.01,30,16830,买盘
1237,13:02:37,5.6,-0.01,400,224000,卖盘
1238,13:02:31,5.61,--,36,20196,买盘
1239,13:02:28,5.61,0.01,279,156519,买盘
1240,13:02:22,5.6,-0.01,100,56000,卖盘
1241,13:02:13,5.61,--,14,7854,买盘
1242,13:02:07,5.61,--,416,233376,买盘
1243,13:02:01,5.61,0.01,450,252450,买盘
1244,13:01:52,5.6,-0.01,430,240799,卖盘
1245,13:01:46,5.61,0.01,76,42636,买盘
1246,13:01:37,5.6,-0.01,1633,914480,卖盘
1247,13:01:27,5.61,--,114,63954,买盘
1248,13:01:22,5.61,0.01,1723,966603,买盘
1249,13:01:16,5.6,--,2,1120,卖盘
1250,13:01:12,5.6,-0.01,57,31919,卖盘
1251,13:01:07,5.61,0.01,10,5610,买盘
1252,13:00:52,5.6,-0.01,390,218400,卖盘
1253,13:00:37,5.61,0.01,36,20196,买盘
1254,13:00:31,5.6,-0.01,331,185360,卖盘
1255,13:00:27,5.61,--,22,12342,买盘
1256,13:00:22,5.61,0.01,80,44880,买盘
1257,13:00:16,5.6,-0.01,3,1680,卖盘
1258,13:00:12,5.61,0.01,2442,1369962,买盘
1259,13:00:07,5.6,--,11806,6611802,买盘
1260,13:00:01,5.6,--,120,67564,买盘
1261,11:30:00,5.6,--,0,0,买盘
1262,11:29:59,5.6,--,0,0,买盘
1263,11:29:58,5.6,--,124,69440,买盘
1264,11:29:53,5.6,--,3,1680,买盘
1265,11:29:47,5.6,--,4,2240,买盘
1266,11:29:38,5.6,--,141,78960,买盘
1267,11:29:32,5.6,0.01,2942,1647520,买盘
1268,11:29:28,5.59,-0.01,5,2795,卖盘
1269,11:29:17,5.6,0.01,8,4480,买盘
1270,11:29:13,5.59,--,30,16770,卖盘
1271,11:29:02,5.59,--,10,5590,卖盘
1272,11:28:58,5.59,--,30,16770,卖盘
1273,11:28:53,5.59,-0.01,356,199004,卖盘
1274,11:28:47,5.6,--,20,11200,买盘
1275,11:28:38,5.6,--,53,29679,买盘
1276,11:28:13,5.6,--,20,11200,买盘
1277,11:28:08,5.6,--,44,24640,买盘
1278,11:28:02,5.6,--,6,3360,买盘
1279,11:27:53,5.6,--,1123,628880,买盘
1280,11:27:38,5.6,0.01,145,81200,买盘
1281,11:27:32,5.59,-0.01,1,559,卖盘
1282,11:27:17,5.6,0.01,425,237999,买盘
1283,11:27:13,5.59,--,5,2795,卖盘
1284,11:27:08,5.59,-0.01,109,60931,卖盘
1285,11:26:58,5.6,0.01,53,29679,买盘
1286,11:26:53,5.59,--,104,58136,卖盘
1287,11:26:47,5.59,-0.01,3596,2010164,卖盘
1288,11:26:43,5.6,--,22,12320,买盘
1289,11:26:38,5.6,0.01,172,96320,买盘
1290,11:26:17,5.59,--,39,21801,卖盘
1291,11:26:11,5.59,--,80,44720,卖盘
1292,11:26:08,5.59,--,15,8385,卖盘
1293,11:25:56,5.59,-0.01,54,30186,卖盘
1294,11:25:47,5.6,--,1,560,买盘
1295,11:25:41,5.6,--,19,10640,买盘
1296,11:25:32,5.6,--,737,413168,卖盘
1297,11:25:26,5.6,--,57,31919,卖盘
1298,11:25:23,5.6,--,2,1120,卖盘
1299,11:25:17,5.6,--,87,48720,卖盘
1300,11:25:11,5.6,--,3,1680,卖盘
1301,11:25:08,5.6,--,50,28000,卖盘
1302,11:25:02,5.6,--,1006,563472,买盘
1303,11:24:56,5.6,--,1,560,买盘
1304,11:24:47,5.6,--,243,136080,买盘
1305,11:24:41,5.6,--,41,22960,买盘
1306,11:24:38,5.6,--,90,50400,买盘
1307,11:24:32,5.6,--,53,29679,买盘
1308,11:24:17,5.6,--,209,117039,卖盘
1309,11:24:11,5.6,--,504,282240,买盘
1310,11:23:56,5.6,0.01,29,16239,买盘
1311,11:23:53,5.59,-0.01,30,16770,卖盘
1312,11:23:47,5.6,--,440,246399,买盘
1313,11:23:41,5.6,--,63,35280,买盘
1314,11:23:37,5.6,--,119,66640,买盘
1315,11:23:26,5.6,--,220,123199,买盘
1316,11:23:22,5.6,--,9,5040,买盘
1317,11:23:17,5.6,--,100,56000,买盘
1318,11:23:07,5.6,--,111,62159,买盘
1319,11:23:02,5.6,-0.01,364,204360,卖盘
1320,11:22:56,5.61,0.01,72,40392,买盘
1321,11:22:52,5.6,--,43,24080,卖盘
1322,11:22:47,5.6,--,217,121519,卖盘
1323,11:22:41,5.6,-0.01,48,26880,卖盘
1324,11:22:37,5.61,0.01,230,129030,买盘
1325,11:22:26,5.6,-0.01,9,5040,卖盘
1326,11:22:22,5.61,--,10,5610,买盘
1327,11:22:17,5.61,0.01,309,173349,买盘
1328,11:22:11,5.6,--,26,14559,卖盘
1329,11:22:07,5.6,--,124,69440,卖盘
1330,11:22:02,5.6,--,157,87920,卖盘
1331,11:21:56,5.6,--,24,13440,卖盘
1332,11:21:47,5.6,--,51,28560,卖盘
1333,11:21:41,5.6,--,50,28000,卖盘
1334,11:21:37,5.6,--,486,272160,卖盘
1335,11:21:32,5.6,--,40,22400,卖盘
1336,11:21:26,5.6,--,134,75079,买盘
1337,11:21:22,5.6,-0.01,26,15080,卖盘
1338,11:21:17,5.61,0.01,87,48846,买盘
1339,11:21:11,5.6,--,1131,633880,卖盘
1340,11:21:07,5.6,-0.01,251,140599,卖盘
1341,11:21:02,5.61,0.01,1786,1001946,买盘
1342,11:20:56,5.6,--,140,78400,卖盘
1343,11:20:52,5.6,-0.01,298,166880,卖盘
1344,11:20:41,5.61,0.01,94,52734,买盘
1345,11:20:37,5.6,--,162,90720,卖盘
1346,11:20:32,5.6,--,15,8400,卖盘
1347,11:20:26,5.6,--,38,21280,卖盘
1348,11:20:22,5.6,--,7,3919,卖盘
1349,11:20:17,5.6,--,48,26880,卖盘
1350,11:20:11,5.6,--,26,14559,卖盘
1351,11:20:02,5.6,--,45,25200,卖盘
1352,11:19:56,5.6,--,139,77840,卖盘
1353,11:19:52,5.6,--,31,17360,卖盘
1354,11:19:46,5.6,--,6,3360,卖盘
1355,11:19:41,5.6,-0.01,81,45360,卖盘
1356,11:19:35,5.61,0.01,144,80784,买盘
1357,11:19:32,5.6,--,43,24080,卖盘
1358,11:19:26,5.6,--,285,159600,卖盘
1359,11:19:20,5.6,--,10,5600,卖盘
1360,11:19:11,5.6,--,101,56560,卖盘
1361,11:19:05,5.6,--,50,28000,卖盘
1362,11:19:02,5.6,-0.01,1,560,卖盘
1363,11:18:56,5.61,0.01,16,8976,买盘
1364,11:18:50,5.6,--,121,67760,卖盘
1365,11:18:47,5.6,-0.01,5,2800,卖盘
1366,11:18:41,5.61,--,180,100980,买盘
1367,11:18:35,5.61,0.01,4946,2774706,买盘
1368,11:18:31,5.6,--,333,186480,买盘
1369,11:18:26,5.6,--,309,173040,买盘
1370,11:18:20,5.6,--,529,296240,买盘
1371,11:18:17,5.6,--,7,3919,买盘
1372,11:18:11,5.6,--,233,130479,买盘
1373,11:18:05,5.6,--,868,486079,买盘
1374,11:18:01,5.6,--,1827,1023119,买盘
1375,11:17:56,5.6,0.01,175,98000,买盘
1376,11:17:50,5.59,-0.01,271,151489,卖盘
1377,11:17:47,5.6,--,155,86800,买盘
1378,11:17:41,5.6,--,135,75600,买盘
1379,11:17:35,5.6,--,186,104160,买盘
1380,11:17:31,5.6,--,57,31919,买盘
1381,11:17:26,5.6,0.01,224,125439,买盘
1382,11:17:20,5.59,-0.01,15,8385,卖盘
1383,11:17:11,5.6,--,180,100800,买盘
1384,11:17:05,5.6,--,347,194320,买盘
1385,11:17:01,5.6,0.01,234,131039,买盘
1386,11:16:56,5.59,--,1146,640614,卖盘
1387,11:16:50,5.59,--,58,32422,卖盘
1388,11:16:41,5.59,-0.01,276,154284,卖盘
1389,11:16:35,5.6,--,576,322560,买盘
1390,11:16:31,5.6,0.01,70,39200,买盘
1391,11:16:26,5.59,--,12,6708,卖盘
1392,11:16:20,5.59,-0.01,33,18447,卖盘
1393,11:16:16,5.6,0.01,93,52080,买盘
1394,11:16:11,5.59,-0.01,72,40248,卖盘
1395,11:16:01,5.6,--,2,1120,买盘
1396,11:15:56,5.6,--,515,288400,买盘
1397,11:15:50,5.6,0.01,40,22400,买盘
1398,11:15:41,5.59,-0.01,82,45838,卖盘
1399,11:15:35,5.6,--,236,132160,买盘
1400,11:15:31,5.6,--,54,30239,买盘
1401,11:15:26,5.6,--,253,141680,买盘
1402,11:15:20,5.6,--,20,11200,买盘
1403,11:15:16,5.6,--,6,3360,买盘
1404,11:15:11,5.6,--,78,43680,买盘
1405,11:15:05,5.6,0.01,17,9520,买盘
1406,11:14:56,5.59,-0.01,878,490802,卖盘
1407,11:14:50,5.6,--,54,30239,买盘
1408,11:14:41,5.6,0.01,222,124319,买盘
1409,11:14:35,5.59,-0.01,2271,1269489,卖盘
1410,11:14:31,5.6,--,10,5600,买盘
1411,11:14:20,5.6,--,250,140000,买盘
1412,11:14:16,5.6,--,65,36400,买盘
1413,11:14:11,5.6,--,44,24640,买盘
1414,11:14:05,5.6,--,59,33040,买盘
1415,11:13:56,5.6,--,90,50400,买盘
1416,11:13:50,5.6,--,100,56000,买盘
1417,11:13:46,5.6,--,28,15679,买盘
1418,11:13:41,5.6,--,100,56000,买盘
1419,11:13:31,5.6,--,11,6160,买盘
1420,11:13:26,5.6,--,60,33600,买盘
1421,11:13:20,5.6,--,104,58239,买盘
1422,11:13:11,5.6,--,847,474319,买盘
1423,11:13:01,5.6,--,87,48720,买盘
1424,11:12:56,5.6,--,117,65519,买盘
1425,11:12:50,5.6,--,228,127679,买盘
1426,11:12:44,5.6,0.01,40,22400,买盘
1427,11:12:41,5.59,-0.01,44,24596,卖盘
1428,11:12:35,5.6,--,79,44240,买盘
1429,11:12:31,5.6,--,725,406000,买盘
1430,11:12:26,5.6,0.01,693,388080,买盘
1431,11:12:20,5.59,-0.01,626,349934,卖盘
1432,11:12:15,5.6,--,1089,609840,买盘
1433,11:12:11,5.6,--,5,2800,买盘
1434,11:12:05,5.6,0.01,202,113120,买盘
1435,11:11:59,5.59,--,120,67080,卖盘
1436,11:11:56,5.59,-0.01,164,91676,卖盘
1437,11:11:50,5.6,--,68,38080,买盘
1438,11:11:44,5.6,--,369,206640,买盘
1439,11:11:40,5.6,--,79,44240,买盘
1440,11:11:35,5.6,--,532,297920,买盘
1441,11:11:29,5.6,--,1413,791280,买盘
1442,11:11:26,5.6,--,541,302960,买盘
1443,11:11:20,5.6,--,263,147280,买盘
1444,11:11:14,5.6,0.01,320,179200,买盘
1445,11:11:10,5.59,--,727,406393,卖盘
1446,11:11:05,5.59,-0.01,57,31863,卖盘
1447,11:10:59,5.6,--,1909,1069040,买盘
1448,11:10:55,5.6,--,546,305760,买盘
1449,11:10:50,5.6,--,25272,14152320,买盘
1450,11:10:44,5.6,--,253,141680,买盘
1451,11:10:40,5.6,--,365,204400,买盘
1452,11:10:35,5.6,0.01,236,132160,买盘
1453,11:10:29,5.59,--,192,107328,卖盘
1454,11:10:25,5.59,-0.01,4,2236,卖盘
1455,11:10:20,5.6,--,164,91840,买盘
1456,11:10:14,5.6,0.01,51,28560,买盘
1457,11:10:10,5.59,--,92,51428,卖盘
1458,11:10:05,5.59,-0.01,551,308009,卖盘
1459,11:09:55,5.6,0.01,178,99680,买盘
1460,11:09:50,5.59,-0.01,151,84409,卖盘
1461,11:09:44,5.6,0.01,168,94080,买盘
1462,11:09:40,5.59,--,10,5590,卖盘
1463,11:09:35,5.59,--,106,59254,卖盘
1464,11:09:20,5.59,--,54,30186,卖盘
1465,11:09:05,5.59,-0.01,260,145340,卖盘
1466,11:08:59,5.6,--,65,36400,买盘
1467,11:08:55,5.6,0.01,179,100240,买盘
1468,11:08:50,5.59,--,40,22360,卖盘
1469,11:08:44,5.59,-0.01,216,120744,卖盘
1470,11:08:35,5.6,0.01,179,100240,买盘
1471,11:08:29,5.59,--,122,68198,卖盘
1472,11:08:25,5.59,-0.01,9,5031,卖盘
1473,11:08:20,5.6,0.01,5,2800,买盘
1474,11:08:14,5.59,--,84,46956,卖盘
1475,11:08:10,5.59,--,4,2236,卖盘
1476,11:08:05,5.59,--,325,181675,卖盘
1477,11:07:59,5.59,--,42,23478,卖盘
1478,11:07:55,5.59,--,41,22919,卖盘
1479,11:07:50,5.59,--,63,35356,卖盘
1480,11:07:44,5.59,--,216,120744,卖盘
1481,11:07:40,5.59,--,120,67080,卖盘
1482,11:07:35,5.59,--,100,55900,卖盘
1483,11:07:29,5.59,--,106,59254,卖盘
1484,11:07:25,5.59,--,265,148135,卖盘
1485,11:07:20,5.59,-0.01,189,105651,卖盘
1486,11:07:14,5.6,0.01,407,227920,买盘
1487,11:07:05,5.59,--,289,161551,卖盘
1488,11:06:59,5.59,--,37,20683,卖盘
1489,11:06:55,5.59,-0.01,383,214097,卖盘
1490,11:06:50,5.6,--,29,16239,买盘
1491,11:06:44,5.6,0.01,413,231279,买盘
1492,11:06:40,5.59,-0.01,1321,738439,卖盘
1493,11:06:35,5.6,0.01,57,31919,买盘
1494,11:06:29,5.59,-0.01,78,43602,卖盘
1495,11:06:25,5.6,--,315,176400,买盘
1496,11:06:20,5.6,0.01,876,490559,买盘
1497,11:06:14,5.59,-0.01,116,64844,卖盘
1498,11:06:10,5.6,0.01,129,72240,买盘
1499,11:06:05,5.59,--,217,121303,卖盘
1500,11:05:59,5.59,--,12,6708,卖盘
1501,11:05:55,5.59,-0.01,50,27950,卖盘
1502,11:05:50,5.6,0.01,68,38080,买盘
1503,11:05:44,5.59,--,115,64285,卖盘
1504,11:05:40,5.59,--,50,27950,卖盘
1505,11:05:29,5.59,--,393,219687,卖盘
1506,11:05:25,5.59,--,1,559,卖盘
1507,11:05:20,5.59,--,531,296829,卖盘
1508,11:05:14,5.59,-0.01,181,101179,卖盘
1509,11:05:10,5.6,0.01,468,262079,买盘
1510,11:05:05,5.59,--,348,194923,卖盘
1511,11:04:59,5.59,-0.01,585,327015,卖盘
1512,11:04:55,5.6,0.01,28,15679,买盘
1513,11:04:50,5.59,--,86,48074,卖盘
1514,11:04:44,5.59,-0.01,29,16211,卖盘
1515,11:04:40,5.6,0.01,126,70560,买盘
1516,11:04:35,5.59,--,606,338754,卖盘
1517,11:04:29,5.59,--,91,50869,卖盘
1518,11:04:23,5.59,--,690,385710,卖盘
1519,11:04:20,5.59,--,1112,621608,卖盘
1520,11:04:14,5.59,--,358,200122,卖盘
1521,11:04:08,5.59,--,86,48074,卖盘
1522,11:04:05,5.59,--,241,134719,卖盘
1523,11:03:59,5.59,--,1689,944151,卖盘
1524,11:03:53,5.59,--,20,11180,卖盘
1525,11:03:50,5.59,--,208,116272,卖盘
1526,11:03:44,5.59,--,80,44720,卖盘
1527,11:03:38,5.59,--,216,120744,卖盘
1528,11:03:34,5.59,--,40,22360,卖盘
1529,11:03:29,5.59,--,3115,1741285,卖盘
1530,11:03:19,5.59,--,541,302922,卖盘
1531,11:03:14,5.59,-0.01,27,15093,卖盘
1532,11:03:04,5.6,--,25,14000,买盘
1533,11:02:59,5.6,0.01,585,327600,买盘
1534,11:02:53,5.59,-0.01,150,83850,卖盘
1535,11:02:49,5.6,0.01,102,57120,买盘
1536,11:02:44,5.59,--,105,58695,卖盘
1537,11:02:38,5.59,--,1,559,卖盘
1538,11:02:34,5.59,--,300,167700,卖盘
1539,11:02:29,5.59,--,713,398567,卖盘
1540,11:02:23,5.59,--,8,4472,卖盘
1541,11:02:19,5.59,--,20,11180,卖盘
1542,11:02:14,5.59,-0.01,19,10621,卖盘
1543,11:02:04,5.6,0.01,1,560,买盘
1544,11:01:59,5.59,--,71,39689,卖盘
1545,11:01:53,5.59,--,50,27950,卖盘
1546,11:01:49,5.59,--,11,6149,卖盘
1547,11:01:44,5.59,--,35,19565,卖盘
1548,11:01:38,5.59,--,102,57018,卖盘
1549,11:01:34,5.59,--,22,12298,卖盘
1550,11:01:29,5.59,--,163,91117,卖盘
1551,11:01:23,5.59,-0.01,146,81614,卖盘
1552,11:01:19,5.6,0.01,180,100800,买盘
1553,11:01:14,5.59,--,130,72670,卖盘
1554,11:01:08,5.59,--,43,24037,卖盘
1555,11:01:04,5.59,--,5,2795,卖盘
1556,11:00:59,5.59,--,412,230308,卖盘
1557,11:00:53,5.59,--,123,68757,卖盘
1558,11:00:44,5.59,--,469,262171,卖盘
1559,11:00:38,5.59,--,445,248755,卖盘
1560,11:00:34,5.59,-0.01,48,26832,卖盘
1561,11:00:29,5.6,0.01,300,168000,买盘
1562,11:00:23,5.59,-0.01,606,338754,卖盘
1563,11:00:19,5.6,0.01,400,224000,买盘
1564,11:00:14,5.59,--,570,318630,卖盘
1565,11:00:08,5.59,-0.01,121,67639,卖盘
1566,11:00:04,5.6,--,1204,674240,买盘
1567,10:59:59,5.6,0.01,608,340480,买盘
1568,10:59:53,5.59,-0.01,49,27391,卖盘
1569,10:59:44,5.6,0.01,13,7279,买盘
1570,10:59:38,5.59,--,493,275587,卖盘
1571,10:59:34,5.59,-0.01,34,19006,卖盘
1572,10:59:29,5.6,--,108,60479,买盘
1573,10:59:19,5.6,--,62,34720,买盘
1574,10:59:14,5.6,--,1495,837200,买盘
1575,10:59:04,5.6,0.01,305,170800,买盘
1576,10:58:59,5.59,-0.01,247,138073,卖盘
1577,10:58:53,5.6,--,63,35280,买盘
1578,10:58:49,5.6,0.01,198,110880,买盘
1579,10:58:44,5.59,--,162,90558,卖盘
1580,10:58:38,5.59,--,82,45838,卖盘
1581,10:58:29,5.59,--,101,56459,卖盘
1582,10:58:23,5.59,--,178,99502,卖盘
1583,10:58:19,5.59,-0.01,20,11180,卖盘
1584,10:58:14,5.6,0.01,122,68320,买盘
1585,10:58:08,5.59,--,138,77142,卖盘
1586,10:57:59,5.59,--,131,73229,卖盘
1587,10:57:53,5.59,--,642,358878,卖盘
1588,10:57:49,5.59,-0.01,17,9503,卖盘
1589,10:57:38,5.6,--,80,44800,买盘
1590,10:57:29,5.6,0.01,1660,929599,买盘
1591,10:57:23,5.59,-0.01,280,156520,卖盘
1592,10:57:19,5.6,--,149,83440,买盘
1593,10:57:14,5.6,--,49,27440,买盘
1594,10:57:08,5.6,0.01,20,11200,买盘
1595,10:56:59,5.59,--,73,40807,卖盘
1596,10:56:53,5.59,-0.01,332,185588,卖盘
1597,10:56:49,5.6,0.01,160,89600,买盘
1598,10:56:44,5.59,--,17,9503,卖盘
1599,10:56:38,5.59,--,50,27950,卖盘
1600,10:56:34,5.59,--,25,13975,卖盘
1601,10:56:29,5.59,-0.01,190,106210,卖盘
1602,10:56:23,5.6,0.01,260,145600,买盘
1603,10:56:17,5.59,-0.01,50,27950,卖盘
1604,10:56:14,5.6,0.01,540,302400,买盘
1605,10:56:08,5.59,--,14,7826,卖盘
1606,10:56:02,5.59,--,90,50310,卖盘
1607,10:55:59,5.59,-0.01,40,22360,卖盘
1608,10:55:52,5.6,--,170,95200,买盘
1609,10:55:43,5.6,--,110,61599,买盘
1610,10:55:38,5.6,0.01,569,318640,买盘
1611,10:55:32,5.59,-0.01,176,98384,卖盘
1612,10:55:28,5.6,0.01,123,68880,买盘
1613,10:55:23,5.59,--,18,10062,卖盘
1614,10:55:17,5.59,-0.01,50,27950,卖盘
1615,10:55:13,5.6,--,510,285600,买盘
1616,10:55:08,5.6,--,254,142240,买盘
1617,10:55:02,5.6,--,84,47040,买盘
1618,10:54:58,5.6,--,261,146160,买盘
1619,10:54:53,5.6,0.01,250,140000,买盘
1620,10:54:46,5.59,-0.01,50,27950,卖盘
1621,10:54:38,5.6,0.01,487,272720,买盘
1622,10:54:32,5.59,--,417,233103,买盘
1623,10:54:23,5.59,--,80,44720,买盘
1624,10:54:16,5.59,--,303,169377,买盘
1625,10:54:07,5.59,--,141,78819,买盘
1626,10:54:01,5.59,--,322,179998,卖盘
1627,10:53:58,5.59,--,39,21801,卖盘
1628,10:53:53,5.59,-0.01,120,67080,卖盘
1629,10:53:47,5.6,0.01,646,361760,买盘
1630,10:53:43,5.59,--,50,27950,买盘
1631,10:53:37,5.59,0.01,10296,5755464,买盘
1632,10:53:31,5.58,-0.01,2039,1137762,卖盘
1633,10:53:28,5.59,--,530,296270,卖盘
1634,10:53:22,5.59,--,630,352170,卖盘
1635,10:53:17,5.59,--,44,24596,卖盘
1636,10:53:13,5.59,--,510,285090,卖盘
1637,10:53:07,5.59,--,172,96148,卖盘
1638,10:53:01,5.59,--,300,167700,卖盘
1639,10:52:53,5.59,--,1423,795457,卖盘
1640,10:52:46,5.59,--,338,188942,卖盘
1641,10:52:37,5.59,-0.01,357,199563,卖盘
1642,10:52:31,5.6,--,1352,757120,买盘
1643,10:52:22,5.6,0.01,117,65519,买盘
1644,10:52:16,5.59,--,18,10062,卖盘
1645,10:52:13,5.59,-0.01,100,55900,卖盘
1646,10:52:07,5.6,0.01,2,1120,买盘
1647,10:52:01,5.59,--,134,74906,卖盘
1648,10:51:58,5.59,--,97,54223,卖盘
1649,10:51:52,5.59,--,112,62608,卖盘
1650,10:51:46,5.59,-0.01,367,205153,卖盘
1651,10:51:43,5.6,0.01,5,2800,买盘
1652,10:51:37,5.59,--,233,130247,卖盘
1653,10:51:31,5.59,--,10,5590,卖盘
1654,10:51:28,5.59,--,60,33540,卖盘
1655,10:51:22,5.59,-0.01,83,46397,卖盘
1656,10:51:16,5.6,0.01,311,174316,买盘
1657,10:51:13,5.59,--,20,11180,买盘
1658,10:51:07,5.59,--,1890,1056510,买盘
1659,10:51:01,5.59,--,337,188383,买盘
1660,10:50:58,5.59,--,123,68757,买盘
1661,10:50:52,5.59,--,2229,1246011,买盘
1662,10:50:46,5.59,--,28,15652,买盘
1663,10:50:43,5.59,0.01,892,498628,买盘
1664,10:50:37,5.58,-0.01,179,99882,卖盘
1665,10:50:31,5.59,--,236,131924,买盘
1666,10:50:28,5.59,0.01,767,428753,买盘
1667,10:50:22,5.58,-0.01,838,467604,卖盘
1668,10:50:16,5.59,0.01,1383,773097,买盘
1669,10:50:13,5.58,-0.01,22,12276,卖盘
1670,10:50:07,5.59,0.01,2224,1243495,买盘
1671,10:50:01,5.58,-0.01,3,1674,卖盘
1672,10:49:58,5.59,--,1702,951418,买盘
1673,10:49:52,5.59,0.01,153,85527,买盘
1674,10:49:46,5.58,--,200,111600,卖盘
1675,10:49:42,5.58,-0.01,8,4464,卖盘
1676,10:49:37,5.59,0.01,14,7826,买盘
1677,10:49:31,5.58,-0.01,31,17298,卖盘
1678,10:49:28,5.59,0.01,902,504218,买盘
1679,10:49:22,5.58,-0.01,2601,1451358,卖盘
1680,10:49:13,5.59,--,130,72670,买盘
1681,10:49:07,5.59,--,2418,1351662,买盘
1682,10:49:01,5.59,--,123,68757,买盘
1683,10:48:57,5.59,0.01,580,324220,买盘
1684,10:48:52,5.58,--,10,5580,卖盘
1685,10:48:46,5.58,-0.01,204,113832,卖盘
1686,10:48:43,5.59,--,11,6149,买盘
1687,10:48:37,5.59,0.01,513,286767,买盘
1688,10:48:31,5.58,-0.01,351,195858,卖盘
1689,10:48:27,5.59,0.01,303,169377,买盘
1690,10:48:22,5.58,-0.01,198,110484,卖盘
1691,10:48:16,5.59,--,5,2795,买盘
1692,10:48:12,5.59,--,1393,778687,买盘
1693,10:48:07,5.59,--,76,42484,买盘
1694,10:48:01,5.59,0.01,749,418691,买盘
1695,10:47:57,5.58,-0.01,280,156240,卖盘
1696,10:47:52,5.59,0.01,822,459498,买盘
1697,10:47:46,5.58,--,497,277326,卖盘
1698,10:47:37,5.58,-0.01,720,401760,卖盘
1699,10:47:31,5.59,0.01,267,149253,买盘
1700,10:47:25,5.58,--,101,56358,卖盘
1701,10:47:22,5.58,--,216,120528,卖盘
1702,10:47:16,5.58,--,144,80352,卖盘
1703,10:47:10,5.58,--,30,16740,卖盘
1704,10:47:07,5.58,--,363,202554,卖盘
1705,10:47:01,5.58,--,134,74772,卖盘
1706,10:46:55,5.58,--,161,89838,卖盘
1707,10:46:52,5.58,--,498,277884,卖盘
1708,10:46:46,5.58,--,322,179676,卖盘
1709,10:46:40,5.58,--,263,146754,卖盘
1710,10:46:37,5.58,--,39,21762,卖盘
1711,10:46:31,5.58,--,282,157356,卖盘
1712,10:46:25,5.58,-0.01,56,31248,卖盘
1713,10:46:22,5.59,0.01,120,67080,买盘
1714,10:46:10,5.58,-0.01,280,156240,卖盘
1715,10:46:01,5.59,--,8111,4534049,卖盘
1716,10:45:55,5.59,--,1433,801047,卖盘
1717,10:45:52,5.59,--,601,335959,卖盘
1718,10:45:46,5.59,--,281,157079,卖盘
1719,10:45:40,5.59,--,2980,1665820,卖盘
1720,10:45:37,5.59,--,271,151489,卖盘
1721,10:45:31,5.59,--,916,512044,卖盘
1722,10:45:25,5.59,--,1333,745180,卖盘
1723,10:45:22,5.59,--,200,111800,卖盘
1724,10:45:16,5.59,--,1093,610987,卖盘
1725,10:45:10,5.59,--,1366,763594,卖盘
1726,10:45:07,5.59,--,296,165464,卖盘
1727,10:45:01,5.59,--,1068,597012,卖盘
1728,10:44:55,5.59,--,857,479063,卖盘
1729,10:44:52,5.59,--,1199,670241,卖盘
1730,10:44:46,5.59,--,175,97825,卖盘
1731,10:44:40,5.59,--,437,244283,卖盘
1732,10:44:37,5.59,--,182,101738,卖盘
1733,10:44:31,5.59,--,232,129688,卖盘
1734,10:44:25,5.59,-0.01,312,174408,卖盘
1735,10:44:22,5.6,0.01,133,74480,买盘
1736,10:44:16,5.59,--,1165,651235,卖盘
1737,10:44:10,5.59,--,15,8385,卖盘
1738,10:44:07,5.59,--,140,78260,卖盘
1739,10:44:01,5.59,--,105,58695,卖盘
1740,10:43:55,5.59,--,142,79378,卖盘
1741,10:43:52,5.59,--,194,108446,卖盘
1742,10:43:46,5.59,--,173,96707,卖盘
1743,10:43:40,5.59,--,74,41774,卖盘
1744,10:43:37,5.59,--,659,368381,卖盘
1745,10:43:31,5.59,-0.01,153,85527,卖盘
1746,10:43:25,5.6,--,978,547680,买盘
1747,10:43:22,5.6,0.01,121,67760,买盘
1748,10:43:16,5.59,--,600,335400,卖盘
1749,10:43:10,5.59,-0.01,1319,737321,卖盘
1750,10:43:07,5.6,0.01,180,100800,买盘
1751,10:43:01,5.59,--,525,293475,卖盘
1752,10:42:55,5.59,--,22,12298,卖盘
1753,10:42:52,5.59,-0.01,15,8385,卖盘
1754,10:42:46,5.6,0.01,78,43680,买盘
1755,10:42:40,5.59,-0.01,11,6149,卖盘
1756,10:42:37,5.6,--,999,559440,买盘
1757,10:42:31,5.6,--,1891,1058960,买盘
1758,10:42:25,5.6,0.01,964,539840,买盘
1759,10:42:22,5.59,-0.01,5,2795,卖盘
1760,10:42:16,5.6,0.01,70,39200,买盘
1761,10:42:10,5.59,--,212,118508,卖盘
1762,10:42:06,5.59,-0.01,191,106769,卖盘
1763,10:42:01,5.6,--,995,557200,买盘
1764,10:41:55,5.6,--,10,5600,买盘
1765,10:41:52,5.6,0.01,82,45920,买盘
1766,10:41:46,5.59,-0.01,117,65403,卖盘
1767,10:41:40,5.6,--,594,332640,买盘
1768,10:41:36,5.6,--,204,114240,买盘
1769,10:41:31,5.6,--,1816,1016959,买盘
1770,10:41:25,5.6,0.01,753,421680,买盘
1771,10:41:21,5.59,-0.01,41,22919,卖盘
1772,10:41:16,5.6,0.01,253,141680,买盘
1773,10:41:10,5.59,-0.01,269,150371,卖盘
1774,10:41:06,5.6,0.01,314,175840,买盘
1775,10:41:01,5.59,--,808,451672,卖盘
1776,10:40:55,5.59,--,169,94471,卖盘
1777,10:40:51,5.59,-0.01,30,16770,卖盘
1778,10:40:46,5.6,--,479,268240,买盘
1779,10:40:40,5.6,--,626,350560,买盘
1780,10:40:36,5.6,--,81,45360,买盘
1781,10:40:31,5.6,--,347,194320,买盘
1782,10:40:25,5.6,0.01,650,364000,买盘
1783,10:40:21,5.59,-0.01,14,7826,卖盘
1784,10:40:16,5.6,0.01,305,170800,买盘
1785,10:40:10,5.59,-0.01,241,134719,卖盘
1786,10:40:06,5.6,--,287,160720,买盘
1787,10:40:01,5.6,--,467,261519,买盘
1788,10:39:55,5.6,--,1120,627200,买盘
1789,10:39:49,5.6,0.01,96,53760,买盘
1790,10:39:46,5.59,--,302,168818,卖盘
1791,10:39:40,5.59,-0.01,229,128011,卖盘
1792,10:39:34,5.6,--,225,125999,买盘
1793,10:39:31,5.6,--,1487,832720,买盘
1794,10:39:25,5.6,0.01,169,94640,买盘
1795,10:39:19,5.59,-0.01,208,116272,卖盘
1796,10:39:16,5.6,0.01,126,70560,买盘
1797,10:39:10,5.59,-0.01,129,72111,卖盘
1798,10:39:04,5.6,--,429,240239,买盘
1799,10:39:01,5.6,--,1466,820960,买盘
1800,10:38:55,5.6,--,218,122079,买盘
1801,10:38:49,5.6,0.01,388,217280,买盘
1802,10:38:46,5.59,-0.01,21,11739,卖盘
1803,10:38:40,5.6,--,69,38640,买盘
1804,10:38:34,5.6,--,156,87360,买盘
1805,10:38:31,5.6,0.01,568,318080,买盘
1806,10:38:25,5.59,-0.01,237,132483,卖盘
1807,10:38:19,5.6,--,493,276080,买盘
1808,10:38:16,5.6,--,5,2800,买盘
1809,10:38:10,5.6,0.01,114,63839,买盘
1810,10:38:04,5.59,-0.01,97,54223,卖盘
1811,10:38:01,5.6,--,228,127679,买盘
1812,10:37:55,5.6,--,151,84560,买盘
1813,10:37:49,5.6,--,70,39200,买盘
1814,10:37:40,5.6,--,70,39200,买盘
1815,10:37:34,5.6,--,377,211120,买盘
1816,10:37:31,5.6,0.01,228,127679,买盘
1817,10:37:25,5.59,--,210,117390,卖盘
1818,10:37:19,5.59,-0.01,26,14534,卖盘
1819,10:37:16,5.6,0.01,54,30239,买盘
1820,10:37:10,5.59,--,91,50869,卖盘
1821,10:37:04,5.59,-0.01,379,211861,卖盘
1822,10:37:01,5.6,--,3,1680,买盘
1823,10:36:55,5.6,--,356,199360,买盘
1824,10:36:49,5.6,--,149,83440,买盘
1825,10:36:46,5.6,0.01,128,71680,买盘
1826,10:36:40,5.59,-0.01,281,157079,卖盘
1827,10:36:34,5.6,0.01,3472,1944319,买盘
1828,10:36:31,5.59,-0.01,119,66521,卖盘
1829,10:36:25,5.6,--,156,87360,买盘
1830,10:36:19,5.6,--,121,67760,买盘
1831,10:36:16,5.6,--,45,25200,买盘
1832,10:36:10,5.6,--,637,356720,买盘
1833,10:36:04,5.6,--,226,126559,买盘
1834,10:36:01,5.6,0.01,59,33040,买盘
1835,10:35:55,5.59,-0.01,918,513162,卖盘
1836,10:35:49,5.6,0.01,30,16800,买盘
1837,10:35:46,5.59,-0.01,324,181116,卖盘
1838,10:35:40,5.6,--,30,16800,买盘
1839,10:35:34,5.6,--,163,91280,买盘
1840,10:35:31,5.6,--,40,22400,买盘
1841,10:35:25,5.6,0.01,154,86240,买盘
1842,10:35:15,5.59,--,39,21801,卖盘
1843,10:35:10,5.59,-0.01,75,41925,卖盘
1844,10:35:04,5.6,0.01,1518,850080,买盘
1845,10:35:00,5.59,--,446,249314,卖盘
1846,10:34:55,5.59,--,73,40807,卖盘
1847,10:34:49,5.59,-0.01,79,44161,卖盘
1848,10:34:45,5.6,--,802,449120,买盘
1849,10:34:40,5.6,--,134,75040,买盘
1850,10:34:34,5.6,--,604,338240,买盘
1851,10:34:30,5.6,0.01,45,25200,买盘
1852,10:34:25,5.59,-0.01,46,25714,卖盘
1853,10:34:19,5.6,0.01,127,71120,买盘
1854,10:34:15,5.59,-0.01,590,329810,卖盘
1855,10:34:10,5.6,--,302,169120,买盘
1856,10:34:04,5.6,--,1148,642880,买盘
1857,10:34:00,5.6,--,10,5600,买盘
1858,10:33:55,5.6,--,95,53200,买盘
1859,10:33:49,5.6,--,235,131600,买盘
1860,10:33:45,5.6,--,338,189280,买盘
1861,10:33:40,5.6,0.01,606,339360,买盘
1862,10:33:34,5.59,-0.01,3886,2172274,卖盘
1863,10:33:30,5.6,--,104,58239,买盘
1864,10:33:25,5.6,--,1618,906080,买盘
1865,10:33:19,5.6,--,494,276640,买盘
1866,10:33:10,5.6,0.01,694,388640,买盘
1867,10:33:04,5.59,-0.01,330,184470,卖盘
1868,10:33:00,5.6,--,421,235759,买盘
1869,10:32:55,5.6,--,298,166880,买盘
1870,10:32:49,5.6,0.01,1089,609840,买盘
1871,10:32:45,5.59,-0.01,8,4472,卖盘
1872,10:32:40,5.6,0.01,160,89600,买盘
1873,10:32:34,5.59,--,269,150371,卖盘
1874,10:32:30,5.59,--,113,63167,卖盘
1875,10:32:25,5.59,--,145,81055,卖盘
1876,10:32:19,5.59,--,232,129688,卖盘
1877,10:32:15,5.59,-0.01,420,234780,卖盘
1878,10:32:10,5.6,--,58,32479,买盘
1879,10:32:04,5.6,0.01,685,383600,买盘
1880,10:31:58,5.59,--,253,141427,卖盘
1881,10:31:55,5.59,-0.01,553,309127,卖盘
1882,10:31:49,5.6,--,1209,677040,买盘
1883,10:31:43,5.6,--,312,174809,买盘
1884,10:31:40,5.6,--,566,316960,买盘
1885,10:31:34,5.6,0.01,3717,2081519,买盘
1886,10:31:28,5.59,-0.01,42,23478,卖盘
1887,10:31:25,5.6,--,2171,1215760,买盘
1888,10:31:19,5.6,--,621,347760,买盘
1889,10:31:13,5.6,--,3201,1792560,买盘
1890,10:31:04,5.6,--,959,537040,买盘
1891,10:30:58,5.6,--,2793,1564080,买盘
1892,10:30:55,5.6,--,1754,982239,买盘
1893,10:30:49,5.6,--,399,223440,买盘
1894,10:30:43,5.6,--,2154,1206240,买盘
1895,10:30:40,5.6,--,259,145040,买盘
1896,10:30:34,5.6,0.01,1426,798560,买盘
1897,10:30:28,5.59,-0.01,555,310245,卖盘
1898,10:30:25,5.6,--,171,95760,买盘
1899,10:30:19,5.6,--,712,398720,买盘
1900,10:30:13,5.6,0.01,4818,2698080,买盘
1901,10:30:10,5.59,--,104,58136,卖盘
1902,10:30:04,5.59,-0.01,358,200122,卖盘
1903,10:29:58,5.6,--,1009,565040,买盘
1904,10:29:55,5.6,--,223,124879,买盘
1905,10:29:49,5.6,0.01,528,295680,买盘
1906,10:29:43,5.59,--,310,173290,卖盘
1907,10:29:40,5.59,--,376,210184,卖盘
1908,10:29:34,5.59,-0.01,599,334841,卖盘
1909,10:29:28,5.6,0.01,519,290640,买盘
1910,10:29:25,5.59,--,110,61490,卖盘
1911,10:29:19,5.59,--,548,306332,卖盘
1912,10:29:13,5.59,--,1233,689247,卖盘
1913,10:29:10,5.59,--,269,150371,卖盘
1914,10:29:04,5.59,--,114,63726,卖盘
1915,10:28:58,5.59,--,149,83291,卖盘
1916,10:28:55,5.59,-0.01,111,62049,卖盘
1917,10:28:49,5.6,0.01,264,147840,买盘
1918,10:28:43,5.59,--,273,152607,卖盘
1919,10:28:39,5.59,--,145,81055,卖盘
1920,10:28:34,5.59,--,44,24596,卖盘
1921,10:28:28,5.59,--,846,472914,卖盘
1922,10:28:25,5.59,-0.01,120,67080,卖盘
1923,10:28:19,5.6,0.01,1027,575304,买盘
1924,10:28:13,5.59,--,231,129129,买盘
1925,10:28:09,5.59,--,579,323661,买盘
1926,10:28:04,5.59,--,7798,4359082,买盘
1927,10:27:58,5.59,--,1744,974896,买盘
1928,10:27:54,5.59,--,288,160992,买盘
1929,10:27:49,5.59,--,875,489125,买盘
1930,10:27:43,5.59,--,1295,723905,买盘
1931,10:27:39,5.59,--,422,235898,买盘
1932,10:27:34,5.59,--,100,55900,买盘
1933,10:27:28,5.59,--,732,409188,买盘
1934,10:27:24,5.59,--,8,4472,买盘
1935,10:27:19,5.59,--,452,252668,买盘
1936,10:27:13,5.59,--,4125,2305875,买盘
1937,10:27:04,5.59,--,348,194532,买盘
1938,10:26:58,5.59,--,203,113477,买盘
1939,10:26:49,5.59,--,1141,637819,买盘
1940,10:26:43,5.59,--,639,357201,买盘
1941,10:26:34,5.59,--,711,397449,买盘
1942,10:26:28,5.59,--,371,207389,买盘
1943,10:26:24,5.59,0.01,182,101738,买盘
1944,10:26:19,5.58,-0.01,19,10602,卖盘
1945,10:26:13,5.59,0.01,177,98943,买盘
1946,10:26:04,5.58,--,150,83700,卖盘
1947,10:25:58,5.58,-0.01,180,100440,卖盘
1948,10:25:54,5.59,0.01,87,48633,买盘
1949,10:25:49,5.58,--,29,16182,卖盘
1950,10:25:43,5.58,-0.01,233,130014,卖盘
1951,10:25:39,5.59,0.01,36,20124,买盘
1952,10:25:34,5.58,--,348,194184,卖盘
1953,10:25:28,5.58,-0.01,351,195858,卖盘
1954,10:25:24,5.59,--,19,10621,买盘
1955,10:25:19,5.59,0.01,565,315835,买盘
1956,10:25:13,5.58,-0.01,282,157356,卖盘
1957,10:25:09,5.59,--,110,61490,买盘
1958,10:25:04,5.59,--,54,30186,买盘
1959,10:24:58,5.59,0.01,2035,1137565,买盘
1960,10:24:54,5.58,-0.01,90,50220,卖盘
1961,10:24:49,5.59,--,11,6149,买盘
1962,10:24:43,5.59,--,166,92794,买盘
1963,10:24:39,5.59,--,15,8385,买盘
1964,10:24:34,5.59,--,79,44161,买盘
1965,10:24:28,5.59,0.01,7,3913,买盘
1966,10:24:24,5.58,-0.01,160,89280,卖盘
1967,10:24:19,5.59,--,59,32981,买盘
1968,10:24:13,5.59,0.01,577,322543,买盘
1969,10:24:07,5.58,-0.01,100,55800,卖盘
1970,10:24:04,5.59,--,179,100061,买盘
1971,10:23:58,5.59,--,409,228631,买盘
1972,10:23:48,5.59,--,334,186706,买盘
1973,10:23:43,5.59,--,85,47515,买盘
1974,10:23:37,5.59,0.01,109,60931,买盘
1975,10:23:33,5.58,-0.01,1754,978732,卖盘
1976,10:23:28,5.59,0.01,149,83291,买盘
1977,10:23:22,5.58,-0.01,1739,970362,卖盘
1978,10:23:18,5.59,0.01,1647,920673,买盘
1979,10:23:13,5.58,-0.01,59,32922,卖盘
1980,10:23:07,5.59,--,1934,1081106,买盘
1981,10:23:03,5.59,0.01,302,168818,买盘
1982,10:22:58,5.58,-0.01,1625,906750,卖盘
1983,10:22:52,5.59,--,1276,713284,买盘
1984,10:22:48,5.59,--,394,220246,买盘
1985,10:22:43,5.59,--,613,342667,买盘
1986,10:22:37,5.59,0.01,548,306332,买盘
1987,10:22:33,5.58,-0.01,679,378882,卖盘
1988,10:22:28,5.59,--,1992,1113528,买盘
1989,10:22:22,5.59,--,225,125775,买盘
1990,10:22:18,5.59,--,246,137514,买盘
1991,10:22:13,5.59,--,435,243165,买盘
1992,10:22:07,5.59,--,473,264407,买盘
1993,10:22:03,5.59,0.01,240,134160,买盘
1994,10:21:58,5.58,--,1330,742140,卖盘
1995,10:21:52,5.58,--,916,511128,卖盘
1996,10:21:48,5.58,-0.01,15,8370,卖盘
1997,10:21:43,5.59,0.02,927,518724,买盘
1998,10:21:37,5.57,-0.01,921,512997,卖盘
1999,10:21:33,5.58,--,1242,693036,买盘
2000,10:21:28,5.58,--,1431,798498,买盘
2001,10:21:22,5.58,--,574,320292,买盘
2002,10:21:18,5.58,--,1613,900054,买盘
2003,10:21:13,5.58,--,2504,1397232,买盘
2004,10:21:07,5.58,--,799,445842,买盘
2005,10:21:03,5.58,0.01,81,45198,买盘
2006,10:20:58,5.57,-0.01,1417,789269,卖盘
2007,10:20:52,5.58,0.01,178,99324,买盘
2008,10:20:48,5.57,-0.01,330,183810,卖盘
2009,10:20:43,5.58,0.01,153,85374,买盘
2010,10:20:37,5.57,--,120,66840,卖盘
2011,10:20:33,5.57,--,10,5570,卖盘
2012,10:20:28,5.57,--,70,38990,卖盘
2013,10:20:22,5.57,--,16,8912,卖盘
2014,10:20:18,5.57,-0.01,20,11140,卖盘
2015,10:20:13,5.58,0.01,215,119970,买盘
2016,10:20:07,5.57,-0.01,256,142592,卖盘
2017,10:19:58,5.58,--,20,11160,买盘
2018,10:19:52,5.58,--,196,109368,买盘
2019,10:19:48,5.58,--,514,286812,卖盘
2020,10:19:43,5.58,--,2336,1303488,卖盘
2021,10:19:37,5.58,--,423,236034,卖盘
2022,10:19:33,5.58,--,1,558,卖盘
2023,10:19:28,5.58,--,543,302994,卖盘
2024,10:19:22,5.58,--,197,109926,卖盘
2025,10:19:13,5.58,--,291,162378,卖盘
2026,10:19:07,5.58,--,299,166842,卖盘
2027,10:19:03,5.58,-0.01,109,60822,卖盘
2028,10:18:58,5.59,0.01,8,4472,买盘
2029,10:18:52,5.58,--,604,337032,卖盘
2030,10:18:48,5.58,-0.01,173,96534,卖盘
2031,10:18:43,5.59,0.01,828,462852,买盘
2032,10:18:37,5.58,--,259,144522,卖盘
2033,10:18:33,5.58,-0.01,441,246078,卖盘
2034,10:18:28,5.59,0.01,653,365027,买盘
2035,10:18:22,5.58,--,336,187488,卖盘
2036,10:18:18,5.58,--,1872,1044576,卖盘
2037,10:18:13,5.58,-0.01,292,162936,卖盘
2038,10:18:07,5.59,--,201,112359,买盘
2039,10:18:03,5.59,0.01,2,1118,买盘
2040,10:17:58,5.58,--,144,80352,卖盘
2041,10:17:52,5.58,-0.01,1513,844254,卖盘
2042,10:17:48,5.59,0.01,97,54223,买盘
2043,10:17:43,5.58,-0.01,194,108252,卖盘
2044,10:17:37,5.59,--,623,348257,买盘
2045,10:17:33,5.59,--,29,16211,买盘
2046,10:17:28,5.59,--,10,5590,买盘
2047,10:17:22,5.59,--,53,29627,买盘
2048,10:17:18,5.59,--,77,43043,买盘
2049,10:17:13,5.59,--,252,140868,买盘
2050,10:17:07,5.59,--,442,247078,买盘
2051,10:17:03,5.59,--,230,128570,买盘
2052,10:16:58,5.59,0.01,950,531050,买盘
2053,10:16:52,5.58,--,192,107136,卖盘
2054,10:16:48,5.58,-0.01,252,140616,卖盘
2055,10:16:43,5.59,--,764,427076,买盘
2056,10:16:37,5.59,0.01,618,345462,买盘
2057,10:16:33,5.58,-0.01,241,134478,卖盘
2058,10:16:28,5.59,0.01,422,235898,买盘
2059,10:16:22,5.58,--,140,78120,卖盘
2060,10:16:13,5.58,--,620,345960,卖盘
2061,10:16:07,5.58,--,880,491040,卖盘
2062,10:16:01,5.58,--,65,36270,卖盘
2063,10:15:57,5.58,-0.01,284,158472,卖盘
2064,10:15:52,5.59,0.01,214,119626,买盘
2065,10:15:46,5.58,--,198,110484,卖盘
2066,10:15:43,5.58,-0.01,727,405666,卖盘
2067,10:15:37,5.59,--,1374,768066,买盘
2068,10:15:31,5.59,--,45,25155,买盘
2069,10:15:28,5.59,0.01,491,274469,买盘
2070,10:15:22,5.58,--,331,184698,卖盘
2071,10:15:16,5.58,--,494,275652,卖盘
2072,10:15:12,5.58,--,31,17298,卖盘
2073,10:15:07,5.58,--,24,13392,卖盘
2074,10:15:01,5.58,--,3,1674,卖盘
2075,10:14:57,5.58,--,1,558,卖盘
2076,10:14:52,5.58,-0.01,316,176328,卖盘
2077,10:14:46,5.59,0.01,87,48633,买盘
2078,10:14:42,5.58,--,4,2232,卖盘
2079,10:14:37,5.58,--,80,44640,卖盘
2080,10:14:31,5.58,--,745,415710,卖盘
2081,10:14:27,5.58,-0.01,3,1674,卖盘
2082,10:14:22,5.59,--,443,247637,买盘
2083,10:14:16,5.59,0.01,542,302978,买盘
2084,10:14:07,5.58,-0.01,58,32364,卖盘
2085,10:14:01,5.59,0.01,501,280059,买盘
2086,10:13:57,5.58,--,2,1116,卖盘
2087,10:13:52,5.58,-0.01,510,284580,卖盘
2088,10:13:46,5.59,0.01,678,379002,买盘
2089,10:13:42,5.58,--,1523,849834,卖盘
2090,10:13:37,5.58,--,81,45198,卖盘
2091,10:13:31,5.58,--,81,45198,卖盘
2092,10:13:27,5.58,--,171,95418,卖盘
2093,10:13:22,5.58,-0.01,1167,651186,卖盘
2094,10:13:16,5.59,0.01,507,283413,买盘
2095,10:13:12,5.58,--,283,157914,卖盘
2096,10:13:07,5.58,--,31,17298,卖盘
2097,10:13:01,5.58,--,620,345960,卖盘
2098,10:12:57,5.58,--,120,66960,卖盘
2099,10:12:52,5.58,-0.01,944,526752,卖盘
2100,10:12:46,5.59,0.01,300,167700,买盘
2101,10:12:37,5.58,-0.01,152,84816,卖盘
2102,10:12:31,5.59,0.01,2590,1447810,买盘
2103,10:12:27,5.58,-0.01,90,50220,卖盘
2104,10:12:22,5.59,--,218,121862,买盘
2105,10:12:16,5.59,--,842,470678,买盘
2106,10:12:12,5.59,0.01,212,118508,买盘
2107,10:12:07,5.58,--,1051,586458,卖盘
2108,10:12:01,5.58,-0.01,1070,597060,卖盘
2109,10:11:57,5.59,0.01,26,14534,买盘
2110,10:11:52,5.58,--,1550,864900,卖盘
2111,10:11:46,5.58,-0.01,1920,1071360,卖盘
2112,10:11:42,5.59,0.01,187,104533,买盘
2113,10:11:37,5.58,--,282,157356,卖盘
2114,10:11:31,5.58,-0.01,1213,676854,卖盘
2115,10:11:22,5.59,0.01,314,175526,买盘
2116,10:11:16,5.58,--,433,241614,卖盘
2117,10:11:12,5.58,-0.01,702,391716,卖盘
2118,10:11:07,5.59,0.01,1864,1041976,买盘
2119,10:11:01,5.58,-0.01,198,110484,卖盘
2120,10:10:57,5.59,--,431,240929,买盘
2121,10:10:52,5.59,--,840,469560,买盘
2122,10:10:46,5.59,0.01,10706,5984654,买盘
2123,10:10:42,5.58,--,2201,1228158,买盘
2124,10:10:37,5.58,--,6178,3447324,买盘
2125,10:10:31,5.58,--,446,248868,买盘
2126,10:10:27,5.58,--,918,512244,买盘
2127,10:10:22,5.58,--,2639,1472562,买盘
2128,10:10:16,5.58,--,764,426312,买盘
2129,10:10:12,5.58,--,2479,1383282,买盘
2130,10:10:07,5.58,--,123,68634,买盘
2131,10:10:01,5.58,--,724,403992,买盘
2132,10:09:57,5.58,--,309,172422,买盘
2133,10:09:52,5.58,--,509,284022,买盘
2134,10:09:46,5.58,--,624,348192,买盘
2135,10:09:42,5.58,--,859,479322,买盘
2136,10:09:37,5.58,--,373,208134,买盘
2137,10:09:31,5.58,--,1229,685782,买盘
2138,10:09:27,5.58,--,73,40734,买盘
2139,10:09:22,5.58,--,2577,1437966,买盘
2140,10:09:16,5.58,--,275,153450,买盘
2141,10:09:12,5.58,--,394,219852,买盘
2142,10:09:07,5.58,--,33,18414,买盘
2143,10:09:01,5.58,--,228,127224,买盘
2144,10:08:57,5.58,0.01,9,5022,买盘
2145,10:08:52,5.57,--,191,106387,卖盘
2146,10:08:46,5.57,-0.01,8,4456,卖盘
2147,10:08:42,5.58,--,34,18972,买盘
2148,10:08:37,5.58,--,868,484344,买盘
2149,10:08:31,5.58,--,1235,689130,买盘
2150,10:08:22,5.58,--,853,475974,买盘
2151,10:08:16,5.58,--,202,112716,买盘
2152,10:08:10,5.58,0.01,544,303552,买盘
2153,10:08:06,5.57,--,317,176569,卖盘
2154,10:08:01,5.57,--,205,114185,卖盘
2155,10:07:55,5.57,-0.01,383,213331,卖盘
2156,10:07:51,5.58,--,20,11160,买盘
2157,10:07:46,5.58,--,660,368280,买盘
2158,10:07:40,5.58,--,149,83142,买盘
2159,10:07:36,5.58,--,27,15066,买盘
2160,10:07:31,5.58,0.01,172,95976,买盘
2161,10:07:25,5.57,--,20,11140,卖盘
2162,10:07:21,5.57,--,1098,611586,卖盘
2163,10:07:16,5.57,--,10,5570,卖盘
2164,10:07:10,5.57,--,625,348125,卖盘
2165,10:07:06,5.57,--,24,13368,卖盘
2166,10:07:01,5.57,--,94,52358,卖盘
2167,10:06:55,5.57,--,147,81879,卖盘
2168,10:06:51,5.57,-0.01,10,5570,卖盘
2169,10:06:46,5.58,0.01,151,84258,买盘
2170,10:06:40,5.57,-0.01,207,115299,卖盘
2171,10:06:36,5.58,0.01,337,188046,买盘
2172,10:06:31,5.57,-0.01,221,123097,卖盘
2173,10:06:25,5.58,--,243,135594,买盘
2174,10:06:21,5.58,0.01,1012,564696,买盘
2175,10:06:16,5.57,-0.01,4,2228,卖盘
2176,10:06:10,5.58,0.01,131,73098,买盘
2177,10:06:06,5.57,-0.01,2000,1114000,卖盘
2178,10:06:01,5.58,0.01,270,150660,买盘
2179,10:05:55,5.57,-0.01,147,81879,卖盘
2180,10:05:51,5.58,0.01,305,170190,买盘
2181,10:05:46,5.57,--,64,35648,卖盘
2182,10:05:40,5.57,--,621,345897,卖盘
2183,10:05:36,5.57,-0.01,141,78537,卖盘
2184,10:05:31,5.58,--,76,42408,买盘
2185,10:05:25,5.58,--,214,119412,买盘
2186,10:05:21,5.58,--,346,193068,买盘
2187,10:05:16,5.58,--,162,90396,买盘
2188,10:05:10,5.58,--,393,219294,买盘
2189,10:05:06,5.58,0.01,24,13392,买盘
2190,10:05:01,5.57,-0.01,350,194950,卖盘
2191,10:04:55,5.58,0.01,278,155124,买盘
2192,10:04:51,5.57,--,45,25232,卖盘
2193,10:04:46,5.57,--,647,360379,卖盘
2194,10:04:40,5.57,-0.01,14,7798,卖盘
2195,10:04:36,5.58,--,3,1674,买盘
2196,10:04:31,5.58,--,135,75330,买盘
2197,10:04:25,5.58,0.01,192,107136,买盘
2198,10:04:21,5.57,-0.01,86,47902,卖盘
2199,10:04:16,5.58,0.01,17,9486,买盘
2200,10:04:10,5.57,-0.01,413,230041,卖盘
2201,10:04:06,5.58,0.01,30,16740,买盘
2202,10:04:01,5.57,-0.01,6,3342,卖盘
2203,10:03:55,5.58,--,40,22320,买盘
2204,10:03:46,5.58,0.01,63,35154,买盘
2205,10:03:40,5.57,--,385,214445,卖盘
2206,10:03:31,5.57,-0.01,50,27850,卖盘
2207,10:03:25,5.58,0.01,157,87606,买盘
2208,10:03:21,5.57,--,93,51801,卖盘
2209,10:03:15,5.57,-0.01,98,54586,卖盘
2210,10:03:10,5.58,0.01,384,214272,买盘
2211,10:03:01,5.57,-0.01,612,340884,卖盘
2212,10:02:55,5.58,--,188,104904,买盘
2213,10:02:51,5.58,--,124,69192,买盘
2214,10:02:45,5.58,--,690,385020,买盘
2215,10:02:40,5.58,0.01,666,371628,买盘
2216,10:02:36,5.57,-0.01,195,108615,卖盘
2217,10:02:31,5.58,--,547,305226,买盘
2218,10:02:25,5.58,--,41,22878,买盘
2219,10:02:21,5.58,--,17,9486,买盘
2220,10:02:16,5.58,--,40,22320,买盘
2221,10:02:10,5.58,0.01,2000,1116000,买盘
2222,10:02:06,5.57,--,20,11140,卖盘
2223,10:02:00,5.57,--,279,155403,卖盘
2224,10:01:55,5.57,--,39,21723,卖盘
2225,10:01:51,5.57,-0.01,100,55700,卖盘
2226,10:01:45,5.58,--,66,36828,买盘
2227,10:01:40,5.58,--,10,5580,买盘
2228,10:01:35,5.58,--,104,58032,买盘
2229,10:01:30,5.58,0.01,1637,913446,买盘
2230,10:01:25,5.57,--,29,16153,卖盘
2231,10:01:20,5.57,--,305,169885,卖盘
2232,10:01:15,5.57,-0.01,30,16710,卖盘
2233,10:01:10,5.58,--,682,380556,买盘
2234,10:01:04,5.58,0.01,10,5580,买盘
2235,10:01:00,5.57,-0.01,170,94690,卖盘
2236,10:00:55,5.58,0.01,195,108810,买盘
2237,10:00:49,5.57,-0.01,96,53472,卖盘
2238,10:00:45,5.58,--,569,317502,买盘
2239,10:00:40,5.58,--,731,407898,买盘
2240,10:00:34,5.58,--,412,229896,买盘
2241,10:00:30,5.58,--,1001,558558,买盘
2242,10:00:25,5.58,--,1675,934650,买盘
2243,10:00:19,5.58,--,339,189162,买盘
2244,10:00:15,5.58,--,1525,850950,买盘
2245,10:00:10,5.58,0.01,897,500526,买盘
2246,10:00:04,5.57,--,128,71296,卖盘
2247,10:00:00,5.57,--,90,50130,卖盘
2248,09:59:55,5.57,--,398,221686,卖盘
2249,09:59:49,5.57,-0.01,166,92462,卖盘
2250,09:59:40,5.58,0.01,177,98766,买盘
2251,09:59:34,5.57,-0.01,809,450613,卖盘
2252,09:59:30,5.58,0.01,118,65844,买盘
2253,09:59:25,5.57,-0.01,80,44560,卖盘
2254,09:59:19,5.58,0.01,320,178560,买盘
2255,09:59:15,5.57,--,77,42889,卖盘
2256,09:59:10,5.57,-0.01,124,69068,卖盘
2257,09:59:04,5.58,--,127,70866,买盘
2258,09:59:00,5.58,--,146,81468,买盘
2259,09:58:55,5.58,0.01,124,69192,买盘
2260,09:58:49,5.57,--,679,378203,卖盘
2261,09:58:45,5.57,--,131,72967,卖盘
2262,09:58:40,5.57,--,958,533606,卖盘
2263,09:58:34,5.57,--,395,220015,卖盘
2264,09:58:30,5.57,-0.01,154,85778,卖盘
2265,09:58:25,5.58,--,485,270630,买盘
2266,09:58:19,5.58,0.01,960,535680,买盘
2267,09:58:15,5.57,--,90,50130,卖盘
2268,09:58:10,5.57,--,599,333643,卖盘
2269,09:58:04,5.57,--,566,315262,卖盘
2270,09:58:00,5.57,--,22,12254,卖盘
2271,09:57:55,5.57,--,304,169328,卖盘
2272,09:57:49,5.57,--,601,334757,卖盘
2273,09:57:45,5.57,-0.01,10,5570,卖盘
2274,09:57:40,5.58,0.01,242,135036,买盘
2275,09:57:34,5.57,--,319,177683,卖盘
2276,09:57:25,5.57,--,67,37319,卖盘
2277,09:57:19,5.57,--,115,64055,卖盘
2278,09:57:15,5.57,--,35,19495,卖盘
2279,09:57:09,5.57,--,124,69068,卖盘
2280,09:57:04,5.57,-0.01,830,462310,卖盘
2281,09:57:00,5.58,--,101,56358,买盘
2282,09:56:55,5.58,0.01,386,215388,买盘
2283,09:56:49,5.57,-0.01,211,117527,卖盘
2284,09:56:39,5.58,0.01,314,175212,买盘
2285,09:56:34,5.57,-0.01,407,226699,卖盘
2286,09:56:30,5.58,--,300,167400,买盘
2287,09:56:24,5.58,--,109,60822,买盘
2288,09:56:19,5.58,0.01,44,24552,买盘
2289,09:56:15,5.57,--,28,15596,卖盘
2290,09:56:09,5.57,-0.01,331,184367,卖盘
2291,09:56:04,5.58,--,83,46314,买盘
2292,09:56:00,5.58,--,16,8928,买盘
2293,09:55:54,5.58,0.01,1424,794592,买盘
2294,09:55:49,5.57,--,60,33420,卖盘
2295,09:55:45,5.57,-0.01,106,59042,卖盘
2296,09:55:39,5.58,0.01,193,107694,买盘
2297,09:55:34,5.57,--,40,22280,卖盘
2298,09:55:30,5.57,--,910,506870,买盘
2299,09:55:24,5.57,0.01,392,218344,买盘
2300,09:55:19,5.56,-0.01,517,287452,卖盘
2301,09:55:15,5.57,-0.01,632,352024,卖盘
2302,09:55:09,5.58,0.01,1579,881082,买盘
2303,09:55:04,5.57,--,2708,1508411,买盘
2304,09:54:59,5.57,--,859,478463,买盘
2305,09:54:54,5.57,--,581,323617,买盘
2306,09:54:49,5.57,--,564,314148,买盘
2307,09:54:44,5.57,--,357,198849,买盘
2308,09:54:39,5.57,--,1862,1037134,买盘
2309,09:54:34,5.57,--,1924,1071668,买盘
2310,09:54:29,5.57,--,551,306907,买盘
2311,09:54:24,5.57,--,1277,711289,买盘
2312,09:54:19,5.57,--,3609,2010213,买盘
2313,09:54:14,5.57,--,779,433903,买盘
2314,09:54:09,5.57,0.01,1596,888972,买盘
2315,09:54:04,5.56,-0.01,391,217395,卖盘
2316,09:53:59,5.57,--,400,222800,买盘
2317,09:53:54,5.57,--,3243,1806351,买盘
2318,09:53:49,5.57,--,725,403825,买盘
2319,09:53:44,5.57,--,386,215002,买盘
2320,09:53:39,5.57,--,407,226699,买盘
2321,09:53:34,5.57,--,734,408838,买盘
2322,09:53:29,5.57,--,320,178240,买盘
2323,09:53:24,5.57,--,1018,567026,买盘
2324,09:53:19,5.57,0.01,916,510212,买盘
2325,09:53:14,5.56,-0.01,7,3891,卖盘
2326,09:53:09,5.57,--,101,56257,买盘
2327,09:53:04,5.57,--,617,343669,买盘
2328,09:52:58,5.57,--,435,242295,买盘
2329,09:52:54,5.57,--,324,180468,买盘
2330,09:52:49,5.57,0.01,84,46788,买盘
2331,09:52:43,5.56,--,407,226291,卖盘
2332,09:52:39,5.56,--,1860,1034159,卖盘
2333,09:52:34,5.56,-0.01,5,2780,卖盘
2334,09:52:28,5.57,--,2,1114,买盘
2335,09:52:24,5.57,0.01,786,437802,买盘
2336,09:52:19,5.56,-0.01,291,161796,卖盘
2337,09:52:13,5.57,--,814,453398,买盘
2338,09:52:09,5.57,--,109,60713,买盘
2339,09:52:04,5.57,--,576,320832,买盘
2340,09:51:58,5.57,--,2,1114,买盘
2341,09:51:49,5.57,0.01,80,44560,买盘
2342,09:51:43,5.56,--,698,388088,卖盘
2343,09:51:39,5.56,--,1368,760608,卖盘
2344,09:51:34,5.56,-0.01,17,9452,卖盘
2345,09:51:28,5.57,--,72,40104,买盘
2346,09:51:24,5.57,0.01,497,276829,买盘
2347,09:51:19,5.56,-0.01,468,260207,卖盘
2348,09:51:13,5.57,0.01,998,555886,买盘
2349,09:51:09,5.56,-0.01,200,111199,卖盘
2350,09:51:04,5.57,--,472,262904,买盘
2351,09:50:58,5.57,--,50,27850,买盘
2352,09:50:54,5.57,--,82,45674,买盘
2353,09:50:49,5.57,--,257,143149,买盘
2354,09:50:43,5.57,0.01,963,536391,买盘
2355,09:50:34,5.56,-0.01,451,250755,卖盘
2356,09:50:28,5.57,0.01,891,496287,买盘
2357,09:50:24,5.56,-0.01,369,205164,卖盘
2358,09:50:19,5.57,--,72,40104,买盘
2359,09:50:13,5.57,--,761,423877,买盘
2360,09:50:09,5.57,--,153,85221,买盘
2361,09:50:04,5.57,0.01,430,239510,买盘
2362,09:49:58,5.56,-0.01,77,42812,卖盘
2363,09:49:54,5.57,--,314,174898,买盘
2364,09:49:48,5.57,0.01,61,33977,买盘
2365,09:49:43,5.56,--,1274,708344,卖盘
2366,09:49:39,5.56,--,293,162908,卖盘
2367,09:49:33,5.56,-0.01,55,30579,卖盘
2368,09:49:28,5.57,0.01,99,55143,买盘
2369,09:49:24,5.56,--,354,196824,卖盘
2370,09:49:18,5.56,-0.01,2,1112,卖盘
2371,09:49:13,5.57,--,552,307464,买盘
2372,09:49:09,5.57,--,315,175455,买盘
2373,09:49:03,5.57,0.01,496,276272,买盘
2374,09:48:58,5.56,-0.01,65,36140,卖盘
2375,09:48:54,5.57,--,247,137579,买盘
2376,09:48:48,5.57,0.01,1312,730784,买盘
2377,09:48:43,5.56,-0.01,5554,3088024,卖盘
2378,09:48:39,5.57,--,162,90234,买盘
2379,09:48:33,5.57,0.01,1046,582622,买盘
2380,09:48:28,5.56,-0.01,230,127879,卖盘
2381,09:48:24,5.57,--,66,36762,买盘
2382,09:48:18,5.57,--,60,33420,买盘
2383,09:48:13,5.57,0.01,168,93576,买盘
2384,09:48:09,5.56,-0.01,189,105083,卖盘
2385,09:48:03,5.57,0.01,444,247308,买盘
2386,09:47:58,5.56,-0.01,242,134552,卖盘
2387,09:47:54,5.57,--,1219,678983,买盘
2388,09:47:48,5.57,--,577,321389,买盘
2389,09:47:43,5.57,0.01,312,173784,买盘
2390,09:47:39,5.56,--,615,341940,卖盘
2391,09:47:33,5.56,-0.01,1427,793412,卖盘
2392,09:47:28,5.57,--,208,115856,买盘
2393,09:47:23,5.57,--,229,127553,买盘
2394,09:47:18,5.57,--,896,499072,买盘
2395,09:47:13,5.57,0.01,614,341998,买盘
2396,09:47:09,5.56,--,204,113829,卖盘
2397,09:47:03,5.56,-0.01,187,104227,卖盘
2398,09:46:58,5.57,--,228,126996,买盘
2399,09:46:53,5.57,--,109,60713,买盘
2400,09:46:48,5.57,--,594,330858,买盘
2401,09:46:43,5.57,0.01,836,465652,买盘
2402,09:46:38,5.56,-0.01,1929,1072524,卖盘
2403,09:46:33,5.57,0.01,913,508541,买盘
2404,09:46:28,5.56,--,284,157904,买盘
2405,09:46:23,5.56,--,536,298016,买盘
2406,09:46:18,5.56,--,1675,931299,买盘
2407,09:46:13,5.56,--,1056,587136,买盘
2408,09:46:08,5.56,--,232,128991,买盘
2409,09:46:03,5.56,--,6755,3755779,买盘
2410,09:45:58,5.56,--,575,319700,买盘
2411,09:45:53,5.56,0.01,127,70612,买盘
2412,09:45:48,5.55,--,1198,664890,卖盘
2413,09:45:43,5.55,-0.01,5661,3141855,卖盘
2414,09:45:38,5.56,--,1272,707232,买盘
2415,09:45:33,5.56,0.01,1713,952427,买盘
2416,09:45:28,5.55,-0.01,2057,1141635,卖盘
2417,09:45:23,5.56,0.01,641,356396,买盘
2418,09:45:18,5.55,-0.01,1049,582472,卖盘
2419,09:45:13,5.56,--,1525,847899,买盘
2420,09:45:07,5.56,--,518,288008,买盘
2421,09:45:03,5.56,0.01,948,527088,买盘
2422,09:44:58,5.55,--,1027,569985,卖盘
2423,09:44:52,5.55,--,434,240870,卖盘
2424,09:44:48,5.55,--,1871,1038405,卖盘
2425,09:44:43,5.55,-0.01,660,366300,卖盘
2426,09:44:37,5.56,--,318,176808,买盘
2427,09:44:33,5.56,0.01,35,19460,买盘
2428,09:44:28,5.55,--,110,61050,卖盘
2429,09:44:22,5.55,-0.01,180,99900,卖盘
2430,09:44:18,5.56,0.01,570,316920,买盘
2431,09:44:13,5.55,--,349,193695,卖盘
2432,09:44:07,5.55,-0.01,280,155400,卖盘
2433,09:44:03,5.56,0.01,98,54487,买盘
2434,09:43:58,5.55,--,658,365190,卖盘
2435,09:43:52,5.55,--,400,222000,卖盘
2436,09:43:48,5.55,--,130,72150,卖盘
2437,09:43:43,5.55,--,727,403485,卖盘
2438,09:43:37,5.55,--,15,8325,卖盘
2439,09:43:33,5.55,--,10,5550,卖盘
2440,09:43:28,5.55,--,615,341325,卖盘
2441,09:43:22,5.55,--,3706,2056830,卖盘
2442,09:43:18,5.55,--,279,154845,卖盘
2443,09:43:13,5.55,--,138,76590,卖盘
2444,09:43:07,5.55,-0.01,99,54945,卖盘
2445,09:43:03,5.56,0.01,13,7227,买盘
2446,09:42:57,5.55,-0.01,61,33855,卖盘
2447,09:42:52,5.56,0.01,259,144004,买盘
2448,09:42:48,5.55,--,410,227550,卖盘
2449,09:42:42,5.55,-0.01,120,66600,卖盘
2450,09:42:37,5.56,0.01,758,421447,买盘
2451,09:42:33,5.55,--,788,437340,卖盘
2452,09:42:27,5.55,--,80,44400,卖盘
2453,09:42:22,5.55,-0.01,1619,898545,卖盘
2454,09:42:18,5.56,0.01,125,69500,买盘
2455,09:42:12,5.55,--,138,76723,卖盘
2456,09:42:07,5.55,--,123,68265,卖盘
2457,09:42:03,5.55,-0.01,70,38850,卖盘
2458,09:41:57,5.56,0.01,18,10008,买盘
2459,09:41:52,5.55,-0.01,213,118215,卖盘
2460,09:41:48,5.56,--,30,16680,买盘
2461,09:41:42,5.56,--,426,236855,买盘
2462,09:41:33,5.56,0.01,221,122875,买盘
2463,09:41:27,5.55,-0.01,1,555,卖盘
2464,09:41:22,5.56,--,138,76728,买盘
2465,09:41:12,5.56,--,2198,1222088,买盘
2466,09:41:07,5.56,0.01,1912,1063072,买盘
2467,09:41:03,5.55,-0.01,167,92685,卖盘
2468,09:40:57,5.56,--,50,27799,买盘
2469,09:40:52,5.56,--,91,50596,买盘
2470,09:40:48,5.56,0.01,293,162908,买盘
2471,09:40:42,5.55,-0.01,249,138195,卖盘
2472,09:40:37,5.56,--,146,81176,买盘
2473,09:40:33,5.56,--,386,214615,买盘
2474,09:40:27,5.56,--,213,118427,买盘
2475,09:40:22,5.56,--,128,71168,买盘
2476,09:40:12,5.56,--,856,475935,买盘
2477,09:40:07,5.56,--,730,405880,买盘
2478,09:40:02,5.56,0.01,177,98412,买盘
2479,09:39:52,5.55,--,497,275835,卖盘
2480,09:39:47,5.55,-0.01,1454,806970,卖盘
2481,09:39:42,5.56,0.01,245,136220,买盘
2482,09:39:37,5.55,--,36,19980,卖盘
2483,09:39:32,5.55,-0.01,25,13875,卖盘
2484,09:39:27,5.56,0.01,1427,793412,买盘
2485,09:39:22,5.55,--,8,4750,卖盘
2486,09:39:17,5.55,--,7,3885,卖盘
2487,09:39:12,5.55,-0.01,111,61605,卖盘
2488,09:39:07,5.56,0.01,224,124543,买盘
2489,09:39:02,5.55,-0.01,63,34965,卖盘
2490,09:38:57,5.56,0.01,10,5560,买盘
2491,09:38:52,5.55,-0.01,453,251415,卖盘
2492,09:38:47,5.56,0.01,134,74504,买盘
2493,09:38:42,5.55,-0.01,298,165390,卖盘
2494,09:38:37,5.56,--,681,378636,买盘
2495,09:38:32,5.56,--,162,90072,买盘
2496,09:38:27,5.56,0.01,1841,1023595,买盘
2497,09:38:22,5.55,-0.01,216,119880,卖盘
2498,09:38:17,5.56,--,236,131216,买盘
2499,09:38:12,5.56,--,382,212391,买盘
2500,09:38:07,5.56,0.01,380,211279,买盘
2501,09:38:02,5.55,--,98,54390,卖盘
2502,09:37:57,5.55,-0.01,133,73815,卖盘
2503,09:37:52,5.56,--,211,117315,买盘
2504,09:37:47,5.56,--,274,152344,买盘
2505,09:37:42,5.56,--,132,73392,买盘
2506,09:37:37,5.56,--,49,27243,买盘
2507,09:37:32,5.56,--,147,81732,买盘
2508,09:37:27,5.56,--,21,11676,买盘
2509,09:37:22,5.56,--,2177,1210412,买盘
2510,09:37:12,5.56,--,374,207943,买盘
2511,09:37:07,5.56,0.01,103,57267,买盘
2512,09:37:01,5.55,-0.01,72,39960,卖盘
2513,09:36:57,5.56,0.01,332,184592,买盘
2514,09:36:52,5.55,-0.01,50,27750,卖盘
2515,09:36:46,5.56,0.01,163,90628,买盘
2516,09:36:42,5.55,-0.01,123,68265,卖盘
2517,09:36:37,5.56,--,435,241859,买盘
2518,09:36:31,5.56,0.01,1,556,买盘
2519,09:36:27,5.55,--,471,261405,卖盘
2520,09:36:22,5.55,--,93,51615,卖盘
2521,09:36:16,5.55,-0.01,109,60495,卖盘
2522,09:36:12,5.56,0.01,5,2780,买盘
2523,09:36:06,5.55,-0.01,156,86580,卖盘
2524,09:36:01,5.56,--,13,7227,买盘
2525,09:35:57,5.56,--,1287,715572,买盘
2526,09:35:51,5.56,0.01,80,44480,买盘
2527,09:35:46,5.55,-0.01,42,23310,卖盘
2528,09:35:36,5.56,0.01,295,164020,买盘
2529,09:35:31,5.55,--,1483,823065,买盘
2530,09:35:27,5.55,--,1083,601065,买盘
2531,09:35:21,5.55,--,5083,2821065,卖盘
2532,09:35:16,5.55,-0.01,109,60495,卖盘
2533,09:35:12,5.56,--,414,230183,买盘
2534,09:35:06,5.56,--,545,303020,买盘
2535,09:35:01,5.56,0.01,1962,1090955,买盘
2536,09:34:57,5.55,--,677,375735,买盘
2537,09:34:51,5.55,--,569,315795,买盘
2538,09:34:46,5.55,0.01,112,62160,买盘
2539,09:34:42,5.54,-0.01,524,290296,卖盘
2540,09:34:36,5.55,--,1185,657675,买盘
2541,09:34:31,5.55,--,279,154845,买盘
2542,09:34:27,5.55,--,45,24975,买盘
2543,09:34:21,5.55,--,202,112110,买盘
2544,09:34:16,5.55,0.01,770,427350,买盘
2545,09:34:12,5.54,-0.01,3152,1746307,卖盘
2546,09:34:06,5.55,--,3945,2189475,买盘
2547,09:34:01,5.55,--,1696,941280,买盘
2548,09:33:57,5.55,--,2691,1493505,买盘
2549,09:33:51,5.55,--,3986,2212230,买盘
2550,09:33:46,5.55,--,298,165390,买盘
2551,09:33:42,5.55,--,146,81030,买盘
2552,09:33:36,5.55,--,667,370185,买盘
2553,09:33:31,5.55,0.01,136,75480,买盘
2554,09:33:26,5.54,-0.01,528,292512,卖盘
2555,09:33:21,5.55,--,517,286935,买盘
2556,09:33:16,5.55,0.01,648,359640,买盘
2557,09:33:11,5.54,-0.01,50,27700,卖盘
2558,09:33:06,5.55,--,273,151515,买盘
2559,09:33:01,5.55,0.01,54,30247,买盘
2560,09:32:56,5.54,--,94,52076,卖盘
2561,09:32:51,5.54,--,128,70912,卖盘
2562,09:32:46,5.54,-0.01,233,129082,卖盘
2563,09:32:36,5.55,--,668,370740,买盘
2564,09:32:31,5.55,--,319,177045,买盘
2565,09:32:26,5.55,--,493,273615,买盘
2566,09:32:21,5.55,--,27,14985,买盘
2567,09:32:16,5.55,0.01,265,147075,买盘
2568,09:32:11,5.54,-0.01,602,333951,卖盘
2569,09:32:06,5.55,--,1729,959595,买盘
2570,09:32:01,5.55,--,137,76035,买盘
2571,09:31:56,5.55,0.01,20,11100,买盘
2572,09:31:51,5.54,-0.01,344,190576,卖盘
2573,09:31:46,5.55,--,1603,889665,买盘
2574,09:31:31,5.55,--,223,123765,买盘
2575,09:31:26,5.55,0.01,21,11655,买盘
2576,09:31:21,5.54,--,256,141824,卖盘
2577,09:31:16,5.54,--,130,72020,卖盘
2578,09:31:11,5.54,--,334,185036,卖盘
2579,09:31:06,5.54,-0.01,10399,5761046,卖盘
2580,09:31:01,5.55,--,1228,681540,买盘
2581,09:30:56,5.55,--,50,27750,买盘
2582,09:30:51,5.55,--,139,77145,买盘
2583,09:30:46,5.55,--,3557,1974135,买盘
2584,09:30:41,5.55,--,816,452880,买盘
2585,09:30:36,5.55,--,994,551670,买盘
2586,09:30:31,5.55,--,90,49950,买盘
2587,09:30:26,5.55,--,501,278055,买盘
2588,09:30:21,5.55,--,522,289710,买盘
2589,09:30:16,5.55,0.02,2820,1565155,买盘
2590,09:30:11,5.53,-0.01,816,451248,卖盘
2591,09:30:06,5.54,--,7414,4107527,买盘
2592,09:30:00,5.54,--,41,22714,买盘
2593,09:28:55,5.54,--,0,0,买盘
2594,09:25:03,5.54,5.54,3664,2029856,买盘
