,time,price,change,volume,amount,type
0,15:00:00,3.19,--,0,0,买盘
1,15:00:00,3.19,--,0,0,买盘
2,15:00:00,3.19,--,151,48169,买盘
3,14:59:55,3.19,--,12,3828,买盘
4,14:59:51,3.19,--,520,165880,买盘
5,14:59:45,3.19,--,345,110055,买盘
6,14:59:40,3.19,0.01,161,51359,买盘
7,14:59:36,3.18,-0.01,31,9858,卖盘
8,14:59:30,3.19,--,35,11165,买盘
9,14:59:20,3.19,0.01,149,47531,买盘
10,14:59:15,3.18,-0.01,442,140556,卖盘
11,14:59:10,3.19,--,100,31900,买盘
12,14:59:05,3.19,--,236,75284,买盘
13,14:59:00,3.19,--,1010,322190,买盘
14,14:58:55,3.19,0.01,3442,1097998,买盘
15,14:58:50,3.18,--,436,138648,卖盘
16,14:58:45,3.18,--,154,48972,卖盘
17,14:58:40,3.18,--,1,318,卖盘
18,14:58:35,3.18,--,412,131016,卖盘
19,14:58:30,3.18,-0.01,590,187620,卖盘
20,14:58:25,3.19,0.01,231,73689,买盘
21,14:58:20,3.18,-0.01,84,26712,卖盘
22,14:58:15,3.19,0.01,191,60929,买盘
23,14:58:10,3.18,-0.01,64,20352,卖盘
24,14:58:04,3.19,0.01,581,185339,买盘
25,14:58:00,3.18,--,410,130380,卖盘
26,14:57:55,3.18,-0.01,1,318,卖盘
27,14:57:50,3.19,--,26,8294,买盘
28,14:57:45,3.19,--,220,70180,买盘
29,14:57:35,3.19,0.01,6,1914,买盘
30,14:57:30,3.18,-0.01,364,115752,卖盘
31,14:57:25,3.19,0.01,4,1276,买盘
32,14:57:20,3.18,-0.01,275,87450,卖盘
33,14:57:15,3.19,--,191,60929,买盘
34,14:57:10,3.19,--,111,35409,买盘
35,14:57:04,3.19,0.01,288,91872,买盘
36,14:57:00,3.18,-0.01,156,49608,卖盘
37,14:56:55,3.19,--,280,89320,买盘
38,14:56:49,3.19,--,9,2871,买盘
39,14:56:45,3.19,--,32,10208,买盘
40,14:56:40,3.19,--,187,59653,买盘
41,14:56:30,3.19,--,525,167475,买盘
42,14:56:25,3.19,0.01,36,11484,买盘
43,14:56:19,3.18,-0.01,703,223554,卖盘
44,14:56:15,3.19,--,32,10208,买盘
45,14:56:10,3.19,--,4,1276,买盘
46,14:56:04,3.19,0.01,1445,460955,买盘
47,14:56:00,3.18,--,508,161544,卖盘
48,14:55:55,3.18,-0.01,281,89358,卖盘
49,14:55:49,3.19,0.01,27,8613,买盘
50,14:55:45,3.18,-0.01,1564,497352,卖盘
51,14:55:40,3.19,0.01,294,93786,买盘
52,14:55:34,3.18,-0.01,147,46746,卖盘
53,14:55:30,3.19,0.01,239,76241,买盘
54,14:55:24,3.18,--,5197,1652646,卖盘
55,14:55:19,3.18,-0.01,188,59784,卖盘
56,14:55:15,3.19,0.01,1445,460955,买盘
57,14:55:09,3.18,--,397,126246,卖盘
58,14:55:00,3.18,--,104,33072,卖盘
59,14:54:54,3.18,--,142,45156,卖盘
60,14:54:49,3.18,-0.01,1,318,卖盘
61,14:54:45,3.19,--,3,957,买盘
62,14:54:39,3.19,--,5000,1595000,买盘
63,14:54:34,3.19,0.01,208,66352,买盘
64,14:54:30,3.18,--,13,4134,卖盘
65,14:54:24,3.18,-0.01,338,107484,卖盘
66,14:54:19,3.19,--,2,638,买盘
67,14:54:15,3.19,--,5,1595,买盘
68,14:54:09,3.19,0.01,35,11165,买盘
69,14:54:04,3.18,--,51,16218,卖盘
70,14:54:00,3.18,--,42,13356,卖盘
71,14:53:54,3.18,--,4,1272,卖盘
72,14:53:49,3.18,--,150,47700,卖盘
73,14:53:45,3.18,-0.01,1398,444564,卖盘
74,14:53:39,3.19,0.01,51,16269,买盘
75,14:53:34,3.18,--,101,32118,卖盘
76,14:53:30,3.18,--,72,22896,卖盘
77,14:53:24,3.18,--,36,11448,卖盘
78,14:53:15,3.18,-0.01,250,79500,卖盘
79,14:53:09,3.19,--,22,7018,买盘
80,14:53:04,3.19,0.01,1,319,买盘
81,14:53:00,3.18,--,135,42930,卖盘
82,14:52:54,3.18,-0.01,234,74412,卖盘
83,14:52:49,3.19,--,40,12760,买盘
84,14:52:45,3.19,--,257,81983,买盘
85,14:52:39,3.19,--,113,36047,买盘
86,14:52:29,3.19,--,41,13079,买盘
87,14:52:24,3.19,--,6671,2128275,卖盘
88,14:52:19,3.19,--,637,203203,卖盘
89,14:52:15,3.19,--,750,239250,卖盘
90,14:52:09,3.19,--,546,174174,卖盘
91,14:52:04,3.19,--,300,95700,卖盘
92,14:51:59,3.19,--,752,239888,卖盘
93,14:51:54,3.19,--,391,124729,卖盘
94,14:51:49,3.19,--,194,61886,卖盘
95,14:51:44,3.19,-0.01,472,150568,卖盘
96,14:51:39,3.2,0.01,1105,353600,买盘
97,14:51:34,3.19,-0.01,281,89639,卖盘
98,14:51:29,3.2,0.01,1014,324480,买盘
99,14:51:24,3.19,--,499,159181,卖盘
100,14:51:19,3.19,--,286,91234,卖盘
101,14:51:14,3.19,--,1001,319319,卖盘
102,14:51:09,3.19,--,981,312939,卖盘
103,14:51:04,3.19,--,2314,738166,卖盘
104,14:50:59,3.19,--,130,41470,卖盘
105,14:50:54,3.19,--,209,66671,卖盘
106,14:50:49,3.19,-0.01,550,175450,卖盘
107,14:50:44,3.2,0.01,526,168320,买盘
108,14:50:39,3.19,-0.01,104,33176,卖盘
109,14:50:34,3.2,0.01,602,192640,买盘
110,14:50:29,3.19,--,4140,1320660,卖盘
111,14:50:24,3.19,--,752,239888,卖盘
112,14:50:19,3.19,--,498,158862,卖盘
113,14:50:14,3.19,--,439,140041,卖盘
114,14:50:09,3.19,--,923,294437,卖盘
115,14:50:04,3.19,--,179,57101,卖盘
116,14:49:58,3.19,--,1207,385033,卖盘
117,14:49:54,3.19,--,274,87406,卖盘
118,14:49:49,3.19,--,188,59972,卖盘
119,14:49:44,3.19,--,650,207350,卖盘
120,14:49:39,3.19,--,1389,443091,卖盘
121,14:49:34,3.19,-0.01,194,61886,卖盘
122,14:49:29,3.2,0.01,940,300800,买盘
123,14:49:24,3.19,--,1330,424270,卖盘
124,14:49:19,3.19,--,268,85492,卖盘
125,14:49:13,3.19,--,16,5104,卖盘
126,14:49:09,3.19,--,211,67309,卖盘
127,14:49:04,3.19,--,401,127919,卖盘
128,14:48:58,3.19,--,742,236698,卖盘
129,14:48:54,3.19,--,819,261261,卖盘
130,14:48:48,3.19,--,222,70818,卖盘
131,14:48:43,3.19,--,1,319,卖盘
132,14:48:39,3.19,--,61,19459,卖盘
133,14:48:33,3.19,--,532,169708,卖盘
134,14:48:28,3.19,--,509,162371,卖盘
135,14:48:23,3.19,-0.01,236,75284,卖盘
136,14:48:18,3.2,--,264,84480,买盘
137,14:48:13,3.2,0.01,1,320,买盘
138,14:48:09,3.19,--,20,6380,卖盘
139,14:48:03,3.19,-0.01,5,1595,卖盘
140,14:47:58,3.2,0.01,1,320,买盘
141,14:47:53,3.19,-0.01,199,63481,卖盘
142,14:47:48,3.2,--,112,35840,买盘
143,14:47:43,3.2,0.01,10,3200,买盘
144,14:47:38,3.19,--,36,11484,卖盘
145,14:47:33,3.19,--,163,51997,卖盘
146,14:47:28,3.19,--,3506,1118414,卖盘
147,14:47:23,3.19,-0.01,37,11803,卖盘
148,14:47:18,3.2,--,128,40960,买盘
149,14:47:08,3.2,0.01,101,32320,买盘
150,14:47:03,3.19,--,21,6699,卖盘
151,14:46:58,3.19,--,12,3828,卖盘
152,14:46:48,3.19,-0.01,129,41151,卖盘
153,14:46:38,3.2,--,14,4480,买盘
154,14:46:33,3.2,0.01,266,85120,买盘
155,14:46:28,3.19,--,118,37642,卖盘
156,14:46:23,3.19,--,2,638,卖盘
157,14:46:18,3.19,--,1,319,卖盘
158,14:46:13,3.19,--,50,15950,卖盘
159,14:46:08,3.19,--,203,64757,卖盘
160,14:46:03,3.19,-0.01,20,6380,卖盘
161,14:45:58,3.2,0.01,58,18560,买盘
162,14:45:53,3.19,--,133,42427,卖盘
163,14:45:48,3.19,-0.01,83,26477,卖盘
164,14:45:43,3.2,--,6,1920,买盘
165,14:45:38,3.2,--,219,70080,买盘
166,14:45:33,3.2,0.01,258,82560,买盘
167,14:45:28,3.19,-0.01,85,27115,卖盘
168,14:45:23,3.2,--,2,640,买盘
169,14:45:18,3.2,0.01,89,28480,买盘
170,14:45:13,3.19,--,1,319,卖盘
171,14:45:08,3.19,--,209,66671,卖盘
172,14:45:03,3.19,-0.01,30,9570,卖盘
173,14:44:58,3.2,--,256,81920,买盘
174,14:44:53,3.2,0.01,604,193280,买盘
175,14:44:48,3.19,-0.01,95,30305,卖盘
176,14:44:43,3.2,0.01,53,16960,买盘
177,14:44:38,3.19,--,79,25201,卖盘
178,14:44:33,3.19,-0.01,210,66990,卖盘
179,14:44:28,3.2,--,178,56960,买盘
180,14:44:23,3.2,0.01,552,176640,买盘
181,14:44:18,3.19,--,104,33176,卖盘
182,14:44:13,3.19,--,7,2233,卖盘
183,14:44:08,3.19,-0.01,46,14674,卖盘
184,14:44:03,3.2,--,944,302080,买盘
185,14:43:58,3.2,--,183,58560,买盘
186,14:43:53,3.2,0.01,350,112000,买盘
187,14:43:48,3.19,-0.01,722,230318,卖盘
188,14:43:43,3.2,0.01,204,65280,买盘
189,14:43:38,3.19,-0.01,1048,334312,卖盘
190,14:43:33,3.2,0.01,228,72960,买盘
191,14:43:28,3.19,--,50,15950,卖盘
192,14:43:23,3.19,--,340,108460,卖盘
193,14:43:18,3.19,--,414,132066,卖盘
194,14:43:08,3.19,--,838,267322,卖盘
195,14:43:03,3.19,-0.01,100,31900,卖盘
196,14:42:53,3.2,0.01,320,102400,买盘
197,14:42:48,3.19,-0.01,100,31900,卖盘
198,14:42:43,3.2,0.01,78,24960,买盘
199,14:42:38,3.19,--,211,67309,卖盘
200,14:42:33,3.19,--,27,8613,卖盘
201,14:42:23,3.19,-0.01,100,31900,卖盘
202,14:42:18,3.2,--,814,260480,买盘
203,14:42:13,3.2,0.01,261,83520,买盘
204,14:42:08,3.19,--,450,143550,卖盘
205,14:42:03,3.19,--,547,174493,卖盘
206,14:41:57,3.19,--,225,71775,卖盘
207,14:41:53,3.19,--,233,74327,卖盘
208,14:41:48,3.19,--,6,1914,卖盘
209,14:41:32,3.19,-0.01,207,66033,卖盘
210,14:41:27,3.2,0.01,608,194560,买盘
211,14:41:18,3.19,-0.01,22,7018,卖盘
212,14:41:12,3.2,0.01,288,92160,买盘
213,14:41:02,3.19,--,32,10208,卖盘
214,14:40:57,3.19,-0.01,60,19140,卖盘
215,14:40:47,3.2,0.01,136,43520,买盘
216,14:40:42,3.19,--,275,87725,卖盘
217,14:40:32,3.19,--,9,2871,卖盘
218,14:40:27,3.19,-0.01,451,143869,卖盘
219,14:40:17,3.2,0.01,408,130560,买盘
220,14:40:12,3.19,--,155,49445,卖盘
221,14:40:02,3.19,-0.01,1413,450747,卖盘
222,14:39:57,3.2,0.01,219,70080,买盘
223,14:39:52,3.19,--,267,85173,卖盘
224,14:39:47,3.19,--,9,2871,卖盘
225,14:39:42,3.19,--,28,8932,卖盘
226,14:39:37,3.19,--,1,319,卖盘
227,14:39:32,3.19,-0.01,61,19459,卖盘
228,14:39:27,3.2,0.01,199,63680,买盘
229,14:39:22,3.19,--,501,159819,卖盘
230,14:39:17,3.19,-0.01,50,15950,卖盘
231,14:39:12,3.2,0.01,50,16000,买盘
232,14:39:07,3.19,--,146,46574,卖盘
233,14:39:02,3.19,--,10,3190,卖盘
234,14:38:57,3.19,--,273,87087,卖盘
235,14:38:47,3.19,--,373,118987,卖盘
236,14:38:42,3.19,--,500,159500,卖盘
237,14:38:37,3.19,--,250,79750,卖盘
238,14:38:32,3.19,--,741,236379,卖盘
239,14:38:27,3.19,--,80,25520,卖盘
240,14:38:22,3.19,--,11,3509,卖盘
241,14:38:17,3.19,-0.01,1761,561759,卖盘
242,14:38:12,3.2,0.01,3,960,买盘
243,14:38:02,3.19,--,9,2871,卖盘
244,14:37:57,3.19,-0.01,395,126005,卖盘
245,14:37:47,3.2,--,2,640,买盘
246,14:37:42,3.2,--,61,19520,买盘
247,14:37:32,3.2,0.01,1,320,买盘
248,14:37:27,3.19,-0.01,430,137170,卖盘
249,14:37:22,3.2,--,198,63360,买盘
250,14:37:17,3.2,0.01,343,109760,买盘
251,14:37:12,3.19,--,11,3509,卖盘
252,14:37:07,3.19,-0.01,135,43065,卖盘
253,14:37:02,3.2,--,399,127680,买盘
254,14:36:57,3.2,0.01,308,98560,买盘
255,14:36:47,3.19,-0.01,151,48169,卖盘
256,14:36:42,3.2,--,1,320,买盘
257,14:36:37,3.2,0.01,40,12800,买盘
258,14:36:27,3.19,--,68,21692,卖盘
259,14:36:22,3.19,--,4,1276,卖盘
260,14:36:17,3.19,--,106,33814,卖盘
261,14:36:12,3.19,--,130,41470,卖盘
262,14:36:07,3.19,--,15,4785,卖盘
263,14:36:02,3.19,-0.01,534,170346,卖盘
264,14:35:57,3.2,--,198,63360,买盘
265,14:35:47,3.2,0.01,98,31360,买盘
266,14:35:42,3.19,--,42,13398,卖盘
267,14:35:37,3.19,--,52,16588,卖盘
268,14:35:32,3.19,-0.01,10,3190,卖盘
269,14:35:27,3.2,0.01,12,3840,买盘
270,14:35:22,3.19,-0.01,72,22968,卖盘
271,14:35:17,3.2,0.01,55,17600,买盘
272,14:35:12,3.19,--,30,9570,卖盘
273,14:34:57,3.19,--,35,11165,卖盘
274,14:34:51,3.19,-0.01,125,39875,卖盘
275,14:34:47,3.2,0.01,18,5760,买盘
276,14:34:42,3.19,--,500,159500,卖盘
277,14:34:36,3.19,--,3000,957000,卖盘
278,14:34:32,3.19,-0.01,2,638,卖盘
279,14:34:27,3.2,0.01,142,45440,买盘
280,14:34:21,3.19,-0.01,1302,415338,卖盘
281,14:34:17,3.2,0.01,1,320,买盘
282,14:34:12,3.19,--,62,19778,卖盘
283,14:34:06,3.19,-0.01,1,319,卖盘
284,14:34:01,3.2,0.01,69,22080,买盘
285,14:33:57,3.19,--,10,3190,卖盘
286,14:33:51,3.19,-0.01,4,1276,卖盘
287,14:33:46,3.2,--,1,320,买盘
288,14:33:42,3.2,0.01,25,8000,买盘
289,14:33:31,3.19,--,105,33495,卖盘
290,14:33:27,3.19,--,301,96019,卖盘
291,14:33:21,3.19,--,208,66352,卖盘
292,14:33:11,3.19,--,11,3509,卖盘
293,14:33:06,3.19,-0.01,246,78474,卖盘
294,14:33:01,3.2,--,14,4480,买盘
295,14:32:56,3.2,0.01,7,2240,买盘
296,14:32:51,3.19,-0.01,101,32219,卖盘
297,14:32:46,3.2,0.01,56,17920,买盘
298,14:32:41,3.19,--,31,9889,卖盘
299,14:32:31,3.19,--,45,14355,卖盘
300,14:32:26,3.19,--,51,16269,卖盘
301,14:32:21,3.19,--,62,19778,卖盘
302,14:32:16,3.19,-0.01,2,638,卖盘
303,14:32:11,3.2,0.01,198,63360,买盘
304,14:32:06,3.19,--,299,95381,卖盘
305,14:32:01,3.19,--,832,265408,卖盘
306,14:31:56,3.19,-0.01,53,16907,卖盘
307,14:31:51,3.2,0.01,760,243200,买盘
308,14:31:46,3.19,--,13,4147,卖盘
309,14:31:41,3.19,-0.01,47,14993,卖盘
310,14:31:36,3.2,--,1646,526720,买盘
311,14:31:31,3.2,0.01,669,214080,买盘
312,14:31:26,3.19,--,5,1595,卖盘
313,14:31:21,3.19,--,16,5104,卖盘
314,14:31:11,3.19,--,38,12122,卖盘
315,14:30:56,3.19,--,158,50717,卖盘
316,14:30:51,3.19,--,201,64119,卖盘
317,14:30:46,3.19,--,20,6380,卖盘
318,14:30:41,3.19,--,11,3509,卖盘
319,14:30:36,3.19,-0.01,21,6699,卖盘
320,14:30:31,3.2,--,57,18240,买盘
321,14:30:26,3.2,0.01,51,16320,买盘
322,14:30:21,3.19,--,60,19140,卖盘
323,14:30:16,3.19,--,1,319,卖盘
324,14:30:11,3.19,--,345,110055,卖盘
325,14:30:01,3.19,--,209,66671,卖盘
326,14:29:56,3.19,--,223,71137,卖盘
327,14:29:51,3.19,--,56,17864,卖盘
328,14:29:46,3.19,--,1,319,卖盘
329,14:29:41,3.19,-0.01,77,24563,卖盘
330,14:29:36,3.2,--,219,70080,买盘
331,14:29:26,3.2,--,1391,445120,买盘
332,14:29:21,3.2,--,305,97600,买盘
333,14:29:16,3.2,0.01,260,83200,买盘
334,14:29:11,3.19,--,241,76879,卖盘
335,14:29:06,3.19,--,201,64119,卖盘
336,14:29:01,3.19,--,29,9251,卖盘
337,14:28:56,3.19,--,198,63162,卖盘
338,14:28:51,3.19,--,3677,1172963,卖盘
339,14:28:46,3.19,--,213,67947,卖盘
340,14:28:41,3.19,--,2257,719983,卖盘
341,14:28:36,3.19,--,2,638,卖盘
342,14:28:31,3.19,--,36,11484,卖盘
343,14:28:26,3.19,--,15,4785,卖盘
344,14:28:21,3.19,--,155,49445,卖盘
345,14:28:11,3.19,--,256,81664,卖盘
346,14:28:06,3.19,--,3818,1217942,卖盘
347,14:28:01,3.19,--,2,638,卖盘
348,14:27:56,3.19,--,28,8932,卖盘
349,14:27:51,3.19,--,38,12122,卖盘
350,14:27:45,3.19,--,3555,1134045,卖盘
351,14:27:41,3.19,--,102,32538,卖盘
352,14:27:36,3.19,--,570,181830,卖盘
353,14:27:30,3.19,--,61,19459,卖盘
354,14:27:26,3.19,--,5040,1607760,卖盘
355,14:27:21,3.19,--,324,103356,卖盘
356,14:27:15,3.19,--,187,59653,卖盘
357,14:27:11,3.19,--,4068,1297692,卖盘
358,14:27:06,3.19,-0.01,73,23287,卖盘
359,14:27:00,3.2,0.01,4,1280,买盘
360,14:26:56,3.19,-0.01,187,59653,卖盘
361,14:26:41,3.2,0.01,1106,353920,买盘
362,14:26:36,3.19,--,319,101761,卖盘
363,14:26:30,3.19,--,21,6699,卖盘
364,14:26:26,3.19,--,84,26796,卖盘
365,14:26:21,3.19,--,35,11165,卖盘
366,14:26:11,3.19,--,1,319,卖盘
367,14:26:06,3.19,--,1,319,卖盘
368,14:25:55,3.19,-0.01,5,1595,卖盘
369,14:25:51,3.2,--,8,2560,买盘
370,14:25:40,3.2,0.01,94,30080,买盘
371,14:25:35,3.19,--,7,2233,卖盘
372,14:25:30,3.19,--,35,11165,卖盘
373,14:25:25,3.19,--,9,2871,卖盘
374,14:25:21,3.19,--,3,957,卖盘
375,14:25:15,3.19,--,51,16269,卖盘
376,14:25:05,3.19,-0.01,126,40194,卖盘
377,14:25:00,3.2,--,594,190080,买盘
378,14:24:55,3.2,--,74,23680,买盘
379,14:24:50,3.2,0.01,668,213760,买盘
380,14:24:45,3.19,--,4,1276,卖盘
381,14:24:40,3.19,--,52,16588,卖盘
382,14:24:35,3.19,--,121,38599,卖盘
383,14:24:30,3.19,--,429,136851,卖盘
384,14:24:25,3.19,--,7,2233,卖盘
385,14:24:20,3.19,-0.01,70,22330,卖盘
386,14:24:15,3.2,--,37,11840,买盘
387,14:24:10,3.2,0.01,198,63360,买盘
388,14:24:05,3.19,-0.01,224,71456,卖盘
389,14:24:00,3.2,0.01,1125,360000,买盘
390,14:23:55,3.19,--,1,319,卖盘
391,14:23:50,3.19,--,587,187253,卖盘
392,14:23:45,3.19,--,241,76879,卖盘
393,14:23:40,3.19,-0.01,1,319,卖盘
394,14:23:35,3.2,--,206,65920,买盘
395,14:23:30,3.2,--,131,41920,买盘
396,14:23:25,3.2,--,646,206720,买盘
397,14:23:20,3.2,--,57,18240,买盘
398,14:23:15,3.2,--,201,64320,买盘
399,14:23:10,3.2,--,267,85440,买盘
400,14:23:05,3.2,--,432,138240,买盘
401,14:23:00,3.2,0.01,44,14080,买盘
402,14:22:55,3.19,--,1,319,卖盘
403,14:22:50,3.19,-0.01,296,94424,卖盘
404,14:22:45,3.2,--,495,158400,买盘
405,14:22:40,3.2,0.01,510,163200,买盘
406,14:22:35,3.19,-0.01,69,22011,卖盘
407,14:22:30,3.2,0.01,767,245440,买盘
408,14:22:20,3.19,-0.01,13,4147,卖盘
409,14:22:15,3.2,--,110,35200,买盘
410,14:22:10,3.2,--,260,83200,买盘
411,14:22:05,3.2,0.01,580,185600,买盘
412,14:22:00,3.19,--,339,108141,卖盘
413,14:21:50,3.19,-0.01,453,144507,卖盘
414,14:21:45,3.2,--,800,256000,买盘
415,14:21:40,3.2,0.01,70,22400,买盘
416,14:21:35,3.19,-0.01,200,63800,卖盘
417,14:21:25,3.2,0.01,1301,416320,买盘
418,14:21:20,3.19,--,2,638,卖盘
419,14:21:15,3.19,-0.01,1,319,卖盘
420,14:21:10,3.2,--,340,108800,买盘
421,14:21:05,3.2,0.01,1,320,买盘
422,14:21:00,3.19,--,3,957,卖盘
423,14:20:50,3.19,--,85,27115,卖盘
424,14:20:45,3.19,--,14,4466,卖盘
425,14:20:39,3.19,--,53,16907,卖盘
426,14:20:35,3.19,--,31,9889,卖盘
427,14:20:30,3.19,--,58,18502,卖盘
428,14:20:20,3.19,-0.01,6,1914,卖盘
429,14:20:15,3.2,--,2,640,买盘
430,14:20:09,3.2,--,78,24960,买盘
431,14:20:05,3.2,0.01,78,24960,买盘
432,14:20:00,3.19,-0.01,21,6699,卖盘
433,14:19:54,3.2,--,12,3840,买盘
434,14:19:50,3.2,--,7,2240,买盘
435,14:19:45,3.2,--,3,960,买盘
436,14:19:39,3.2,0.01,57,18240,买盘
437,14:19:35,3.19,-0.01,4,1276,卖盘
438,14:19:30,3.2,0.01,199,63680,买盘
439,14:19:24,3.19,--,6,1914,卖盘
440,14:19:20,3.19,-0.01,38,12122,卖盘
441,14:19:15,3.2,0.01,328,104960,买盘
442,14:19:09,3.19,-0.01,6,1914,卖盘
443,14:19:05,3.2,--,263,84160,买盘
444,14:19:00,3.2,--,205,65600,买盘
445,14:18:53,3.2,--,198,63360,买盘
446,14:18:50,3.2,--,1280,409600,买盘
447,14:18:44,3.2,0.01,198,63360,买盘
448,14:18:39,3.19,--,1326,422994,卖盘
449,14:18:35,3.19,-0.01,22,7018,卖盘
450,14:18:30,3.2,0.01,268,85760,买盘
451,14:18:24,3.19,--,1,319,卖盘
452,14:18:19,3.19,--,1,319,卖盘
453,14:18:15,3.19,-0.01,30,9570,卖盘
454,14:18:05,3.2,--,52,16640,买盘
455,14:17:50,3.2,0.01,121,38720,买盘
456,14:17:44,3.19,--,7,2233,卖盘
457,14:17:39,3.19,--,59,18821,卖盘
458,14:17:35,3.19,--,591,188529,卖盘
459,14:17:29,3.19,--,1,319,卖盘
460,14:17:23,3.19,--,88,28072,卖盘
461,14:17:19,3.19,--,122,38918,卖盘
462,14:17:14,3.19,--,61,19459,卖盘
463,14:17:09,3.19,-0.01,1,319,卖盘
464,14:17:04,3.2,0.01,6,1920,买盘
465,14:16:59,3.19,--,2,638,卖盘
466,14:16:53,3.19,--,39,12441,卖盘
467,14:16:38,3.19,--,53,16907,卖盘
468,14:16:34,3.19,--,1,319,卖盘
469,14:16:29,3.19,--,77,24563,卖盘
470,14:16:23,3.19,-0.01,49,15631,卖盘
471,14:16:19,3.2,--,49,15680,买盘
472,14:16:14,3.2,0.01,335,107200,买盘
473,14:16:08,3.19,-0.01,91,29029,卖盘
474,14:16:04,3.2,--,270,86400,买盘
475,14:15:53,3.2,0.01,1345,430400,买盘
476,14:15:44,3.19,-0.01,133,42427,卖盘
477,14:15:38,3.2,--,276,88320,买盘
478,14:15:34,3.2,--,1,320,买盘
479,14:15:29,3.2,0.01,1942,621440,买盘
480,14:15:23,3.19,-0.01,1,319,卖盘
481,14:15:19,3.2,--,198,63360,买盘
482,14:15:08,3.2,0.01,342,109440,买盘
483,14:15:04,3.19,--,52,16588,卖盘
484,14:14:59,3.19,--,191,60929,卖盘
485,14:14:53,3.19,-0.01,493,157267,卖盘
486,14:14:49,3.2,--,7,2240,买盘
487,14:14:44,3.2,--,20,6400,买盘
488,14:14:38,3.2,0.01,128,40960,买盘
489,14:14:34,3.19,--,263,83897,卖盘
490,14:14:29,3.19,-0.01,56,17864,卖盘
491,14:14:23,3.2,--,59,18880,买盘
492,14:14:14,3.2,--,1238,396160,买盘
493,14:14:08,3.2,--,2602,832640,买盘
494,14:14:04,3.2,--,130,41600,买盘
495,14:13:59,3.2,0.01,2614,836480,买盘
496,14:13:53,3.19,-0.01,4295,1370105,卖盘
497,14:13:47,3.2,0.01,673,215360,买盘
498,14:13:44,3.19,--,365,116435,卖盘
499,14:13:38,3.19,-0.01,55,17545,卖盘
500,14:13:33,3.2,--,240,76800,买盘
501,14:13:29,3.2,--,81,25920,买盘
502,14:13:23,3.2,0.01,299,95680,买盘
503,14:13:17,3.19,--,183,58377,卖盘
504,14:13:14,3.19,-0.01,1079,344201,卖盘
505,14:13:08,3.2,--,355,113600,买盘
506,14:13:02,3.2,--,1638,524160,买盘
507,14:12:59,3.2,0.01,92,29440,买盘
508,14:12:53,3.19,-0.01,231,73689,卖盘
509,14:12:44,3.2,--,645,206400,买盘
510,14:12:38,3.2,--,374,119680,买盘
511,14:12:32,3.2,0.01,481,153920,买盘
512,14:12:29,3.19,-0.01,70,22330,卖盘
513,14:12:23,3.2,0.01,131,41920,买盘
514,14:12:14,3.19,-0.01,483,154077,卖盘
515,14:12:08,3.2,0.01,289,92480,买盘
516,14:12:02,3.19,-0.01,1,319,卖盘
517,14:11:59,3.2,--,397,127040,买盘
518,14:11:53,3.2,--,1144,366080,买盘
519,14:11:47,3.2,--,66,21120,买盘
520,14:11:44,3.2,--,599,191680,买盘
521,14:11:38,3.2,--,73,23360,买盘
522,14:11:32,3.2,0.01,109,34880,买盘
523,14:11:29,3.19,-0.01,355,113245,卖盘
524,14:11:23,3.2,--,796,254720,买盘
525,14:11:17,3.2,--,180,57600,买盘
526,14:11:14,3.2,--,443,141760,买盘
527,14:11:08,3.2,--,165,52800,买盘
528,14:11:02,3.2,--,107,34240,买盘
529,14:10:58,3.2,--,459,146880,买盘
530,14:10:53,3.2,0.01,594,190080,买盘
531,14:10:47,3.19,--,42,13398,卖盘
532,14:10:43,3.19,-0.01,293,93467,卖盘
533,14:10:38,3.2,--,145,46400,买盘
534,14:10:32,3.2,--,26,8320,买盘
535,14:10:28,3.2,0.01,409,130880,买盘
536,14:10:23,3.19,-0.01,208,66352,卖盘
537,14:10:17,3.2,--,47,15040,买盘
538,14:10:13,3.2,--,697,223040,买盘
539,14:10:08,3.2,0.01,2302,736640,买盘
540,14:10:02,3.19,-0.01,3450,1100550,卖盘
541,14:09:58,3.2,--,606,193920,买盘
542,14:09:53,3.2,--,1209,386880,买盘
543,14:09:47,3.2,--,14,4480,买盘
544,14:09:43,3.2,--,128,40960,买盘
545,14:09:38,3.2,--,179,57280,买盘
546,14:09:32,3.2,--,150,48000,买盘
547,14:09:28,3.2,--,1624,519680,买盘
548,14:09:23,3.2,--,5216,1669120,买盘
549,14:09:17,3.2,0.01,3861,1235520,买盘
550,14:09:13,3.19,--,316,100804,卖盘
551,14:09:08,3.19,--,201,64119,卖盘
552,14:09:02,3.19,--,40,12760,卖盘
553,14:08:58,3.19,-0.01,604,192676,卖盘
554,14:08:53,3.2,--,461,147520,买盘
555,14:08:47,3.2,0.01,85,27200,买盘
556,14:08:38,3.19,-0.01,32,10208,卖盘
557,14:08:32,3.2,0.01,34,10880,买盘
558,14:08:28,3.19,-0.01,108,34452,卖盘
559,14:08:23,3.2,0.01,85,27200,买盘
560,14:08:17,3.19,-0.01,36,11484,卖盘
561,14:08:13,3.2,--,10,3200,买盘
562,14:08:08,3.2,--,190,60800,买盘
563,14:08:02,3.2,--,524,167680,买盘
564,14:07:58,3.2,--,26,8320,买盘
565,14:07:53,3.2,--,146,46720,买盘
566,14:07:47,3.2,--,308,98560,买盘
567,14:07:43,3.2,--,291,93120,买盘
568,14:07:38,3.2,--,90,28800,买盘
569,14:07:32,3.2,--,216,69120,买盘
570,14:07:28,3.2,--,11,3520,买盘
571,14:07:23,3.2,--,187,59840,买盘
572,14:07:17,3.2,--,232,74240,买盘
573,14:07:13,3.2,0.01,310,99200,买盘
574,14:07:08,3.19,-0.01,324,103356,卖盘
575,14:07:02,3.2,0.01,363,116160,买盘
576,14:06:57,3.19,-0.01,3,957,卖盘
577,14:06:53,3.2,--,117,37440,买盘
578,14:06:47,3.2,--,83,26560,买盘
579,14:06:42,3.2,--,9,2880,买盘
580,14:06:38,3.2,--,158,50560,买盘
581,14:06:32,3.2,--,471,150720,买盘
582,14:06:26,3.2,--,112,35840,买盘
583,14:06:23,3.2,--,442,141440,买盘
584,14:06:17,3.2,--,371,118720,买盘
585,14:06:11,3.2,--,25,8000,买盘
586,14:06:08,3.2,--,625,200000,买盘
587,14:06:02,3.2,--,1177,376640,买盘
588,14:05:56,3.2,--,2,640,买盘
589,14:05:53,3.2,--,51,16320,买盘
590,14:05:47,3.2,--,251,80320,买盘
591,14:05:41,3.2,--,539,172480,买盘
592,14:05:38,3.2,0.01,64,20480,买盘
593,14:05:32,3.19,-0.01,192,61248,卖盘
594,14:05:26,3.2,--,27,8640,买盘
595,14:05:23,3.2,--,427,136640,买盘
596,14:05:17,3.2,--,206,65920,买盘
597,14:05:11,3.2,0.01,61,19520,买盘
598,14:05:08,3.19,-0.01,308,98252,卖盘
599,14:05:02,3.2,0.01,2,640,买盘
600,14:04:56,3.19,-0.01,3,957,卖盘
601,14:04:53,3.2,0.01,10,3200,买盘
602,14:04:47,3.19,-0.01,93,29667,卖盘
603,14:04:41,3.2,0.01,1,320,买盘
604,14:04:38,3.19,-0.01,53,16907,卖盘
605,14:04:32,3.2,0.01,4,1280,买盘
606,14:04:26,3.19,-0.01,2,638,卖盘
607,14:04:23,3.2,--,337,107840,买盘
608,14:04:17,3.2,--,375,120000,买盘
609,14:04:11,3.2,--,28,8960,买盘
610,14:04:07,3.2,0.01,334,106880,买盘
611,14:04:02,3.19,-0.01,14,4466,卖盘
612,14:03:56,3.2,--,8,2560,买盘
613,14:03:52,3.2,--,20,6400,买盘
614,14:03:47,3.2,0.01,167,53440,买盘
615,14:03:41,3.19,-0.01,280,89320,卖盘
616,14:03:38,3.2,--,49,15680,买盘
617,14:03:32,3.2,0.01,450,144000,买盘
618,14:03:26,3.19,--,56,17864,卖盘
619,14:03:22,3.19,-0.01,27,8613,卖盘
620,14:03:17,3.2,0.01,152,48640,买盘
621,14:03:11,3.19,-0.01,88,28072,卖盘
622,14:03:07,3.2,--,222,71040,买盘
623,14:02:56,3.2,--,1165,372800,买盘
624,14:02:52,3.2,--,326,104320,买盘
625,14:02:47,3.2,--,135,43200,买盘
626,14:02:41,3.2,--,4,1280,买盘
627,14:02:37,3.2,0.01,438,140160,买盘
628,14:02:32,3.19,-0.01,527,168113,卖盘
629,14:02:26,3.2,--,95,30400,买盘
630,14:02:22,3.2,--,264,84480,买盘
631,14:02:17,3.2,--,565,180800,买盘
632,14:02:11,3.2,--,23,7360,买盘
633,14:02:07,3.2,--,213,68160,买盘
634,14:02:02,3.2,--,220,70400,买盘
635,14:01:56,3.2,--,10,3200,买盘
636,14:01:52,3.2,--,1189,380480,买盘
637,14:01:47,3.2,--,141,45120,买盘
638,14:01:41,3.2,0.01,127,40640,买盘
639,14:01:22,3.19,-0.01,8,2552,卖盘
640,14:01:17,3.2,0.01,321,102720,买盘
641,14:01:11,3.19,-0.01,64,20416,卖盘
642,14:01:07,3.2,0.01,352,112640,买盘
643,14:01:02,3.19,--,20,6380,卖盘
644,14:00:56,3.19,-0.01,1,319,卖盘
645,14:00:52,3.2,--,74,23680,买盘
646,14:00:47,3.2,--,928,296960,买盘
647,14:00:41,3.2,0.01,1,320,买盘
648,14:00:37,3.19,-0.01,13,4147,卖盘
649,14:00:32,3.2,0.01,77,24640,买盘
650,14:00:26,3.19,--,8,2552,卖盘
651,14:00:22,3.19,-0.01,1,319,卖盘
652,14:00:17,3.2,--,28,8960,买盘
653,14:00:11,3.2,0.01,264,84480,买盘
654,14:00:07,3.19,--,1,319,卖盘
655,14:00:02,3.19,--,1,319,卖盘
656,13:59:47,3.19,-0.01,2,638,卖盘
657,13:59:41,3.2,--,39,12480,买盘
658,13:59:32,3.2,--,46,14720,买盘
659,13:59:26,3.2,--,7,2240,买盘
660,13:59:20,3.2,--,70,22400,买盘
661,13:59:17,3.2,--,129,41280,买盘
662,13:59:11,3.2,--,1,320,买盘
663,13:59:05,3.2,--,12,3840,买盘
664,13:58:56,3.2,0.01,9,2880,买盘
665,13:58:50,3.19,--,170,54230,卖盘
666,13:58:47,3.19,--,1,319,卖盘
667,13:58:41,3.19,--,1,319,卖盘
668,13:58:35,3.19,-0.01,2,638,卖盘
669,13:58:32,3.2,0.01,56,17920,买盘
670,13:58:26,3.19,-0.01,154,49126,卖盘
671,13:58:20,3.2,--,2,640,买盘
672,13:58:17,3.2,--,42,13440,买盘
673,13:58:11,3.2,--,338,108160,买盘
674,13:58:05,3.2,--,170,54400,买盘
675,13:58:02,3.2,--,143,45760,买盘
676,13:57:56,3.2,0.01,252,80640,买盘
677,13:57:47,3.19,-0.01,12,3828,卖盘
678,13:57:41,3.2,--,106,33920,买盘
679,13:57:35,3.2,--,51,16320,买盘
680,13:57:31,3.2,0.01,33,10560,买盘
681,13:57:26,3.19,--,415,132385,卖盘
682,13:57:20,3.19,--,1,319,卖盘
683,13:57:17,3.19,-0.01,5,1595,卖盘
684,13:57:11,3.2,--,2,640,买盘
685,13:57:05,3.2,--,300,96000,买盘
686,13:57:01,3.2,0.01,2,640,买盘
687,13:56:56,3.19,-0.01,394,125686,卖盘
688,13:56:50,3.2,0.01,208,66560,买盘
689,13:56:46,3.19,-0.01,4,1276,卖盘
690,13:56:41,3.2,--,313,100160,买盘
691,13:56:35,3.2,--,174,55680,买盘
692,13:56:31,3.2,0.01,1982,634240,买盘
693,13:56:26,3.19,-0.01,388,123772,卖盘
694,13:56:16,3.2,--,34,10880,买盘
695,13:56:11,3.2,0.01,300,96000,买盘
696,13:55:56,3.19,-0.01,297,94743,卖盘
697,13:55:46,3.2,--,634,202880,买盘
698,13:55:41,3.2,--,264,84480,买盘
699,13:55:35,3.2,--,271,86720,买盘
700,13:55:31,3.2,0.01,5,1600,买盘
701,13:55:26,3.19,--,355,113245,卖盘
702,13:55:20,3.19,--,10,3190,卖盘
703,13:55:16,3.19,-0.01,1,319,卖盘
704,13:55:11,3.2,--,488,156160,买盘
705,13:55:05,3.2,0.01,1,320,买盘
706,13:55:01,3.19,--,2660,848540,卖盘
707,13:54:56,3.19,-0.01,109,34771,卖盘
708,13:54:50,3.2,0.01,208,66560,买盘
709,13:54:46,3.19,--,16,5104,卖盘
710,13:54:35,3.19,-0.01,43,13717,卖盘
711,13:54:31,3.2,0.01,491,157120,买盘
712,13:54:26,3.19,-0.01,100,31900,卖盘
713,13:54:20,3.2,--,1,320,买盘
714,13:54:16,3.2,--,270,86400,买盘
715,13:54:11,3.2,0.01,335,107200,买盘
716,13:54:05,3.19,--,1,319,卖盘
717,13:54:01,3.19,--,1,319,卖盘
718,13:53:56,3.19,-0.01,1,319,卖盘
719,13:53:50,3.2,--,140,44800,买盘
720,13:53:46,3.2,0.01,200,64000,买盘
721,13:53:41,3.19,--,2,638,卖盘
722,13:53:35,3.19,-0.01,1,319,卖盘
723,13:53:31,3.2,0.01,11,3520,买盘
724,13:53:26,3.19,--,101,32219,卖盘
725,13:53:20,3.19,-0.01,88,28072,卖盘
726,13:53:16,3.2,0.01,84,26880,买盘
727,13:53:11,3.19,-0.01,11,3509,卖盘
728,13:53:05,3.2,0.01,12,3840,买盘
729,13:53:01,3.19,-0.01,16,5104,卖盘
730,13:52:56,3.2,--,624,199680,买盘
731,13:52:50,3.2,0.01,1170,374400,买盘
732,13:52:46,3.19,--,342,109098,卖盘
733,13:52:41,3.19,--,2,638,卖盘
734,13:52:30,3.19,--,341,108779,卖盘
735,13:52:26,3.19,--,3,957,卖盘
736,13:52:16,3.19,-0.01,9,2871,卖盘
737,13:52:10,3.2,--,58,18560,买盘
738,13:52:05,3.2,0.01,68,21760,买盘
739,13:51:56,3.19,--,1,319,卖盘
740,13:51:50,3.19,-0.01,1,319,卖盘
741,13:51:44,3.2,0.01,10,3200,买盘
742,13:51:35,3.19,--,1,319,卖盘
743,13:51:29,3.19,--,1,319,卖盘
744,13:51:20,3.19,-0.01,6,1914,卖盘
745,13:51:10,3.2,--,4,1280,买盘
746,13:51:05,3.2,--,242,77440,买盘
747,13:50:59,3.2,--,9,2880,买盘
748,13:50:55,3.2,0.01,1062,339840,买盘
749,13:50:50,3.19,--,1,319,卖盘
750,13:50:40,3.19,--,66,21054,卖盘
751,13:50:35,3.19,-0.01,11,3509,卖盘
752,13:50:25,3.2,--,14,4480,买盘
753,13:50:20,3.2,0.01,2,640,买盘
754,13:50:14,3.19,--,1,319,卖盘
755,13:50:10,3.19,-0.01,28,8932,卖盘
756,13:50:05,3.2,--,25,8000,买盘
757,13:49:59,3.2,0.01,50,16000,买盘
758,13:49:55,3.19,--,370,118030,卖盘
759,13:49:50,3.19,-0.01,12,3828,卖盘
760,13:49:44,3.2,0.01,419,134080,买盘
761,13:49:40,3.19,--,10,3190,卖盘
762,13:49:35,3.19,--,12,3828,卖盘
763,13:49:29,3.19,-0.01,394,125686,卖盘
764,13:49:20,3.2,0.01,413,132160,买盘
765,13:49:14,3.19,--,1148,366212,卖盘
766,13:49:10,3.19,--,275,87725,卖盘
767,13:49:05,3.19,--,1,319,卖盘
768,13:48:55,3.19,--,52,16588,卖盘
769,13:48:50,3.19,-0.01,13,4147,卖盘
770,13:48:44,3.2,0.01,265,84800,买盘
771,13:48:40,3.19,-0.01,70,22330,卖盘
772,13:48:35,3.2,0.01,173,55360,买盘
773,13:48:29,3.19,--,102,32538,卖盘
774,13:48:20,3.19,-0.01,5,1595,卖盘
775,13:48:14,3.2,--,196,62720,买盘
776,13:48:10,3.2,--,17,5440,买盘
777,13:48:05,3.2,--,101,32320,买盘
778,13:47:55,3.2,0.01,5,1600,买盘
779,13:47:50,3.19,--,7,2233,卖盘
780,13:47:44,3.19,-0.01,1,319,卖盘
781,13:47:35,3.2,--,1,320,买盘
782,13:47:29,3.2,0.01,214,68480,买盘
783,13:47:25,3.19,-0.01,5,1595,卖盘
784,13:47:20,3.2,--,90,28800,买盘
785,13:47:14,3.2,--,1,320,买盘
786,13:47:10,3.2,0.01,1552,496640,买盘
787,13:47:05,3.19,--,549,175131,卖盘
788,13:46:59,3.19,-0.01,10,3190,卖盘
789,13:46:55,3.2,0.01,402,128640,买盘
790,13:46:50,3.19,-0.01,34,10846,卖盘
791,13:46:44,3.2,--,402,128640,买盘
792,13:46:40,3.2,--,126,40320,买盘
793,13:46:35,3.2,0.01,15,4800,买盘
794,13:46:29,3.19,--,100,31900,卖盘
795,13:46:25,3.19,-0.01,96,30624,卖盘
796,13:46:20,3.2,--,888,284160,买盘
797,13:46:14,3.2,--,348,111360,买盘
798,13:46:10,3.2,--,106,33920,买盘
799,13:46:05,3.2,--,403,128960,买盘
800,13:45:59,3.2,--,18,5760,买盘
801,13:45:55,3.2,0.01,572,183040,买盘
802,13:45:50,3.19,-0.01,370,118030,卖盘
803,13:45:44,3.2,--,46,14720,买盘
804,13:45:40,3.2,--,512,163840,买盘
805,13:45:35,3.2,--,3949,1263680,买盘
806,13:45:29,3.2,--,237,75840,买盘
807,13:45:25,3.2,--,1376,440320,买盘
808,13:45:20,3.2,--,947,303040,买盘
809,13:45:14,3.2,--,35,11200,买盘
810,13:45:10,3.2,--,463,148160,买盘
811,13:45:05,3.2,--,592,189440,买盘
812,13:44:59,3.2,--,911,291520,买盘
813,13:44:55,3.2,0.01,1019,326080,买盘
814,13:44:50,3.19,-0.01,200,63800,卖盘
815,13:44:40,3.2,--,863,276160,买盘
816,13:44:35,3.2,--,28,8960,买盘
817,13:44:29,3.2,--,130,41600,买盘
818,13:44:25,3.2,--,390,124800,买盘
819,13:44:20,3.2,--,186,59520,买盘
820,13:44:14,3.2,--,684,218880,买盘
821,13:44:10,3.2,0.01,484,154880,买盘
822,13:44:05,3.19,-0.01,848,270512,卖盘
823,13:43:59,3.2,0.01,449,143680,买盘
824,13:43:53,3.19,-0.01,346,110374,卖盘
825,13:43:50,3.2,--,3644,1166080,买盘
826,13:43:44,3.2,--,386,123520,买盘
827,13:43:38,3.2,--,198,63360,买盘
828,13:43:34,3.2,--,879,281280,买盘
829,13:43:29,3.2,--,1291,413120,买盘
830,13:43:23,3.2,--,130,41600,买盘
831,13:43:19,3.2,0.01,1910,611200,买盘
832,13:43:14,3.19,-0.01,1154,368126,卖盘
833,13:43:08,3.2,--,685,219200,买盘
834,13:43:04,3.2,0.01,271,86720,买盘
835,13:42:59,3.19,--,39999,12759776,卖盘
836,13:42:53,3.19,-0.01,396,126324,卖盘
837,13:42:49,3.2,0.01,369,118080,买盘
838,13:42:44,3.19,--,423,134937,卖盘
839,13:42:38,3.19,--,6,1914,卖盘
840,13:42:34,3.19,-0.01,1,319,卖盘
841,13:42:29,3.2,0.01,131,41920,买盘
842,13:42:23,3.19,--,1,319,卖盘
843,13:42:19,3.19,--,33,10527,卖盘
844,13:42:14,3.19,--,43,13717,卖盘
845,13:42:08,3.19,-0.01,158,50402,卖盘
846,13:42:04,3.2,0.01,708,226560,买盘
847,13:41:59,3.19,--,219,69861,卖盘
848,13:41:53,3.19,--,170,54230,卖盘
849,13:41:49,3.19,--,71,22649,卖盘
850,13:41:44,3.19,--,202,64438,卖盘
851,13:41:38,3.19,-0.01,89,28391,卖盘
852,13:41:34,3.2,0.01,832,266240,买盘
853,13:41:29,3.19,-0.01,3,957,卖盘
854,13:41:23,3.2,0.01,289,92480,买盘
855,13:41:19,3.19,--,14,4466,卖盘
856,13:41:14,3.19,-0.01,784,250096,卖盘
857,13:41:04,3.2,0.01,260,83200,买盘
858,13:40:59,3.19,-0.01,885,282315,卖盘
859,13:40:44,3.2,0.01,128,40960,买盘
860,13:40:38,3.19,--,12,3828,卖盘
861,13:40:29,3.19,-0.01,5,1595,卖盘
862,13:40:23,3.2,0.01,4,1280,买盘
863,13:40:19,3.19,--,595,189805,卖盘
864,13:40:14,3.19,--,1,319,卖盘
865,13:40:08,3.19,-0.01,1,319,卖盘
866,13:40:04,3.2,0.01,685,219200,买盘
867,13:39:59,3.19,--,842,268598,卖盘
868,13:39:53,3.19,--,1,319,卖盘
869,13:39:49,3.19,-0.01,27,8613,卖盘
870,13:39:44,3.2,0.01,72,23040,买盘
871,13:39:38,3.19,--,30,9570,卖盘
872,13:39:34,3.19,--,218,69542,卖盘
873,13:39:29,3.19,--,27,8613,卖盘
874,13:39:23,3.19,--,31,9889,卖盘
875,13:39:19,3.19,--,3361,1072159,卖盘
876,13:39:14,3.19,--,50,15950,卖盘
877,13:38:59,3.19,--,14,4466,卖盘
878,13:38:49,3.19,--,26,8294,卖盘
879,13:38:44,3.19,--,150,47850,卖盘
880,13:38:38,3.19,--,3,957,卖盘
881,13:38:34,3.19,-0.01,13,4147,卖盘
882,13:38:29,3.2,--,83,26560,买盘
883,13:38:23,3.2,0.01,159,50880,买盘
884,13:38:19,3.19,-0.01,4076,1300244,卖盘
885,13:38:14,3.2,--,8,2560,买盘
886,13:38:08,3.2,0.01,685,219200,买盘
887,13:38:04,3.19,-0.01,13,4147,卖盘
888,13:37:59,3.2,0.01,1002,320640,买盘
889,13:37:53,3.19,--,1,319,卖盘
890,13:37:49,3.19,--,228,72732,卖盘
891,13:37:44,3.19,-0.01,99,31581,卖盘
892,13:37:38,3.2,0.01,100,32000,买盘
893,13:37:33,3.19,-0.01,56,17864,卖盘
894,13:37:29,3.2,--,104,33280,买盘
895,13:37:23,3.2,0.01,4,1280,买盘
896,13:37:19,3.19,-0.01,106,33814,卖盘
897,13:37:13,3.2,0.01,464,148480,买盘
898,13:37:08,3.19,-0.01,14,4466,卖盘
899,13:37:04,3.2,--,692,221440,买盘
900,13:36:59,3.2,--,213,68160,买盘
901,13:36:53,3.2,0.01,5,1600,买盘
902,13:36:47,3.19,-0.01,3,957,卖盘
903,13:36:43,3.2,--,211,67520,买盘
904,13:36:28,3.2,--,161,51520,买盘
905,13:36:23,3.2,0.01,165,52800,买盘
906,13:36:17,3.19,--,121,38599,卖盘
907,13:36:13,3.19,-0.01,203,64757,卖盘
908,13:36:08,3.2,0.01,241,77120,买盘
909,13:36:02,3.19,--,78,24882,卖盘
910,13:35:58,3.19,-0.01,559,178321,卖盘
911,13:35:53,3.2,0.01,443,141760,买盘
912,13:35:47,3.19,--,90,28710,卖盘
913,13:35:43,3.19,-0.01,500,159500,卖盘
914,13:35:38,3.2,--,3,960,买盘
915,13:35:32,3.2,--,270,86400,买盘
916,13:35:28,3.2,--,329,105280,买盘
917,13:35:17,3.2,--,112,35840,买盘
918,13:35:13,3.2,0.01,1078,344960,买盘
919,13:35:08,3.19,--,132,42108,卖盘
920,13:35:02,3.19,-0.01,1,319,卖盘
921,13:34:58,3.2,--,100,32000,买盘
922,13:34:47,3.2,--,11,3520,买盘
923,13:34:38,3.2,--,5700,1824000,买盘
924,13:34:32,3.2,-0.01,35339,11308480,卖盘
925,13:34:28,3.21,--,92,29532,买盘
926,13:34:23,3.21,--,432,138672,买盘
927,13:34:17,3.21,--,4,1284,买盘
928,13:34:13,3.21,0.01,559,179439,买盘
929,13:34:08,3.2,--,835,267200,卖盘
930,13:34:02,3.2,-0.01,1,320,卖盘
931,13:33:58,3.21,--,28,8988,买盘
932,13:33:53,3.21,0.01,323,103683,买盘
933,13:33:47,3.2,-0.01,14,4480,卖盘
934,13:33:43,3.21,--,465,149265,买盘
935,13:33:38,3.21,--,716,229836,买盘
936,13:33:32,3.21,0.01,32,10272,买盘
937,13:33:28,3.2,-0.01,377,120640,卖盘
938,13:33:23,3.21,--,48,15408,买盘
939,13:33:17,3.21,--,261,83781,买盘
940,13:33:13,3.21,0.01,197,63237,买盘
941,13:33:08,3.2,--,411,131520,卖盘
942,13:33:02,3.2,--,103,32960,卖盘
943,13:32:58,3.2,-0.01,49,15680,卖盘
944,13:32:53,3.21,--,411,131931,买盘
945,13:32:43,3.21,--,495,158895,买盘
946,13:32:38,3.21,0.01,98,31458,买盘
947,13:32:31,3.2,-0.01,261,83520,卖盘
948,13:32:28,3.21,0.01,3612,1159452,买盘
949,13:32:23,3.2,-0.01,222,71040,卖盘
950,13:32:17,3.21,--,8,2568,买盘
951,13:32:13,3.21,0.01,1040,333840,买盘
952,13:32:08,3.2,--,135,43200,卖盘
953,13:32:01,3.2,-0.01,365,116800,卖盘
954,13:31:58,3.21,--,425,136425,买盘
955,13:31:53,3.21,0.01,290,93090,买盘
956,13:31:47,3.2,--,428,136960,卖盘
957,13:31:43,3.2,--,2,640,卖盘
958,13:31:38,3.2,--,295,94400,卖盘
959,13:31:32,3.2,-0.01,946,302720,卖盘
960,13:31:28,3.21,--,4250,1364250,买盘
961,13:31:23,3.21,--,73,23433,买盘
962,13:31:17,3.21,0.01,509,163389,买盘
963,13:31:13,3.2,-0.01,1016,325120,卖盘
964,13:31:07,3.21,0.01,768,246528,买盘
965,13:31:02,3.2,--,50,16000,卖盘
966,13:30:58,3.2,-0.01,5,1600,卖盘
967,13:30:53,3.21,0.01,1,321,买盘
968,13:30:47,3.2,--,77,24640,卖盘
969,13:30:43,3.2,--,425,136000,卖盘
970,13:30:38,3.2,--,2141,685120,卖盘
971,13:30:32,3.2,--,60,19200,卖盘
972,13:30:27,3.2,--,23,7360,卖盘
973,13:30:23,3.2,--,1045,334400,卖盘
974,13:30:17,3.2,--,274,87680,卖盘
975,13:30:12,3.2,--,1263,404160,卖盘
976,13:30:08,3.2,--,25,8000,卖盘
977,13:30:02,3.2,--,257,82240,卖盘
978,13:29:56,3.2,--,108,34560,卖盘
979,13:29:52,3.2,-0.01,177,56640,卖盘
980,13:29:47,3.21,0.01,16,5136,买盘
981,13:29:41,3.2,--,656,209920,卖盘
982,13:29:37,3.2,--,4776,1528320,卖盘
983,13:29:32,3.2,--,484,154880,卖盘
984,13:29:26,3.2,--,1025,328000,卖盘
985,13:29:22,3.2,--,54,17280,卖盘
986,13:29:17,3.2,--,2,640,卖盘
987,13:29:07,3.2,--,1616,517120,卖盘
988,13:29:02,3.2,--,68,21760,卖盘
989,13:28:56,3.2,--,605,193600,卖盘
990,13:28:52,3.2,--,953,304960,卖盘
991,13:28:47,3.2,-0.01,60,19200,卖盘
992,13:28:41,3.21,0.01,371,119091,买盘
993,13:28:37,3.2,--,32,10240,卖盘
994,13:28:32,3.2,--,172,55040,卖盘
995,13:28:26,3.2,--,504,161280,卖盘
996,13:28:22,3.2,--,162,51840,卖盘
997,13:28:17,3.2,--,132,42240,卖盘
998,13:28:11,3.2,-0.01,1006,321920,卖盘
999,13:28:07,3.21,0.01,294,94374,买盘
1000,13:28:02,3.2,--,1906,609920,卖盘
1001,13:27:56,3.2,--,7,2240,卖盘
1002,13:27:52,3.2,-0.01,576,184320,卖盘
1003,13:27:47,3.21,0.01,341,109461,买盘
1004,13:27:41,3.2,--,158,50560,卖盘
1005,13:27:31,3.2,--,176,56320,卖盘
1006,13:27:22,3.2,-0.01,55,17600,卖盘
1007,13:27:17,3.21,0.01,635,203835,买盘
1008,13:27:10,3.2,--,2969,950080,卖盘
1009,13:27:07,3.2,-0.01,853,272960,卖盘
1010,13:27:02,3.21,0.01,1012,324852,买盘
1011,13:26:56,3.2,--,8,2560,卖盘
1012,13:26:52,3.2,-0.01,56,17920,卖盘
1013,13:26:47,3.21,0.01,201,64521,买盘
1014,13:26:40,3.2,--,87,27840,卖盘
1015,13:26:31,3.2,--,95,30400,卖盘
1016,13:26:26,3.2,--,612,195840,卖盘
1017,13:26:22,3.2,--,260,83200,卖盘
1018,13:26:10,3.2,--,14,4480,卖盘
1019,13:26:01,3.2,--,65,20800,卖盘
1020,13:25:55,3.2,--,10,3200,卖盘
1021,13:25:46,3.2,--,136,43520,卖盘
1022,13:25:37,3.2,--,37,11840,卖盘
1023,13:25:31,3.2,--,20,6400,卖盘
1024,13:25:25,3.2,-0.01,1,320,卖盘
1025,13:25:22,3.21,0.01,169,54249,买盘
1026,13:25:16,3.2,-0.01,13,4160,卖盘
1027,13:25:10,3.21,--,608,195168,买盘
1028,13:25:07,3.21,--,1285,412485,买盘
1029,13:25:01,3.21,0.01,104,33384,买盘
1030,13:24:55,3.2,--,91,29120,卖盘
1031,13:24:51,3.2,--,43,13760,卖盘
1032,13:24:46,3.2,--,1,320,卖盘
1033,13:24:40,3.2,--,2,640,卖盘
1034,13:24:31,3.2,--,27,8640,卖盘
1035,13:24:21,3.2,--,238,76160,卖盘
1036,13:24:16,3.2,--,1,320,卖盘
1037,13:24:10,3.2,--,30,9600,卖盘
1038,13:24:07,3.2,--,1125,360000,卖盘
1039,13:24:01,3.2,--,40,12800,卖盘
1040,13:23:51,3.2,--,1,320,卖盘
1041,13:23:46,3.2,-0.01,70,22400,卖盘
1042,13:23:40,3.21,--,11,3531,买盘
1043,13:23:37,3.21,0.01,4,1284,买盘
1044,13:23:31,3.2,-0.01,101,32320,卖盘
1045,13:23:25,3.21,0.01,144,46224,买盘
1046,13:23:20,3.2,--,91,29120,卖盘
1047,13:23:10,3.2,-0.01,915,292800,卖盘
1048,13:23:07,3.21,0.01,114,36594,买盘
1049,13:23:01,3.2,--,70,22400,卖盘
1050,13:22:55,3.2,-0.01,942,301440,卖盘
1051,13:22:49,3.21,--,247,79287,买盘
1052,13:22:46,3.21,0.01,3363,1079523,买盘
1053,13:22:40,3.2,--,204,65280,卖盘
1054,13:22:34,3.2,--,1,320,卖盘
1055,13:22:31,3.2,--,26,8320,卖盘
1056,13:22:25,3.2,--,1,320,卖盘
1057,13:22:16,3.2,-0.01,194,62080,卖盘
1058,13:22:10,3.21,--,115,36915,买盘
1059,13:22:04,3.21,0.01,804,258084,买盘
1060,13:22:01,3.2,--,66,21120,卖盘
1061,13:21:55,3.2,--,60,19200,卖盘
1062,13:21:49,3.2,-0.01,1225,392000,卖盘
1063,13:21:46,3.21,--,24,7704,买盘
1064,13:21:40,3.21,--,1456,467376,买盘
1065,13:21:34,3.21,0.01,18,5778,买盘
1066,13:21:31,3.2,-0.01,104,33280,卖盘
1067,13:21:25,3.21,--,328,105288,买盘
1068,13:21:19,3.21,0.01,328,105288,买盘
1069,13:21:16,3.2,-0.01,108,34560,卖盘
1070,13:21:10,3.21,0.01,192,61632,买盘
1071,13:21:04,3.2,--,718,229760,卖盘
1072,13:21:01,3.2,--,121,38720,卖盘
1073,13:20:49,3.2,-0.01,5,1600,卖盘
1074,13:20:46,3.21,0.01,50,16050,买盘
1075,13:20:40,3.2,--,174,55680,卖盘
1076,13:20:31,3.2,-0.01,606,193920,卖盘
1077,13:20:25,3.21,--,568,182328,买盘
1078,13:20:16,3.21,--,22,7062,买盘
1079,13:20:10,3.21,0.01,1001,321321,买盘
1080,13:20:04,3.2,--,9,2880,卖盘
1081,13:19:55,3.2,-0.01,45,14400,卖盘
1082,13:19:49,3.21,0.01,152,48792,买盘
1083,13:19:46,3.2,--,80,25600,卖盘
1084,13:19:40,3.2,--,13,4160,卖盘
1085,13:19:31,3.2,--,1,320,卖盘
1086,13:19:25,3.2,-0.01,7,2240,卖盘
1087,13:19:19,3.21,--,60,19260,买盘
1088,13:19:16,3.21,0.01,30,9630,买盘
1089,13:19:10,3.2,--,688,220160,卖盘
1090,13:19:04,3.2,--,401,128320,卖盘
1091,13:18:55,3.2,--,2,640,卖盘
1092,13:18:49,3.2,--,38,12160,卖盘
1093,13:18:46,3.2,-0.01,200,64000,卖盘
1094,13:18:40,3.21,0.01,2,642,买盘
1095,13:18:25,3.2,--,200,64000,卖盘
1096,13:18:19,3.2,--,250,80000,卖盘
1097,13:18:16,3.2,--,330,105600,卖盘
1098,13:18:10,3.2,-0.01,715,228800,卖盘
1099,13:18:00,3.21,0.01,73,23433,买盘
1100,13:17:55,3.2,--,47,15040,卖盘
1101,13:17:45,3.2,--,8,2560,卖盘
1102,13:17:40,3.2,-0.01,1,320,卖盘
1103,13:17:34,3.21,--,13,4173,买盘
1104,13:17:30,3.21,0.01,1,321,买盘
1105,13:17:25,3.2,--,1,320,卖盘
1106,13:17:19,3.2,-0.01,5,1600,卖盘
1107,13:17:15,3.21,--,94,30174,买盘
1108,13:17:10,3.21,--,343,110103,买盘
1109,13:17:00,3.21,0.01,110,35310,买盘
1110,13:16:55,3.2,--,123,39360,卖盘
1111,13:16:49,3.2,--,102,32640,卖盘
1112,13:16:45,3.2,--,139,44480,卖盘
1113,13:16:40,3.2,--,645,206400,卖盘
1114,13:16:34,3.2,-0.01,207,66240,卖盘
1115,13:16:30,3.21,--,3399,1091079,买盘
1116,13:16:25,3.21,0.01,2,642,买盘
1117,13:16:15,3.2,-0.01,7,2240,卖盘
1118,13:16:10,3.21,0.01,2394,768576,买盘
1119,13:16:04,3.2,-0.01,3,960,卖盘
1120,13:16:00,3.21,--,1873,601239,买盘
1121,13:15:55,3.21,0.01,604,193884,买盘
1122,13:15:49,3.2,-0.01,1250,400000,卖盘
1123,13:15:43,3.21,0.01,154,49434,买盘
1124,13:15:40,3.2,-0.01,80,25600,卖盘
1125,13:15:34,3.21,0.01,45,14445,买盘
1126,13:15:28,3.2,--,1,320,卖盘
1127,13:15:25,3.2,-0.01,24,7680,卖盘
1128,13:15:19,3.21,0.01,21,6741,买盘
1129,13:15:10,3.2,--,23,7360,卖盘
1130,13:15:04,3.2,-0.01,2,640,卖盘
1131,13:14:58,3.21,--,344,110424,买盘
1132,13:14:55,3.21,0.01,74,23754,买盘
1133,13:14:49,3.2,--,3,960,卖盘
1134,13:14:43,3.2,--,10,3200,卖盘
1135,13:14:40,3.2,--,26,8320,卖盘
1136,13:14:34,3.2,-0.01,214,68480,卖盘
1137,13:14:25,3.21,0.01,59,18939,买盘
1138,13:14:19,3.2,--,26,8320,卖盘
1139,13:14:10,3.2,--,212,67840,卖盘
1140,13:14:04,3.2,--,2,640,卖盘
1141,13:13:58,3.2,-0.01,62,19840,卖盘
1142,13:13:55,3.21,--,3,963,买盘
1143,13:13:49,3.21,--,10,3210,买盘
1144,13:13:40,3.21,0.01,5,1605,买盘
1145,13:13:34,3.2,--,5,1600,卖盘
1146,13:13:28,3.2,--,5,1600,卖盘
1147,13:13:25,3.2,--,13,4160,卖盘
1148,13:13:19,3.2,-0.01,636,203520,卖盘
1149,13:13:13,3.21,0.01,88,28248,买盘
1150,13:13:10,3.2,--,56,17920,卖盘
1151,13:13:04,3.2,-0.01,23,7360,卖盘
1152,13:12:58,3.21,--,3,963,买盘
1153,13:12:55,3.21,0.01,3,963,买盘
1154,13:12:49,3.2,--,393,125760,卖盘
1155,13:12:43,3.2,--,3,960,卖盘
1156,13:12:40,3.2,--,150,48000,卖盘
1157,13:12:34,3.2,--,140,44800,卖盘
1158,13:12:28,3.2,--,1,320,卖盘
1159,13:12:25,3.2,--,104,33280,卖盘
1160,13:12:19,3.2,--,608,194560,卖盘
1161,13:12:13,3.2,-0.01,1,320,卖盘
1162,13:12:10,3.21,0.01,3360,1078560,买盘
1163,13:12:04,3.2,-0.01,90,28800,卖盘
1164,13:11:58,3.21,0.01,58,18618,买盘
1165,13:11:55,3.2,--,16,5120,卖盘
1166,13:11:43,3.2,--,20,6400,卖盘
1167,13:11:39,3.2,--,16,5120,卖盘
1168,13:11:34,3.2,--,67,21440,卖盘
1169,13:11:24,3.2,--,472,151040,卖盘
1170,13:11:19,3.2,--,254,81280,卖盘
1171,13:11:04,3.2,-0.01,50,16000,卖盘
1172,13:10:58,3.21,0.01,584,187464,买盘
1173,13:10:54,3.2,-0.01,104,33280,卖盘
1174,13:10:49,3.21,--,899,288579,买盘
1175,13:10:43,3.21,0.01,58,18618,买盘
1176,13:10:39,3.2,--,1856,593920,卖盘
1177,13:10:24,3.2,--,335,107200,卖盘
1178,13:10:19,3.2,-0.01,1,320,卖盘
1179,13:10:09,3.21,--,10,3210,买盘
1180,13:10:04,3.21,0.01,188,60348,买盘
1181,13:09:58,3.2,-0.01,8,2560,卖盘
1182,13:09:54,3.21,0.01,159,51039,买盘
1183,13:09:49,3.2,--,10,3200,卖盘
1184,13:09:43,3.2,--,201,64320,卖盘
1185,13:09:39,3.2,-0.01,181,57920,卖盘
1186,13:09:34,3.21,0.01,156,50076,买盘
1187,13:09:28,3.2,-0.01,140,44800,卖盘
1188,13:09:24,3.21,0.01,392,125832,买盘
1189,13:09:19,3.2,-0.01,61,19520,卖盘
1190,13:09:04,3.21,0.01,44,14124,买盘
1191,13:08:58,3.2,--,36,11520,卖盘
1192,13:08:52,3.2,--,5,1600,卖盘
1193,13:08:49,3.2,--,86,27520,卖盘
1194,13:08:43,3.2,--,21,6720,卖盘
1195,13:08:28,3.2,-0.01,3,960,卖盘
1196,13:08:22,3.21,0.01,604,193884,买盘
1197,13:08:19,3.2,--,44,14080,卖盘
1198,13:08:13,3.2,--,74,23680,卖盘
1199,13:08:07,3.2,-0.01,157,50240,卖盘
1200,13:08:04,3.21,0.01,131,42051,买盘
1201,13:07:58,3.2,-0.01,729,233280,卖盘
1202,13:07:52,3.21,0.01,130,41730,买盘
1203,13:07:49,3.2,--,1,320,卖盘
1204,13:07:43,3.2,-0.01,33,10560,卖盘
1205,13:07:37,3.21,--,43,13803,买盘
1206,13:07:34,3.21,0.01,604,193884,买盘
1207,13:07:28,3.2,--,3445,1102400,卖盘
1208,13:07:22,3.2,-0.01,8,2560,卖盘
1209,13:07:19,3.21,--,290,93090,买盘
1210,13:07:13,3.21,0.01,66,21186,买盘
1211,13:07:04,3.2,--,260,83200,卖盘
1212,13:06:58,3.2,--,6,1920,卖盘
1213,13:06:52,3.2,--,2,640,卖盘
1214,13:06:43,3.2,-0.01,11,3520,卖盘
1215,13:06:37,3.21,0.01,1,321,买盘
1216,13:06:34,3.2,--,76,24320,卖盘
1217,13:06:28,3.2,--,55,17600,卖盘
1218,13:06:13,3.2,--,31,9920,卖盘
1219,13:06:07,3.2,--,48,15360,卖盘
1220,13:06:04,3.2,-0.01,4,1280,卖盘
1221,13:05:58,3.21,--,58,18618,买盘
1222,13:05:52,3.21,0.01,18,5778,买盘
1223,13:05:48,3.2,--,16,5120,卖盘
1224,13:05:43,3.2,--,209,66880,卖盘
1225,13:05:33,3.2,--,25,8000,卖盘
1226,13:05:28,3.2,--,89,28480,卖盘
1227,13:05:22,3.2,--,60,19200,卖盘
1228,13:05:18,3.2,--,10,3200,卖盘
1229,13:05:13,3.2,--,219,70080,卖盘
1230,13:05:07,3.2,--,20,6400,卖盘
1231,13:05:03,3.2,--,7,2240,卖盘
1232,13:04:58,3.2,--,108,34560,卖盘
1233,13:04:52,3.2,--,100,32000,卖盘
1234,13:04:48,3.2,--,222,71040,卖盘
1235,13:04:43,3.2,--,1105,353760,卖盘
1236,13:04:33,3.2,--,99,31680,卖盘
1237,13:04:28,3.2,--,1,320,卖盘
1238,13:04:18,3.2,--,16,5120,卖盘
1239,13:04:13,3.2,--,50,16000,卖盘
1240,13:04:03,3.2,--,102,32640,卖盘
1241,13:03:58,3.2,--,154,49280,卖盘
1242,13:03:48,3.2,-0.01,20,6400,卖盘
1243,13:03:43,3.21,0.01,486,156006,买盘
1244,13:03:37,3.2,--,3,960,卖盘
1245,13:03:33,3.2,--,18,5760,卖盘
1246,13:03:28,3.2,--,119,38080,卖盘
1247,13:03:22,3.2,-0.01,19,6080,卖盘
1248,13:03:18,3.21,0.01,3,963,买盘
1249,13:03:13,3.2,--,1,320,卖盘
1250,13:03:07,3.2,-0.01,103,32960,卖盘
1251,13:03:03,3.21,0.01,72,23112,买盘
1252,13:02:58,3.2,-0.01,160,51200,卖盘
1253,13:02:48,3.21,0.01,614,197094,买盘
1254,13:02:43,3.2,--,40,12800,卖盘
1255,13:02:37,3.2,--,2,640,卖盘
1256,13:02:33,3.2,-0.01,19,6080,卖盘
1257,13:02:28,3.21,0.01,452,145092,买盘
1258,13:02:22,3.2,--,5,1600,卖盘
1259,13:02:18,3.2,--,1,320,卖盘
1260,13:02:13,3.2,--,61,19520,卖盘
1261,13:02:03,3.2,--,154,49280,卖盘
1262,13:01:58,3.2,--,165,52800,卖盘
1263,13:01:52,3.2,--,286,91520,卖盘
1264,13:01:46,3.2,--,50,16000,卖盘
1265,13:01:43,3.2,-0.01,21,6720,卖盘
1266,13:01:37,3.21,0.01,3382,1085622,买盘
1267,13:01:27,3.2,--,334,106880,卖盘
1268,13:01:22,3.2,--,63,20160,卖盘
1269,13:01:16,3.2,--,3,960,卖盘
1270,13:01:01,3.2,--,4,1280,卖盘
1271,13:00:57,3.2,--,1,320,卖盘
1272,13:00:52,3.2,--,2105,673600,卖盘
1273,13:00:46,3.2,--,608,194560,卖盘
1274,13:00:37,3.2,--,59,18880,卖盘
1275,13:00:31,3.2,-0.01,80,25600,卖盘
1276,13:00:27,3.21,--,56,17976,买盘
1277,13:00:22,3.21,0.01,156,50076,买盘
1278,13:00:16,3.2,-0.01,1,320,卖盘
1279,13:00:12,3.21,0.01,1223,392583,买盘
1280,13:00:07,3.2,--,8212,2627840,卖盘
1281,13:00:01,3.2,-0.01,4,1280,卖盘
1282,11:30:00,3.21,--,0,0,买盘
1283,11:29:59,3.21,--,0,0,买盘
1284,11:29:58,3.21,--,219,70299,买盘
1285,11:29:53,3.21,--,10,3210,买盘
1286,11:29:43,3.21,0.01,68,21828,买盘
1287,11:29:38,3.2,-0.01,93,29760,卖盘
1288,11:29:29,3.21,--,128,41088,买盘
1289,11:29:23,3.21,0.01,31,9951,买盘
1290,11:29:17,3.2,-0.01,2,640,卖盘
1291,11:29:13,3.21,0.01,200,64200,买盘
1292,11:29:08,3.2,-0.01,20,6400,卖盘
1293,11:29:02,3.21,0.01,35,11235,买盘
1294,11:28:58,3.2,--,195,62400,卖盘
1295,11:28:47,3.2,--,21,6720,卖盘
1296,11:28:43,3.2,--,173,55360,卖盘
1297,11:28:38,3.2,--,25,8000,卖盘
1298,11:28:32,3.2,--,47,15040,卖盘
1299,11:28:28,3.2,--,94,30080,卖盘
1300,11:28:23,3.2,--,4,1280,卖盘
1301,11:28:17,3.2,--,50,16000,卖盘
1302,11:28:13,3.2,--,16,5120,卖盘
1303,11:28:08,3.2,--,69,22080,卖盘
1304,11:28:02,3.2,--,38,12160,卖盘
1305,11:27:58,3.2,-0.01,92,29440,卖盘
1306,11:27:53,3.21,0.01,3534,1134414,买盘
1307,11:27:47,3.2,--,25,8000,卖盘
1308,11:27:43,3.2,--,563,180160,卖盘
1309,11:27:32,3.2,--,81,25920,卖盘
1310,11:27:28,3.2,--,405,129600,卖盘
1311,11:27:23,3.2,-0.01,263,84160,卖盘
1312,11:27:17,3.21,--,223,71583,买盘
1313,11:27:13,3.21,0.01,314,100794,买盘
1314,11:27:08,3.2,--,141,45120,卖盘
1315,11:27:02,3.2,--,264,84480,买盘
1316,11:26:58,3.2,--,9,2880,买盘
1317,11:26:47,3.2,--,3334,1066880,买盘
1318,11:26:38,3.2,--,501,160320,买盘
1319,11:26:32,3.2,0.01,5,1600,买盘
1320,11:26:23,3.19,-0.01,315,100485,卖盘
1321,11:26:17,3.2,0.01,27,8640,买盘
1322,11:26:13,3.19,-0.01,131,41789,卖盘
1323,11:25:58,3.2,0.01,234,74880,买盘
1324,11:25:53,3.19,--,2,638,卖盘
1325,11:25:47,3.19,-0.01,15,4785,卖盘
1326,11:25:41,3.2,--,306,97920,买盘
1327,11:25:38,3.2,--,6,1920,买盘
1328,11:25:32,3.2,0.01,118,37760,买盘
1329,11:25:17,3.19,-0.01,1,319,卖盘
1330,11:25:08,3.2,--,41,13120,买盘
1331,11:25:02,3.2,--,1774,567680,卖盘
1332,11:24:56,3.2,--,14,4480,卖盘
1333,11:24:53,3.2,--,840,268800,卖盘
1334,11:24:47,3.2,--,103,32960,卖盘
1335,11:24:41,3.2,--,100,32000,卖盘
1336,11:24:38,3.2,--,26,8320,卖盘
1337,11:24:32,3.2,-0.01,364,116480,卖盘
1338,11:24:17,3.21,0.01,185,59385,买盘
1339,11:24:11,3.2,--,91,29120,卖盘
1340,11:24:08,3.2,--,158,50560,卖盘
1341,11:24:02,3.2,--,81,25920,卖盘
1342,11:23:53,3.2,--,5,1600,卖盘
1343,11:23:47,3.2,-0.01,692,221440,卖盘
1344,11:23:41,3.21,0.01,627,201267,买盘
1345,11:23:38,3.2,-0.01,604,193280,卖盘
1346,11:23:32,3.21,0.01,221,70941,买盘
1347,11:23:26,3.2,--,138,44160,卖盘
1348,11:23:23,3.2,--,32,10240,卖盘
1349,11:23:17,3.2,--,6,1920,卖盘
1350,11:23:11,3.2,--,10,3200,卖盘
1351,11:23:07,3.2,--,2,640,卖盘
1352,11:23:02,3.2,-0.01,24,7680,卖盘
1353,11:22:56,3.21,0.01,3,963,买盘
1354,11:22:53,3.2,--,1489,476480,卖盘
1355,11:22:47,3.2,-0.01,207,66240,卖盘
1356,11:22:41,3.21,0.01,70,22470,买盘
1357,11:22:37,3.2,-0.01,393,125760,卖盘
1358,11:22:32,3.21,--,237,76077,买盘
1359,11:22:26,3.21,0.01,49,15729,买盘
1360,11:22:23,3.2,--,8,2560,卖盘
1361,11:22:17,3.2,--,72,23040,卖盘
1362,11:22:11,3.2,--,3,960,卖盘
1363,11:22:07,3.2,--,103,32960,卖盘
1364,11:22:02,3.2,-0.01,11,3520,卖盘
1365,11:21:56,3.21,0.01,155,49755,买盘
1366,11:21:52,3.2,--,11,3520,卖盘
1367,11:21:47,3.2,--,115,36800,卖盘
1368,11:21:41,3.2,--,51,16320,卖盘
1369,11:21:37,3.2,--,112,35840,卖盘
1370,11:21:32,3.2,--,106,33920,卖盘
1371,11:21:26,3.2,--,97,31040,卖盘
1372,11:21:22,3.2,-0.01,219,70080,卖盘
1373,11:21:17,3.21,0.01,8,2568,买盘
1374,11:21:11,3.2,--,199,63680,卖盘
1375,11:21:07,3.2,--,3775,1208000,卖盘
1376,11:21:02,3.2,--,90,28800,卖盘
1377,11:20:56,3.2,--,63,20160,卖盘
1378,11:20:52,3.2,--,152,48640,卖盘
1379,11:20:47,3.2,--,404,129280,卖盘
1380,11:20:41,3.2,--,48,15360,卖盘
1381,11:20:37,3.2,-0.01,349,111680,卖盘
1382,11:20:26,3.21,0.01,604,193884,买盘
1383,11:20:22,3.2,-0.01,54,17280,卖盘
1384,11:20:17,3.21,0.01,1,321,买盘
1385,11:20:11,3.2,--,4,1280,卖盘
1386,11:20:07,3.2,--,245,78400,卖盘
1387,11:19:56,3.2,--,8,2560,卖盘
1388,11:19:52,3.2,--,263,84160,卖盘
1389,11:19:47,3.2,--,4,1280,卖盘
1390,11:19:41,3.2,--,88,28160,卖盘
1391,11:19:37,3.2,--,1,320,卖盘
1392,11:19:32,3.2,-0.01,150,48000,卖盘
1393,11:19:26,3.21,0.01,250,80250,买盘
1394,11:19:22,3.2,--,1,320,卖盘
1395,11:19:17,3.2,--,271,86720,卖盘
1396,11:19:11,3.2,--,1,320,卖盘
1397,11:19:02,3.2,-0.01,28,8960,卖盘
1398,11:18:56,3.21,0.01,1436,460956,买盘
1399,11:18:50,3.2,--,49,15680,卖盘
1400,11:18:47,3.2,--,241,77120,卖盘
1401,11:18:41,3.2,--,36,11520,卖盘
1402,11:18:35,3.2,-0.01,71,22720,卖盘
1403,11:18:32,3.21,0.01,1396,448116,买盘
1404,11:18:26,3.2,-0.01,378,120960,卖盘
1405,11:18:20,3.21,--,394,126474,买盘
1406,11:18:17,3.21,--,338,108498,买盘
1407,11:18:11,3.21,--,131,42051,买盘
1408,11:18:05,3.21,--,1176,377496,买盘
1409,11:18:01,3.21,0.01,4520,1450920,买盘
1410,11:17:56,3.2,--,12,3840,卖盘
1411,11:17:50,3.2,--,365,116800,卖盘
1412,11:17:47,3.2,-0.01,341,109120,卖盘
1413,11:17:41,3.21,0.01,1,321,买盘
1414,11:17:35,3.2,--,30,9600,卖盘
1415,11:17:31,3.2,-0.01,825,264000,卖盘
1416,11:17:26,3.21,0.01,292,93732,买盘
1417,11:17:20,3.2,--,11,3520,卖盘
1418,11:17:16,3.2,-0.01,205,65600,卖盘
1419,11:17:11,3.21,0.01,134,43014,买盘
1420,11:17:05,3.2,-0.01,332,106240,卖盘
1421,11:17:01,3.21,--,728,233688,买盘
1422,11:16:56,3.21,0.01,261,83781,买盘
1423,11:16:46,3.2,--,1,320,卖盘
1424,11:16:41,3.2,-0.01,215,68800,卖盘
1425,11:16:35,3.21,0.01,2,642,买盘
1426,11:16:26,3.2,-0.01,64,20480,卖盘
1427,11:16:20,3.21,--,7,2247,买盘
1428,11:16:16,3.21,0.01,3,963,买盘
1429,11:16:11,3.2,-0.01,48,15360,卖盘
1430,11:16:05,3.21,0.01,208,66768,买盘
1431,11:16:01,3.2,--,13,4160,卖盘
1432,11:15:56,3.2,--,221,70720,卖盘
1433,11:15:50,3.2,-0.01,43,13760,卖盘
1434,11:15:46,3.21,0.01,145,46545,买盘
1435,11:15:41,3.2,-0.01,136,43520,卖盘
1436,11:15:35,3.21,--,130,41730,买盘
1437,11:15:31,3.21,0.01,443,142203,买盘
1438,11:15:26,3.2,--,322,103040,卖盘
1439,11:15:20,3.2,--,8,2560,卖盘
1440,11:15:16,3.2,-0.01,6,1920,卖盘
1441,11:15:11,3.21,0.01,95,30495,买盘
1442,11:15:05,3.2,--,107,34240,卖盘
1443,11:15:01,3.2,-0.01,101,32320,卖盘
1444,11:14:56,3.21,0.01,4,1284,买盘
1445,11:14:50,3.2,--,8,2560,卖盘
1446,11:14:46,3.2,-0.01,5,1600,卖盘
1447,11:14:41,3.21,0.01,50,16050,买盘
1448,11:14:35,3.2,--,31,9920,卖盘
1449,11:14:31,3.2,--,33,10560,卖盘
1450,11:14:26,3.2,-0.01,281,89920,卖盘
1451,11:14:20,3.21,0.01,127,40767,买盘
1452,11:14:16,3.2,--,492,157440,卖盘
1453,11:14:11,3.2,--,12,3840,卖盘
1454,11:14:05,3.2,--,14,4480,卖盘
1455,11:14:01,3.2,--,126,40320,卖盘
1456,11:13:56,3.2,--,209,66880,卖盘
1457,11:13:50,3.2,-0.01,15,4800,卖盘
1458,11:13:46,3.21,0.01,425,136425,买盘
1459,11:13:41,3.2,--,1,320,卖盘
1460,11:13:31,3.2,--,257,82240,卖盘
1461,11:13:26,3.2,--,3,960,卖盘
1462,11:13:20,3.2,--,13,4160,卖盘
1463,11:13:16,3.2,--,111,35520,卖盘
1464,11:13:05,3.2,--,66,21120,卖盘
1465,11:13:01,3.2,-0.01,99,31680,卖盘
1466,11:12:56,3.21,--,201,64521,买盘
1467,11:12:50,3.21,0.01,340,109140,买盘
1468,11:12:46,3.2,--,21,6720,卖盘
1469,11:12:41,3.2,--,132,42240,卖盘
1470,11:12:35,3.2,--,6,1920,卖盘
1471,11:12:31,3.2,-0.01,41,13120,卖盘
1472,11:12:20,3.21,0.01,107,34347,买盘
1473,11:12:16,3.2,--,1,320,卖盘
1474,11:12:11,3.2,--,517,165440,卖盘
1475,11:12:05,3.2,--,97,31040,卖盘
1476,11:12:01,3.2,-0.01,325,104000,卖盘
1477,11:11:56,3.21,0.01,436,139956,买盘
1478,11:11:50,3.2,-0.01,135,43200,卖盘
1479,11:11:45,3.21,0.01,723,232083,买盘
1480,11:11:41,3.2,-0.01,132,42240,卖盘
1481,11:11:35,3.21,--,400,128400,买盘
1482,11:11:30,3.21,0.01,1233,395793,买盘
1483,11:11:26,3.2,0.01,4274,1367680,买盘
1484,11:11:20,3.19,-0.01,905,288695,卖盘
1485,11:11:14,3.2,0.01,133,42560,买盘
1486,11:11:11,3.19,-0.01,555,177045,卖盘
1487,11:11:05,3.2,--,1183,378560,买盘
1488,11:10:59,3.2,0.01,520,166400,买盘
1489,11:10:56,3.19,-0.01,10594,3379486,卖盘
1490,11:10:50,3.2,--,2271,726720,买盘
1491,11:10:44,3.2,--,328,104960,买盘
1492,11:10:41,3.2,--,686,219520,买盘
1493,11:10:35,3.2,0.01,295,94400,买盘
1494,11:10:29,3.19,-0.01,1,319,卖盘
1495,11:10:25,3.2,--,47,15040,买盘
1496,11:10:20,3.2,--,256,81920,买盘
1497,11:10:10,3.2,--,396,126720,买盘
1498,11:10:05,3.2,0.01,1,320,买盘
1499,11:09:59,3.19,-0.01,52,16588,卖盘
1500,11:09:55,3.2,0.01,370,118400,买盘
1501,11:09:50,3.19,-0.01,1,319,卖盘
1502,11:09:40,3.2,0.01,129,41280,买盘
1503,11:09:35,3.19,-0.01,63,20097,卖盘
1504,11:09:25,3.2,0.01,10,3200,买盘
1505,11:09:20,3.19,--,52,16588,卖盘
1506,11:09:14,3.19,-0.01,52,16588,卖盘
1507,11:09:10,3.2,--,64,20480,买盘
1508,11:09:05,3.2,0.01,11,3520,买盘
1509,11:08:59,3.19,-0.01,1,319,卖盘
1510,11:08:55,3.2,--,1247,399040,买盘
1511,11:08:44,3.2,0.01,1,320,买盘
1512,11:08:35,3.19,-0.01,1,319,卖盘
1513,11:08:25,3.2,0.01,67,21440,买盘
1514,11:08:20,3.19,-0.01,1,319,卖盘
1515,11:08:10,3.2,--,89,28480,买盘
1516,11:08:05,3.2,0.01,1,320,买盘
1517,11:07:59,3.19,--,11,3509,卖盘
1518,11:07:50,3.19,-0.01,66,21054,卖盘
1519,11:07:44,3.2,0.01,581,185920,买盘
1520,11:07:40,3.19,--,2,638,卖盘
1521,11:07:29,3.19,--,1,319,卖盘
1522,11:07:25,3.19,-0.01,4,1276,卖盘
1523,11:07:20,3.2,--,326,104320,买盘
1524,11:06:55,3.2,--,237,75840,买盘
1525,11:06:50,3.2,-0.01,1182,378284,卖盘
1526,11:06:44,3.21,0.01,708,227268,买盘
1527,11:06:40,3.2,--,1300,416000,卖盘
1528,11:06:35,3.2,--,546,174720,卖盘
1529,11:06:29,3.2,-0.01,319,102080,卖盘
1530,11:06:25,3.21,--,2005,643605,买盘
1531,11:06:20,3.21,0.01,1617,519057,买盘
1532,11:06:14,3.2,--,2765,884800,卖盘
1533,11:06:10,3.2,--,1327,424640,卖盘
1534,11:06:05,3.2,--,1178,376960,卖盘
1535,11:05:59,3.2,--,403,128960,卖盘
1536,11:05:55,3.2,--,336,107520,卖盘
1537,11:05:50,3.2,--,723,231360,卖盘
1538,11:05:44,3.2,--,1372,439040,卖盘
1539,11:05:40,3.2,--,1296,414720,卖盘
1540,11:05:35,3.2,--,165,52800,卖盘
1541,11:05:29,3.2,--,10,3200,卖盘
1542,11:05:25,3.2,--,317,101440,卖盘
1543,11:05:20,3.2,--,292,93440,卖盘
1544,11:05:14,3.2,--,202,64640,卖盘
1545,11:05:10,3.2,--,819,262080,卖盘
1546,11:05:05,3.2,--,265,84800,卖盘
1547,11:04:59,3.2,--,3,960,卖盘
1548,11:04:55,3.2,--,103,32960,卖盘
1549,11:04:50,3.2,--,888,284160,卖盘
1550,11:04:44,3.2,--,473,151360,卖盘
1551,11:04:40,3.2,--,421,134720,卖盘
1552,11:04:35,3.2,--,485,155200,卖盘
1553,11:04:29,3.2,--,64,20480,卖盘
1554,11:04:25,3.2,-0.01,115,36800,卖盘
1555,11:04:20,3.21,0.01,475,152475,买盘
1556,11:04:14,3.2,--,571,182720,卖盘
1557,11:04:10,3.2,--,568,181760,卖盘
1558,11:04:05,3.2,--,2666,853120,卖盘
1559,11:03:59,3.2,--,1487,475840,卖盘
1560,11:03:55,3.2,--,589,188480,卖盘
1561,11:03:50,3.2,--,132,42240,卖盘
1562,11:03:44,3.2,--,226,72377,卖盘
1563,11:03:40,3.2,--,1053,336960,卖盘
1564,11:03:35,3.2,--,852,272640,卖盘
1565,11:03:29,3.2,--,559,178880,卖盘
1566,11:03:24,3.2,--,136,43520,卖盘
1567,11:03:20,3.2,--,2295,734400,卖盘
1568,11:03:10,3.2,--,2326,744320,卖盘
1569,11:03:05,3.2,--,370,118400,卖盘
1570,11:02:59,3.2,--,587,187840,卖盘
1571,11:02:53,3.2,--,170,54400,卖盘
1572,11:02:50,3.2,--,4536,1451520,卖盘
1573,11:02:44,3.2,-0.01,1275,408000,卖盘
1574,11:02:38,3.21,--,279,89559,买盘
1575,11:02:35,3.21,0.01,127,40767,买盘
1576,11:02:29,3.2,--,1273,407360,卖盘
1577,11:02:23,3.2,--,254,81280,卖盘
1578,11:02:20,3.2,--,110,35200,卖盘
1579,11:02:14,3.2,--,305,97600,卖盘
1580,11:02:08,3.2,--,157,50240,卖盘
1581,11:02:04,3.2,--,215,68800,卖盘
1582,11:01:59,3.2,--,911,291520,卖盘
1583,11:01:53,3.2,--,1047,335040,卖盘
1584,11:01:49,3.2,--,278,88960,卖盘
1585,11:01:44,3.2,-0.01,471,150720,卖盘
1586,11:01:38,3.21,0.01,32,10272,买盘
1587,11:01:34,3.2,--,266,85120,卖盘
1588,11:01:29,3.2,-0.01,2515,804800,卖盘
1589,11:01:23,3.21,0.01,4,1284,买盘
1590,11:01:19,3.2,--,655,209600,卖盘
1591,11:01:14,3.2,--,133,42560,卖盘
1592,11:01:04,3.2,--,33,10560,卖盘
1593,11:00:59,3.2,--,115,36800,卖盘
1594,11:00:53,3.2,-0.01,20,6400,卖盘
1595,11:00:49,3.21,0.01,1059,339939,买盘
1596,11:00:44,3.2,--,111,35520,卖盘
1597,11:00:38,3.2,-0.01,17,5440,卖盘
1598,11:00:34,3.21,0.01,377,121017,买盘
1599,11:00:29,3.2,--,85,27200,卖盘
1600,11:00:23,3.2,--,4040,1292800,卖盘
1601,11:00:19,3.2,--,20,6400,卖盘
1602,11:00:14,3.2,--,1032,330432,卖盘
1603,11:00:04,3.2,-0.01,15,4800,卖盘
1604,10:59:59,3.21,0.01,128,41088,买盘
1605,10:59:53,3.2,--,80,25600,卖盘
1606,10:59:49,3.2,-0.01,9,2880,卖盘
1607,10:59:44,3.21,0.01,106,34026,买盘
1608,10:59:38,3.2,-0.01,1,320,卖盘
1609,10:59:34,3.21,0.01,101,32421,买盘
1610,10:59:29,3.2,--,115,36800,卖盘
1611,10:59:19,3.2,--,72,23040,卖盘
1612,10:59:14,3.2,-0.01,48,15360,卖盘
1613,10:59:08,3.21,0.01,2,642,买盘
1614,10:59:04,3.2,-0.01,479,153280,卖盘
1615,10:58:59,3.21,0.01,890,285690,买盘
1616,10:58:49,3.2,-0.01,2201,704320,卖盘
1617,10:58:44,3.21,0.01,142,45582,买盘
1618,10:58:38,3.2,-0.01,50,16000,卖盘
1619,10:58:34,3.21,0.01,323,103683,买盘
1620,10:58:29,3.2,-0.01,1969,630080,卖盘
1621,10:58:23,3.21,--,303,97263,买盘
1622,10:58:19,3.21,0.01,2027,650667,买盘
1623,10:58:14,3.2,--,99,31680,卖盘
1624,10:58:08,3.2,-0.01,100,32000,卖盘
1625,10:58:04,3.21,--,359,115239,买盘
1626,10:57:59,3.21,0.01,427,137067,买盘
1627,10:57:49,3.2,--,5,1600,卖盘
1628,10:57:44,3.2,-0.01,154,49280,卖盘
1629,10:57:38,3.21,--,322,103362,买盘
1630,10:57:34,3.21,--,243,78003,买盘
1631,10:57:29,3.21,0.01,13961,4481481,买盘
1632,10:57:23,3.2,--,445,142400,卖盘
1633,10:57:19,3.2,--,81,25920,卖盘
1634,10:57:14,3.2,--,48,15360,卖盘
1635,10:57:08,3.2,-0.01,80,25600,卖盘
1636,10:57:04,3.21,0.01,106,34026,买盘
1637,10:56:59,3.2,-0.01,1,320,卖盘
1638,10:56:53,3.21,0.01,274,87954,买盘
1639,10:56:49,3.2,-0.01,10476,3352320,卖盘
1640,10:56:44,3.21,0.01,79,25359,买盘
1641,10:56:38,3.2,--,18,5760,卖盘
1642,10:56:34,3.2,--,301,96320,卖盘
1643,10:56:29,3.2,--,250,80000,卖盘
1644,10:56:23,3.2,-0.01,234,74880,卖盘
1645,10:56:18,3.21,0.01,10279,3299559,买盘
1646,10:56:14,3.2,--,4295,1374400,卖盘
1647,10:56:08,3.2,--,96,30720,卖盘
1648,10:56:04,3.2,-0.01,31,9920,卖盘
1649,10:55:59,3.21,0.01,298,95658,买盘
1650,10:55:52,3.2,--,150,48000,卖盘
1651,10:55:48,3.2,--,156,49920,卖盘
1652,10:55:43,3.2,--,144,46080,卖盘
1653,10:55:38,3.2,-0.01,65,20800,卖盘
1654,10:55:34,3.21,--,1009,323889,买盘
1655,10:55:28,3.21,0.01,485,155845,买盘
1656,10:55:19,3.2,--,154,49280,卖盘
1657,10:55:13,3.2,-0.01,772,247040,卖盘
1658,10:55:08,3.21,--,130,41730,买盘
1659,10:55:02,3.21,0.01,531,170451,买盘
1660,10:54:59,3.2,--,79,25280,卖盘
1661,10:54:53,3.2,-0.01,474,151680,卖盘
1662,10:54:47,3.21,0.01,92,29532,买盘
1663,10:54:44,3.2,--,492,157440,卖盘
1664,10:54:38,3.2,-0.01,512,163840,卖盘
1665,10:54:32,3.21,0.01,391,125511,买盘
1666,10:54:28,3.2,-0.01,161,51520,卖盘
1667,10:54:23,3.21,0.01,18,5778,买盘
1668,10:54:16,3.2,--,436,139520,卖盘
1669,10:54:13,3.2,-0.01,386,123520,卖盘
1670,10:54:07,3.21,--,1473,472833,买盘
1671,10:54:01,3.21,0.01,125,40125,买盘
1672,10:53:58,3.2,--,71,22720,卖盘
1673,10:53:53,3.2,--,84,26880,卖盘
1674,10:53:47,3.2,-0.01,96,30720,卖盘
1675,10:53:43,3.21,0.01,1395,447795,买盘
1676,10:53:37,3.2,-0.01,5,1600,卖盘
1677,10:53:28,3.21,0.01,1357,435597,买盘
1678,10:53:22,3.2,--,100,32000,卖盘
1679,10:53:17,3.2,-0.01,10,3200,卖盘
1680,10:53:13,3.21,0.01,200,64200,买盘
1681,10:53:07,3.2,--,29,9280,卖盘
1682,10:52:58,3.2,--,2,640,卖盘
1683,10:52:53,3.2,--,482,154240,卖盘
1684,10:52:43,3.2,--,47,15040,卖盘
1685,10:52:37,3.2,--,33,10560,卖盘
1686,10:52:31,3.2,--,976,312320,卖盘
1687,10:52:28,3.2,--,1,320,卖盘
1688,10:52:22,3.2,--,5,1600,卖盘
1689,10:52:16,3.2,--,4,1280,卖盘
1690,10:52:13,3.2,-0.01,35,11200,卖盘
1691,10:52:07,3.21,0.01,301,96621,买盘
1692,10:52:01,3.2,-0.01,2,640,卖盘
1693,10:51:58,3.21,0.01,175,56175,买盘
1694,10:51:52,3.2,--,39,12480,卖盘
1695,10:51:46,3.2,-0.01,10,3200,卖盘
1696,10:51:43,3.21,0.01,64,20544,买盘
1697,10:51:37,3.2,--,370,118400,卖盘
1698,10:51:31,3.2,--,548,175360,卖盘
1699,10:51:28,3.2,--,573,183360,卖盘
1700,10:51:22,3.2,--,1213,388160,卖盘
1701,10:51:16,3.2,-0.01,498,159360,卖盘
1702,10:51:13,3.21,--,1,321,买盘
1703,10:51:07,3.21,--,3756,1205676,买盘
1704,10:51:01,3.21,--,198,63558,买盘
1705,10:50:58,3.21,0.01,616,197736,买盘
1706,10:50:52,3.2,--,257,82240,卖盘
1707,10:50:46,3.2,--,41,13120,卖盘
1708,10:50:43,3.2,-0.01,1547,495040,卖盘
1709,10:50:37,3.21,0.01,1,321,买盘
1710,10:50:31,3.2,-0.01,378,120960,卖盘
1711,10:50:28,3.21,--,35,11235,买盘
1712,10:50:22,3.21,--,446,143166,买盘
1713,10:50:16,3.21,0.01,1459,468339,买盘
1714,10:50:13,3.2,--,491,157120,卖盘
1715,10:50:07,3.2,--,1067,341440,卖盘
1716,10:50:01,3.2,--,125,40000,卖盘
1717,10:49:58,3.2,--,2092,669440,卖盘
1718,10:49:52,3.2,--,333,106560,卖盘
1719,10:49:46,3.2,-0.01,50,16000,卖盘
1720,10:49:43,3.21,0.01,125,40125,买盘
1721,10:49:37,3.2,--,32,10240,卖盘
1722,10:49:31,3.2,-0.01,5,1600,卖盘
1723,10:49:28,3.21,0.01,1471,472191,买盘
1724,10:49:22,3.2,--,189,60480,卖盘
1725,10:49:16,3.2,--,80,25600,卖盘
1726,10:49:13,3.2,--,300,96000,卖盘
1727,10:49:07,3.2,-0.01,1493,478032,卖盘
1728,10:49:01,3.21,0.01,199,63879,买盘
1729,10:48:58,3.2,--,2,640,卖盘
1730,10:48:52,3.2,-0.01,326,104320,卖盘
1731,10:48:46,3.21,--,302,96942,买盘
1732,10:48:43,3.21,0.01,59,18939,买盘
1733,10:48:37,3.2,--,23,7360,卖盘
1734,10:48:31,3.2,-0.01,400,128000,卖盘
1735,10:48:27,3.21,0.01,253,81213,买盘
1736,10:48:22,3.2,--,349,111680,卖盘
1737,10:48:16,3.2,--,15,4800,卖盘
1738,10:48:12,3.2,--,1851,592320,卖盘
1739,10:48:07,3.2,--,579,185280,卖盘
1740,10:48:01,3.2,-0.01,954,305280,卖盘
1741,10:47:57,3.21,--,584,187464,买盘
1742,10:47:52,3.21,0.01,1331,427251,买盘
1743,10:47:46,3.2,-0.01,371,118720,卖盘
1744,10:47:42,3.21,--,904,290184,买盘
1745,10:47:37,3.21,--,828,265788,买盘
1746,10:47:31,3.21,0.01,216,69336,买盘
1747,10:47:27,3.2,-0.01,89,28480,卖盘
1748,10:47:22,3.21,--,379,121659,买盘
1749,10:47:16,3.21,0.01,153,49113,买盘
1750,10:47:12,3.2,-0.01,160,51200,卖盘
1751,10:47:07,3.21,0.01,37,11877,买盘
1752,10:47:01,3.2,--,254,81280,卖盘
1753,10:46:55,3.2,--,125,40000,卖盘
1754,10:46:52,3.2,--,201,64320,卖盘
1755,10:46:46,3.2,--,343,109760,卖盘
1756,10:46:40,3.2,-0.01,91,29120,卖盘
1757,10:46:37,3.21,0.01,12,3852,买盘
1758,10:46:31,3.2,--,198,63360,卖盘
1759,10:46:25,3.2,--,1,320,卖盘
1760,10:46:22,3.2,--,85,27200,卖盘
1761,10:46:16,3.2,--,810,259200,卖盘
1762,10:46:10,3.2,-0.01,20,6400,卖盘
1763,10:46:07,3.21,0.01,66,21186,买盘
1764,10:46:01,3.2,-0.01,315,100800,卖盘
1765,10:45:55,3.21,0.01,301,96621,买盘
1766,10:45:52,3.2,--,158,50560,卖盘
1767,10:45:46,3.2,--,362,115840,卖盘
1768,10:45:40,3.2,-0.01,113,36160,卖盘
1769,10:45:37,3.21,0.01,259,83139,买盘
1770,10:45:31,3.2,-0.01,62,19840,卖盘
1771,10:45:25,3.21,0.01,383,122943,买盘
1772,10:45:22,3.2,--,320,102400,卖盘
1773,10:45:16,3.2,-0.01,106,33920,卖盘
1774,10:45:10,3.21,0.01,241,77361,买盘
1775,10:45:07,3.2,-0.01,1206,385920,卖盘
1776,10:45:01,3.21,0.01,407,130647,买盘
1777,10:44:55,3.2,-0.01,6,1920,卖盘
1778,10:44:52,3.21,--,440,141240,买盘
1779,10:44:46,3.21,0.01,336,107856,买盘
1780,10:44:40,3.2,-0.01,34,10880,卖盘
1781,10:44:37,3.21,--,158,50718,买盘
1782,10:44:31,3.21,0.01,32,10272,买盘
1783,10:44:25,3.2,-0.01,41,13120,卖盘
1784,10:44:22,3.21,--,58,18646,买盘
1785,10:44:16,3.21,--,939,301419,买盘
1786,10:44:10,3.21,--,27,8667,买盘
1787,10:44:07,3.21,--,2029,651309,买盘
1788,10:44:01,3.21,--,362,116202,买盘
1789,10:43:55,3.21,0.01,1416,454536,买盘
1790,10:43:52,3.2,-0.01,135,43200,卖盘
1791,10:43:46,3.21,0.01,21549,6917229,买盘
1792,10:43:40,3.2,-0.01,1537,491840,卖盘
1793,10:43:37,3.21,--,326,104646,买盘
1794,10:43:31,3.21,0.01,50113,16086273,买盘
1795,10:43:25,3.2,--,5,1600,卖盘
1796,10:43:22,3.2,--,611,195520,卖盘
1797,10:43:16,3.2,--,2602,832915,卖盘
1798,10:43:10,3.2,--,133,42560,卖盘
1799,10:43:07,3.2,--,1703,544960,卖盘
1800,10:43:01,3.2,--,2296,734720,卖盘
1801,10:42:55,3.2,--,11,3520,卖盘
1802,10:42:52,3.2,--,202,64640,卖盘
1803,10:42:46,3.2,-0.01,377,120640,卖盘
1804,10:42:40,3.21,0.01,20,6420,买盘
1805,10:42:37,3.2,--,2465,788800,卖盘
1806,10:42:31,3.2,--,560,179200,卖盘
1807,10:42:25,3.2,--,1,320,卖盘
1808,10:42:22,3.2,--,1255,401600,卖盘
1809,10:42:16,3.2,--,31941,10221369,买盘
1810,10:42:10,3.2,--,50604,16193280,买盘
1811,10:42:07,3.2,--,51379,16441280,买盘
1812,10:42:01,3.2,--,53000,16960000,买盘
1813,10:41:55,3.2,0.01,1,320,买盘
1814,10:41:52,3.19,-0.01,148,47212,卖盘
1815,10:41:46,3.2,--,683,218560,买盘
1816,10:41:40,3.2,0.01,310,99200,买盘
1817,10:41:37,3.19,--,4026,1284294,卖盘
1818,10:41:31,3.19,-0.01,252,80388,卖盘
1819,10:41:25,3.2,--,1129,361280,买盘
1820,10:41:22,3.2,--,1124,359680,买盘
1821,10:41:16,3.2,--,828,264960,买盘
1822,10:41:10,3.2,0.01,540,172800,买盘
1823,10:41:06,3.19,--,764,243716,卖盘
1824,10:41:01,3.19,-0.01,486,155034,卖盘
1825,10:40:55,3.2,0.01,208,66560,买盘
1826,10:40:51,3.19,-0.01,125,39875,卖盘
1827,10:40:46,3.2,--,1545,494400,买盘
1828,10:40:40,3.2,0.01,1007,322240,买盘
1829,10:40:36,3.19,-0.01,193,61567,卖盘
1830,10:40:31,3.2,0.01,459,146880,买盘
1831,10:40:25,3.19,-0.01,13,4147,卖盘
1832,10:40:21,3.2,--,83,26560,买盘
1833,10:40:16,3.2,--,1277,408640,买盘
1834,10:40:10,3.2,--,142,45440,买盘
1835,10:40:06,3.2,0.01,1178,376960,买盘
1836,10:40:01,3.19,--,665,212135,卖盘
1837,10:39:55,3.19,-0.01,522,166518,卖盘
1838,10:39:51,3.2,--,1656,529920,买盘
1839,10:39:46,3.2,--,236,75520,买盘
1840,10:39:40,3.2,--,426,136320,买盘
1841,10:39:36,3.2,--,251,80320,买盘
1842,10:39:31,3.2,0.01,83,26560,买盘
1843,10:39:25,3.19,-0.01,231,73689,卖盘
1844,10:39:21,3.2,--,1289,412480,买盘
1845,10:39:16,3.2,0.01,218,69760,买盘
1846,10:39:10,3.19,-0.01,13,4147,卖盘
1847,10:39:04,3.2,0.01,18,5760,买盘
1848,10:39:01,3.19,--,318,101442,卖盘
1849,10:38:55,3.19,--,348,111012,卖盘
1850,10:38:49,3.19,--,326,103994,卖盘
1851,10:38:46,3.19,--,644,205436,卖盘
1852,10:38:40,3.19,--,283,90277,卖盘
1853,10:38:34,3.19,-0.01,3,957,卖盘
1854,10:38:31,3.2,0.01,831,265920,买盘
1855,10:38:25,3.19,-0.01,960,306240,卖盘
1856,10:38:19,3.2,0.01,27,8640,买盘
1857,10:38:16,3.19,-0.01,1462,466378,卖盘
1858,10:38:10,3.2,0.01,549,175680,买盘
1859,10:38:04,3.19,-0.01,313,99847,卖盘
1860,10:38:01,3.2,0.01,90,28800,买盘
1861,10:37:55,3.19,--,298,95062,卖盘
1862,10:37:49,3.19,--,4,1276,卖盘
1863,10:37:46,3.19,-0.01,11,3509,卖盘
1864,10:37:40,3.2,0.01,33,10560,买盘
1865,10:37:34,3.19,-0.01,35,11165,卖盘
1866,10:37:31,3.2,0.01,37,11840,买盘
1867,10:37:25,3.19,--,328,104632,卖盘
1868,10:37:19,3.19,--,4,1276,卖盘
1869,10:37:16,3.19,-0.01,56,17864,卖盘
1870,10:37:10,3.2,--,92,29440,买盘
1871,10:37:04,3.2,--,357,114240,买盘
1872,10:37:01,3.2,--,227,72640,买盘
1873,10:36:55,3.2,--,74,23680,买盘
1874,10:36:49,3.2,0.01,6,1920,买盘
1875,10:36:46,3.19,-0.01,387,123453,卖盘
1876,10:36:40,3.2,--,34,10880,买盘
1877,10:36:34,3.2,--,288,92160,买盘
1878,10:36:31,3.2,--,266,85120,买盘
1879,10:36:25,3.2,--,138,44160,买盘
1880,10:36:19,3.2,--,398,127360,买盘
1881,10:36:16,3.2,0.01,762,243840,买盘
1882,10:36:10,3.19,-0.01,1378,439582,卖盘
1883,10:36:04,3.2,0.01,2,640,买盘
1884,10:36:01,3.19,-0.01,439,140041,卖盘
1885,10:35:55,3.2,--,63,20160,买盘
1886,10:35:49,3.2,--,28,8960,买盘
1887,10:35:46,3.2,--,1640,524800,买盘
1888,10:35:40,3.2,--,48,15360,买盘
1889,10:35:34,3.2,--,772,247040,买盘
1890,10:35:31,3.2,--,196,62720,买盘
1891,10:35:25,3.2,--,293,93760,买盘
1892,10:35:19,3.2,--,512,163840,买盘
1893,10:35:16,3.2,--,179,57280,买盘
1894,10:35:10,3.2,--,260,83200,买盘
1895,10:35:04,3.2,--,61,19520,买盘
1896,10:35:00,3.2,0.01,79,25280,买盘
1897,10:34:55,3.19,-0.01,772,246268,卖盘
1898,10:34:49,3.2,0.01,99,31680,买盘
1899,10:34:46,3.19,-0.01,190,60610,卖盘
1900,10:34:40,3.2,0.01,344,110080,买盘
1901,10:34:34,3.19,-0.01,77,24563,卖盘
1902,10:34:30,3.2,0.01,798,255360,买盘
1903,10:34:25,3.19,-0.01,95,30305,卖盘
1904,10:34:15,3.2,0.01,101,32320,买盘
1905,10:34:10,3.19,-0.01,74,23606,卖盘
1906,10:34:04,3.2,--,203,64960,买盘
1907,10:34:00,3.2,0.01,193,61760,买盘
1908,10:33:55,3.19,--,536,170984,卖盘
1909,10:33:49,3.19,--,6,1914,卖盘
1910,10:33:45,3.19,--,480,153120,卖盘
1911,10:33:40,3.19,--,45,14355,卖盘
1912,10:33:34,3.19,--,1,319,卖盘
1913,10:33:30,3.19,--,566,180554,卖盘
1914,10:33:25,3.19,--,1849,589831,卖盘
1915,10:33:19,3.19,-0.01,500,159500,卖盘
1916,10:33:15,3.2,0.01,645,206400,买盘
1917,10:33:10,3.19,--,1352,431288,卖盘
1918,10:33:04,3.19,--,250,79750,卖盘
1919,10:33:00,3.19,--,654,208626,卖盘
1920,10:32:55,3.19,-0.01,92,29348,卖盘
1921,10:32:49,3.2,0.01,404,129280,买盘
1922,10:32:45,3.19,--,450,143550,卖盘
1923,10:32:40,3.19,--,25,7975,卖盘
1924,10:32:34,3.19,-0.01,381,121539,卖盘
1925,10:32:30,3.2,--,280,89600,买盘
1926,10:32:25,3.2,0.01,21,6720,买盘
1927,10:32:19,3.19,--,2,638,卖盘
1928,10:32:15,3.19,--,300,95700,卖盘
1929,10:32:10,3.19,-0.01,15,4785,卖盘
1930,10:32:04,3.2,--,12,3840,买盘
1931,10:31:59,3.2,--,241,77120,买盘
1932,10:31:55,3.2,--,604,193280,买盘
1933,10:31:49,3.2,0.01,10,3200,买盘
1934,10:31:45,3.19,-0.01,7041,2246079,卖盘
1935,10:31:40,3.2,--,138,44160,买盘
1936,10:31:30,3.2,--,4162,1331840,买盘
1937,10:31:25,3.2,--,1269,406080,买盘
1938,10:31:19,3.2,--,421,134720,买盘
1939,10:31:13,3.2,--,378,120960,买盘
1940,10:31:10,3.2,0.01,1252,400640,买盘
1941,10:31:04,3.19,-0.01,1250,398750,卖盘
1942,10:30:58,3.2,--,465,148800,买盘
1943,10:30:55,3.2,0.01,6653,2128960,买盘
1944,10:30:49,3.19,-0.01,453,144507,卖盘
1945,10:30:43,3.2,--,391,125120,买盘
1946,10:30:40,3.2,--,1516,485120,买盘
1947,10:30:34,3.2,--,1285,411200,买盘
1948,10:30:28,3.2,--,583,186560,买盘
1949,10:30:25,3.2,--,1971,630720,买盘
1950,10:30:19,3.2,--,4476,1432320,买盘
1951,10:30:13,3.2,--,1657,530240,买盘
1952,10:30:10,3.2,--,878,280960,买盘
1953,10:30:04,3.2,0.01,2041,653120,买盘
1954,10:29:58,3.19,-0.01,1192,380248,卖盘
1955,10:29:55,3.2,--,524,167680,买盘
1956,10:29:49,3.2,--,1033,330560,买盘
1957,10:29:43,3.2,0.01,805,257600,买盘
1958,10:29:40,3.19,-0.01,1030,328570,卖盘
1959,10:29:34,3.2,0.01,1301,416320,买盘
1960,10:29:28,3.19,-0.01,5830,1859770,卖盘
1961,10:29:25,3.2,--,276,88320,买盘
1962,10:29:19,3.2,--,921,294720,买盘
1963,10:29:13,3.2,--,582,186240,买盘
1964,10:29:10,3.2,--,682,218240,买盘
1965,10:29:04,3.2,--,159,50880,买盘
1966,10:28:58,3.2,--,2,640,买盘
1967,10:28:55,3.2,--,47,15040,买盘
1968,10:28:49,3.2,--,655,209600,买盘
1969,10:28:43,3.2,--,341,109120,买盘
1970,10:28:40,3.2,0.01,513,164160,买盘
1971,10:28:34,3.19,-0.01,41,13079,卖盘
1972,10:28:28,3.2,--,7,2240,买盘
1973,10:28:25,3.2,--,135,43200,买盘
1974,10:28:19,3.2,--,33,10560,买盘
1975,10:28:13,3.2,--,255,81600,买盘
1976,10:28:09,3.2,--,241,77120,买盘
1977,10:28:04,3.2,--,38,12160,买盘
1978,10:27:58,3.2,0.01,504,161280,买盘
1979,10:27:54,3.19,-0.01,584,186296,卖盘
1980,10:27:49,3.2,0.01,134,42880,买盘
1981,10:27:43,3.19,--,25,7975,卖盘
1982,10:27:39,3.19,-0.01,725,231275,卖盘
1983,10:27:34,3.2,0.01,22,7040,买盘
1984,10:27:28,3.19,--,28,8932,卖盘
1985,10:27:25,3.19,-0.01,567,180873,卖盘
1986,10:27:19,3.2,0.01,1241,397120,买盘
1987,10:27:09,3.19,-0.01,261,83259,卖盘
1988,10:27:04,3.2,0.01,87,27840,买盘
1989,10:26:58,3.19,--,1236,394284,卖盘
1990,10:26:54,3.19,-0.01,23,7337,卖盘
1991,10:26:49,3.2,--,91,29120,买盘
1992,10:26:43,3.2,0.01,2,640,买盘
1993,10:26:39,3.19,-0.01,14,4466,卖盘
1994,10:26:34,3.2,0.01,287,91840,买盘
1995,10:26:28,3.19,-0.01,221,70499,卖盘
1996,10:26:24,3.2,0.01,564,180480,买盘
1997,10:26:19,3.19,--,344,109736,卖盘
1998,10:26:13,3.19,--,335,106865,卖盘
1999,10:26:04,3.19,0.01,147,46915,买盘
2000,10:25:58,3.18,-0.01,545,173310,卖盘
2001,10:25:54,3.19,--,1541,491579,买盘
2002,10:25:49,3.19,--,614,195866,买盘
2003,10:25:43,3.19,--,58,18502,买盘
2004,10:25:39,3.19,--,499,159181,买盘
2005,10:25:34,3.19,--,3072,979968,买盘
2006,10:25:28,3.19,--,1024,326656,买盘
2007,10:25:24,3.19,--,467,148973,买盘
2008,10:25:19,3.19,--,424,135256,买盘
2009,10:25:13,3.19,0.01,100,31900,买盘
2010,10:25:09,3.18,-0.01,241,76638,卖盘
2011,10:25:04,3.19,0.01,1204,384076,买盘
2012,10:24:58,3.18,-0.01,3750,1192500,卖盘
2013,10:24:54,3.19,--,593,189167,买盘
2014,10:24:49,3.19,--,389,124091,买盘
2015,10:24:43,3.19,--,289,92191,买盘
2016,10:24:39,3.19,--,218,69542,买盘
2017,10:24:34,3.19,--,1337,426503,买盘
2018,10:24:28,3.19,--,421,134299,买盘
2019,10:24:24,3.19,--,1252,399388,买盘
2020,10:24:19,3.19,--,68,21692,买盘
2021,10:24:13,3.19,--,31,9889,买盘
2022,10:24:09,3.19,--,593,189167,买盘
2023,10:24:04,3.19,0.01,2236,713284,买盘
2024,10:23:58,3.18,-0.01,171,54378,卖盘
2025,10:23:54,3.19,--,487,155353,买盘
2026,10:23:49,3.19,--,461,147059,买盘
2027,10:23:39,3.19,0.01,609,194271,买盘
2028,10:23:34,3.18,-0.01,7760,2467680,卖盘
2029,10:23:28,3.19,0.01,676,215644,买盘
2030,10:23:22,3.18,-0.01,255,81090,卖盘
2031,10:23:19,3.19,--,9023,2878337,买盘
2032,10:23:13,3.19,--,477,152163,买盘
2033,10:23:07,3.19,--,387,123453,买盘
2034,10:23:04,3.19,0.01,7607,2426633,买盘
2035,10:22:58,3.18,-0.01,2205,701190,卖盘
2036,10:22:52,3.19,--,260,82940,买盘
2037,10:22:49,3.19,--,4749,1514931,买盘
2038,10:22:43,3.19,--,11122,3547918,买盘
2039,10:22:37,3.19,--,1114,355366,买盘
2040,10:22:33,3.19,--,5737,1830103,买盘
2041,10:22:28,3.19,--,3880,1237720,买盘
2042,10:22:22,3.19,--,265,84535,买盘
2043,10:22:18,3.19,--,410,130790,买盘
2044,10:22:13,3.19,--,685,218515,买盘
2045,10:22:07,3.19,--,131,41789,买盘
2046,10:22:03,3.19,--,1981,631939,买盘
2047,10:21:58,3.19,--,651,207669,买盘
2048,10:21:52,3.19,--,2,638,买盘
2049,10:21:48,3.19,--,380,121220,买盘
2050,10:21:43,3.19,0.01,476,151844,买盘
2051,10:21:37,3.18,--,2,636,卖盘
2052,10:21:33,3.18,-0.01,1662,528516,卖盘
2053,10:21:28,3.19,0.01,2002,638638,买盘
2054,10:21:22,3.18,-0.01,670,213060,卖盘
2055,10:21:18,3.19,--,393,125367,买盘
2056,10:21:13,3.19,--,4617,1472823,买盘
2057,10:21:07,3.19,--,250,79750,买盘
2058,10:21:03,3.19,--,242,77198,买盘
2059,10:20:58,3.19,--,2578,822382,买盘
2060,10:20:48,3.19,--,162,51678,买盘
2061,10:20:43,3.19,--,329,104951,买盘
2062,10:20:37,3.19,--,74,23606,买盘
2063,10:20:33,3.19,0.01,522,166518,买盘
2064,10:20:28,3.18,-0.01,8,2544,卖盘
2065,10:20:22,3.19,--,134,42746,买盘
2066,10:20:18,3.19,--,114,36366,买盘
2067,10:20:13,3.19,0.01,465,148335,买盘
2068,10:20:03,3.18,--,522,165996,卖盘
2069,10:19:58,3.18,-0.01,3,954,卖盘
2070,10:19:52,3.19,--,2,638,买盘
2071,10:19:48,3.19,--,252,80388,买盘
2072,10:19:43,3.19,--,323,103037,买盘
2073,10:19:37,3.19,--,1,319,买盘
2074,10:19:33,3.19,0.01,37,11803,买盘
2075,10:19:28,3.18,-0.01,183,58194,卖盘
2076,10:19:22,3.19,0.01,23,7337,买盘
2077,10:19:18,3.18,-0.01,86,27348,卖盘
2078,10:19:13,3.19,0.01,84,26796,买盘
2079,10:19:07,3.18,-0.01,9,2862,卖盘
2080,10:19:03,3.19,--,2,638,买盘
2081,10:18:58,3.19,--,10,3190,买盘
2082,10:18:52,3.19,--,921,293799,买盘
2083,10:18:48,3.19,--,145,46255,买盘
2084,10:18:43,3.19,--,18,5742,买盘
2085,10:18:37,3.19,--,30,9570,买盘
2086,10:18:33,3.19,--,958,305602,买盘
2087,10:18:28,3.19,0.01,614,195866,买盘
2088,10:18:18,3.18,--,1,318,卖盘
2089,10:18:13,3.18,-0.01,161,51198,卖盘
2090,10:18:07,3.19,--,3,957,买盘
2091,10:18:03,3.19,0.01,133,42427,买盘
2092,10:17:58,3.18,--,3,954,卖盘
2093,10:17:52,3.18,-0.01,6500,2067000,卖盘
2094,10:17:48,3.19,--,946,301774,买盘
2095,10:17:43,3.19,--,7255,2314345,买盘
2096,10:17:37,3.19,--,158,50402,买盘
2097,10:17:33,3.19,--,244,77836,买盘
2098,10:17:28,3.19,--,15,4785,买盘
2099,10:17:22,3.19,--,37,11803,买盘
2100,10:17:18,3.19,--,259,82621,买盘
2101,10:17:13,3.19,--,1175,374825,买盘
2102,10:17:07,3.19,--,457,145783,买盘
2103,10:17:03,3.19,--,2760,880440,买盘
2104,10:16:58,3.19,--,465,148335,买盘
2105,10:16:52,3.19,0.01,134,42746,买盘
2106,10:16:48,3.18,-0.01,773,245814,卖盘
2107,10:16:43,3.19,--,819,261261,买盘
2108,10:16:37,3.19,--,298,95062,买盘
2109,10:16:33,3.19,--,904,288376,买盘
2110,10:16:28,3.19,--,532,169708,买盘
2111,10:16:22,3.19,--,13,4147,买盘
2112,10:16:18,3.19,--,6,1914,买盘
2113,10:16:13,3.19,--,1007,321233,买盘
2114,10:16:07,3.19,--,570,181830,买盘
2115,10:16:03,3.19,--,651,207669,买盘
2116,10:15:52,3.19,0.01,16,5104,买盘
2117,10:15:48,3.18,-0.01,910,289380,卖盘
2118,10:15:43,3.19,0.01,377,120263,买盘
2119,10:15:37,3.18,-0.01,434,138012,卖盘
2120,10:15:32,3.19,--,944,301136,买盘
2121,10:15:28,3.19,--,747,238293,买盘
2122,10:15:22,3.19,0.01,458,146102,买盘
2123,10:15:13,3.18,--,636,202248,卖盘
2124,10:15:07,3.18,-0.01,1502,477636,卖盘
2125,10:15:01,3.19,0.01,2,638,买盘
2126,10:14:58,3.18,--,2070,658260,卖盘
2127,10:14:52,3.18,--,137,43566,卖盘
2128,10:14:46,3.18,-0.01,1,318,卖盘
2129,10:14:43,3.19,0.01,265,84535,买盘
2130,10:14:37,3.18,-0.01,1055,335490,卖盘
2131,10:14:31,3.19,--,178,56782,买盘
2132,10:14:27,3.19,--,192,61248,买盘
2133,10:14:22,3.19,--,560,178640,买盘
2134,10:14:16,3.19,--,993,316767,买盘
2135,10:14:12,3.19,--,412,131428,买盘
2136,10:14:07,3.19,--,427,136213,买盘
2137,10:14:01,3.19,0.01,131,41789,买盘
2138,10:13:57,3.18,-0.01,69,21942,卖盘
2139,10:13:52,3.19,--,363,115797,买盘
2140,10:13:42,3.19,--,2380,759220,买盘
2141,10:13:37,3.19,0.01,232,74008,买盘
2142,10:13:31,3.18,-0.01,330,104940,卖盘
2143,10:13:27,3.19,0.01,569,181511,买盘
2144,10:13:22,3.18,--,1715,545370,卖盘
2145,10:13:16,3.18,-0.01,478,152004,卖盘
2146,10:13:12,3.19,--,820,261580,买盘
2147,10:13:07,3.19,--,54,17226,买盘
2148,10:13:01,3.19,0.01,18,5742,买盘
2149,10:12:57,3.18,-0.01,284,90312,卖盘
2150,10:12:52,3.19,0.01,1598,509762,买盘
2151,10:12:46,3.18,--,852,270936,卖盘
2152,10:12:42,3.18,-0.01,466,148188,卖盘
2153,10:12:37,3.19,--,67,21373,买盘
2154,10:12:31,3.19,--,4763,1519397,买盘
2155,10:12:27,3.19,0.01,4602,1468038,买盘
2156,10:12:22,3.18,-0.01,739,235002,卖盘
2157,10:12:16,3.19,--,825,263175,买盘
2158,10:12:12,3.19,--,316,100804,买盘
2159,10:12:07,3.19,--,3911,1247609,买盘
2160,10:12:01,3.19,0.01,210,66990,买盘
2161,10:11:57,3.18,-0.01,601,191118,卖盘
2162,10:11:52,3.19,--,48,15312,买盘
2163,10:11:46,3.19,0.01,1393,444367,买盘
2164,10:11:42,3.18,-0.01,706,224508,卖盘
2165,10:11:37,3.19,--,853,272107,买盘
2166,10:11:27,3.19,--,2467,786973,买盘
2167,10:11:22,3.19,--,24,7656,买盘
2168,10:11:16,3.19,--,444,141636,买盘
2169,10:11:07,3.19,--,8990,2867810,买盘
2170,10:11:01,3.19,--,633,201927,买盘
2171,10:10:57,3.19,--,14728,4698232,买盘
2172,10:10:52,3.19,--,394,125686,买盘
2173,10:10:46,3.19,--,130,41470,买盘
2174,10:10:42,3.19,--,3630,1157970,买盘
2175,10:10:37,3.19,0.01,2701,861619,买盘
2176,10:10:31,3.18,-0.01,20,6360,卖盘
2177,10:10:27,3.19,0.01,141,44979,买盘
2178,10:10:22,3.18,-0.01,84,26712,卖盘
2179,10:10:12,3.19,0.01,3361,1072159,买盘
2180,10:10:07,3.18,--,5743,1826423,卖盘
2181,10:10:01,3.18,--,384,122112,卖盘
2182,10:09:57,3.18,-0.01,10096,3210528,卖盘
2183,10:09:52,3.19,--,2505,799095,买盘
2184,10:09:46,3.19,0.01,1167,372273,买盘
2185,10:09:42,3.18,-0.01,12691,4035738,卖盘
2186,10:09:37,3.19,--,11089,3537391,买盘
2187,10:09:31,3.19,0.01,236,75284,买盘
2188,10:09:27,3.18,-0.01,1220,387960,卖盘
2189,10:09:22,3.19,--,1570,500830,买盘
2190,10:09:16,3.19,--,143,45617,买盘
2191,10:09:12,3.19,--,146,46574,买盘
2192,10:09:07,3.19,--,78,24882,买盘
2193,10:09:01,3.19,0.01,560,178640,买盘
2194,10:08:57,3.18,-0.01,608,193344,卖盘
2195,10:08:52,3.19,0.01,49,15631,买盘
2196,10:08:46,3.18,--,644,204792,卖盘
2197,10:08:42,3.18,-0.01,10023,3187314,卖盘
2198,10:08:37,3.19,--,401,127919,买盘
2199,10:08:31,3.19,0.01,57,18183,买盘
2200,10:08:27,3.18,--,38,12084,卖盘
2201,10:08:22,3.18,-0.01,407,129426,卖盘
2202,10:08:12,3.19,--,118,37642,买盘
2203,10:08:07,3.19,--,1466,467654,买盘
2204,10:08:01,3.19,--,318,101442,买盘
2205,10:07:57,3.19,0.01,1,319,买盘
2206,10:07:51,3.18,-0.01,214,68052,卖盘
2207,10:07:46,3.19,0.01,250,79750,买盘
2208,10:07:42,3.18,--,42,13356,卖盘
2209,10:07:37,3.18,--,105,33390,卖盘
2210,10:07:31,3.18,--,5,1590,卖盘
2211,10:07:26,3.18,-0.01,70,22260,卖盘
2212,10:07:21,3.19,0.01,1007,321233,买盘
2213,10:07:16,3.18,--,46,14628,卖盘
2214,10:07:06,3.18,--,10347,3290346,卖盘
2215,10:07:01,3.18,-0.01,189,60102,卖盘
2216,10:06:55,3.19,0.01,2,638,买盘
2217,10:06:51,3.18,-0.01,10241,3256638,卖盘
2218,10:06:46,3.19,0.01,460,146740,买盘
2219,10:06:40,3.18,-0.01,135,42930,卖盘
2220,10:06:37,3.19,0.01,1003,319957,买盘
2221,10:06:31,3.18,-0.01,524,166632,卖盘
2222,10:06:21,3.19,--,5051,1611269,买盘
2223,10:06:16,3.19,0.01,10103,3222857,买盘
2224,10:06:10,3.18,-0.01,69,21942,卖盘
2225,10:06:06,3.19,0.01,1940,618860,买盘
2226,10:06:01,3.18,-0.01,200,63600,卖盘
2227,10:05:55,3.19,0.01,371,118349,买盘
2228,10:05:51,3.18,--,10487,3334866,卖盘
2229,10:05:46,3.18,-0.01,10340,3288120,卖盘
2230,10:05:40,3.19,--,595,189805,买盘
2231,10:05:36,3.19,0.01,10350,3301650,买盘
2232,10:05:31,3.18,-0.01,10101,3212118,卖盘
2233,10:05:25,3.19,--,10086,3217434,买盘
2234,10:05:21,3.19,0.01,886,282634,买盘
2235,10:05:16,3.18,--,66,20988,卖盘
2236,10:05:10,3.18,--,62,19716,卖盘
2237,10:05:06,3.18,-0.01,748,237864,卖盘
2238,10:05:01,3.19,0.01,367,117073,买盘
2239,10:04:55,3.18,-0.01,1,318,卖盘
2240,10:04:51,3.19,0.01,782,249458,买盘
2241,10:04:46,3.18,--,420,133560,卖盘
2242,10:04:40,3.18,-0.01,10,3180,卖盘
2243,10:04:36,3.19,0.01,228,72732,买盘
2244,10:04:31,3.18,--,90,28620,卖盘
2245,10:04:25,3.18,-0.01,110,34980,卖盘
2246,10:04:21,3.19,0.01,289,92191,买盘
2247,10:04:16,3.18,-0.01,53,16854,卖盘
2248,10:04:10,3.19,--,222,70818,买盘
2249,10:04:06,3.19,--,1,319,买盘
2250,10:04:01,3.19,0.01,501,159819,买盘
2251,10:03:55,3.18,-0.01,1,318,卖盘
2252,10:03:51,3.19,--,8,2552,买盘
2253,10:03:46,3.19,--,102,32538,买盘
2254,10:03:40,3.19,0.01,1688,538472,买盘
2255,10:03:36,3.18,-0.01,10328,3284304,卖盘
2256,10:03:31,3.19,--,117,37323,买盘
2257,10:03:25,3.19,--,178,56782,买盘
2258,10:03:21,3.19,--,6,1914,买盘
2259,10:03:10,3.19,--,211,67309,买盘
2260,10:03:06,3.19,--,393,125367,买盘
2261,10:03:01,3.19,--,359,114521,买盘
2262,10:02:51,3.19,--,42,13398,买盘
2263,10:02:45,3.19,--,24,7656,买盘
2264,10:02:36,3.19,0.01,900,287100,买盘
2265,10:02:31,3.18,-0.01,2,636,卖盘
2266,10:02:21,3.19,--,605,192995,买盘
2267,10:02:16,3.19,--,57,18183,买盘
2268,10:02:10,3.19,--,21,6699,买盘
2269,10:02:06,3.19,0.01,101,32219,买盘
2270,10:02:00,3.18,-0.01,528,167904,卖盘
2271,10:01:55,3.19,--,45,14355,买盘
2272,10:01:45,3.19,0.01,154,49126,买盘
2273,10:01:40,3.18,--,1,318,卖盘
2274,10:01:35,3.18,-0.01,13,4134,卖盘
2275,10:01:30,3.19,--,3376,1076944,买盘
2276,10:01:25,3.19,--,283,90277,买盘
2277,10:01:21,3.19,--,509,162371,买盘
2278,10:01:15,3.19,--,371,118349,买盘
2279,10:01:10,3.19,--,73,23287,买盘
2280,10:01:05,3.19,--,1999,637681,买盘
2281,10:01:00,3.19,--,287,91553,买盘
2282,10:00:55,3.19,--,629,200651,买盘
2283,10:00:51,3.19,--,626,199694,买盘
2284,10:00:45,3.19,--,1136,362384,买盘
2285,10:00:40,3.19,--,650,207350,买盘
2286,10:00:35,3.19,--,672,214368,买盘
2287,10:00:30,3.19,--,2221,708499,买盘
2288,10:00:25,3.19,--,1389,443091,买盘
2289,10:00:21,3.19,--,643,205117,买盘
2290,10:00:15,3.19,--,1650,526350,买盘
2291,10:00:10,3.19,--,1136,362384,买盘
2292,10:00:04,3.19,0.01,15,4785,买盘
2293,10:00:00,3.18,-0.01,352,111936,卖盘
2294,09:59:55,3.19,--,468,149292,买盘
2295,09:59:49,3.19,--,24,7656,买盘
2296,09:59:40,3.19,--,139,44341,买盘
2297,09:59:34,3.19,--,1,319,买盘
2298,09:59:30,3.19,0.01,518,165242,买盘
2299,09:59:25,3.18,--,1042,331356,卖盘
2300,09:59:15,3.18,--,8,2544,卖盘
2301,09:59:10,3.18,--,133,42294,卖盘
2302,09:59:04,3.18,--,7,2226,卖盘
2303,09:59:00,3.18,-0.01,10,3180,卖盘
2304,09:58:55,3.19,0.01,610,194590,买盘
2305,09:58:45,3.18,--,1,318,卖盘
2306,09:58:40,3.18,-0.01,878,279204,卖盘
2307,09:58:34,3.19,--,38,12122,买盘
2308,09:58:30,3.19,--,561,178959,买盘
2309,09:58:25,3.19,0.01,516,164604,买盘
2310,09:58:19,3.18,--,100,31800,卖盘
2311,09:58:15,3.18,-0.01,891,283338,卖盘
2312,09:58:10,3.19,--,466,148654,买盘
2313,09:58:04,3.19,0.01,39,12441,买盘
2314,09:58:00,3.18,--,8,2544,卖盘
2315,09:57:55,3.18,--,2,636,卖盘
2316,09:57:49,3.18,--,98,31164,卖盘
2317,09:57:45,3.18,--,9,2862,卖盘
2318,09:57:40,3.18,--,196,62328,卖盘
2319,09:57:34,3.18,-0.01,5,1590,卖盘
2320,09:57:30,3.19,0.01,52,16588,买盘
2321,09:57:25,3.18,--,20,6360,卖盘
2322,09:57:15,3.18,--,681,216558,卖盘
2323,09:57:04,3.18,-0.01,3,954,卖盘
2324,09:57:00,3.19,--,48,15312,买盘
2325,09:56:49,3.19,0.01,3376,1076944,买盘
2326,09:56:45,3.18,-0.01,258,82044,卖盘
2327,09:56:39,3.19,--,162,51678,买盘
2328,09:56:34,3.19,--,69,22011,买盘
2329,09:56:30,3.19,0.01,396,126324,买盘
2330,09:56:24,3.18,--,522,165996,卖盘
2331,09:56:19,3.18,--,3,954,卖盘
2332,09:56:15,3.18,-0.01,1,318,卖盘
2333,09:56:09,3.19,--,597,190443,买盘
2334,09:56:04,3.19,--,1013,323147,买盘
2335,09:56:00,3.19,--,189,60291,买盘
2336,09:55:54,3.19,0.01,30,9570,买盘
2337,09:55:49,3.18,-0.01,59,18762,卖盘
2338,09:55:45,3.19,0.01,544,173536,买盘
2339,09:55:39,3.18,--,73,23214,卖盘
2340,09:55:34,3.18,--,1,318,卖盘
2341,09:55:30,3.18,--,227,72186,卖盘
2342,09:55:24,3.18,-0.01,661,210198,卖盘
2343,09:55:15,3.19,--,10,3190,买盘
2344,09:55:04,3.19,--,311,99209,买盘
2345,09:55:00,3.19,--,2316,738804,买盘
2346,09:54:54,3.19,--,238,75922,买盘
2347,09:54:49,3.19,--,140,44660,买盘
2348,09:54:45,3.19,0.01,2210,704990,买盘
2349,09:54:39,3.18,-0.01,1931,614058,卖盘
2350,09:54:34,3.19,--,890,283910,买盘
2351,09:54:30,3.19,--,2060,657140,买盘
2352,09:54:24,3.19,--,915,291885,买盘
2353,09:54:19,3.19,--,1344,428736,买盘
2354,09:54:15,3.19,0.01,1169,372911,买盘
2355,09:54:09,3.18,-0.01,6097,1938846,卖盘
2356,09:54:04,3.19,0.01,20,6380,买盘
2357,09:53:59,3.18,-0.01,985,313230,卖盘
2358,09:53:54,3.19,--,1336,426184,买盘
2359,09:53:49,3.19,--,871,277849,买盘
2360,09:53:44,3.19,--,950,303050,买盘
2361,09:53:39,3.19,--,401,127919,买盘
2362,09:53:34,3.19,0.01,321,102399,买盘
2363,09:53:29,3.18,-0.01,1424,452832,卖盘
2364,09:53:24,3.19,--,1369,436711,买盘
2365,09:53:19,3.19,--,323,103037,买盘
2366,09:53:14,3.19,--,1006,320914,买盘
2367,09:53:09,3.19,--,534,170346,买盘
2368,09:52:59,3.19,0.01,350,111650,买盘
2369,09:52:54,3.18,-0.01,366,116388,卖盘
2370,09:52:49,3.19,--,20,6380,买盘
2371,09:52:39,3.19,--,3430,1094170,买盘
2372,09:52:34,3.19,--,31,9889,买盘
2373,09:52:24,3.19,0.01,509,162371,买盘
2374,09:52:19,3.18,--,61,19398,卖盘
2375,09:52:13,3.18,-0.01,1951,620418,卖盘
2376,09:52:09,3.19,--,390,124410,买盘
2377,09:52:04,3.19,--,174,55506,买盘
2378,09:51:58,3.19,0.01,2,638,买盘
2379,09:51:54,3.18,-0.01,617,196206,卖盘
2380,09:51:49,3.19,0.01,618,197142,买盘
2381,09:51:43,3.18,-0.01,60,19080,卖盘
2382,09:51:39,3.19,--,178,56782,买盘
2383,09:51:34,3.19,--,275,87725,买盘
2384,09:51:28,3.19,--,190,60610,买盘
2385,09:51:24,3.19,--,493,157267,买盘
2386,09:51:19,3.19,0.01,908,289652,买盘
2387,09:51:13,3.18,--,656,208608,卖盘
2388,09:51:09,3.18,-0.01,524,166632,卖盘
2389,09:51:04,3.19,0.01,913,291247,买盘
2390,09:50:58,3.18,--,1,318,卖盘
2391,09:50:54,3.18,-0.01,280,89040,卖盘
2392,09:50:49,3.19,0.01,160,51040,买盘
2393,09:50:43,3.18,--,130,41340,卖盘
2394,09:50:39,3.18,-0.01,1784,567312,卖盘
2395,09:50:34,3.19,--,1148,366212,买盘
2396,09:50:28,3.19,--,125,39875,买盘
2397,09:50:24,3.19,0.01,283,90277,买盘
2398,09:50:19,3.18,-0.01,50,15900,卖盘
2399,09:50:13,3.19,--,966,308154,买盘
2400,09:50:09,3.19,0.01,373,118987,买盘
2401,09:50:04,3.18,--,125,39750,买盘
2402,09:49:58,3.18,--,1366,434388,买盘
2403,09:49:54,3.18,--,994,316092,买盘
2404,09:49:48,3.18,--,1655,526290,买盘
2405,09:49:43,3.18,--,2,636,买盘
2406,09:49:39,3.18,--,956,304008,买盘
2407,09:49:34,3.18,--,1019,324042,买盘
2408,09:49:28,3.18,--,109,34662,买盘
2409,09:49:24,3.18,--,832,264576,买盘
2410,09:49:18,3.18,--,2540,807720,买盘
2411,09:49:13,3.18,--,621,197478,买盘
2412,09:49:09,3.18,--,2413,767334,买盘
2413,09:49:03,3.18,--,1037,329766,买盘
2414,09:48:58,3.18,--,409,130062,买盘
2415,09:48:54,3.18,--,922,293196,买盘
2416,09:48:48,3.18,0.01,4555,1448490,买盘
2417,09:48:43,3.17,-0.01,56,17752,卖盘
2418,09:48:39,3.18,--,2000,636000,买盘
2419,09:48:33,3.18,--,34849,11081982,买盘
2420,09:48:28,3.18,--,5,1590,买盘
2421,09:48:24,3.18,--,900,286200,买盘
2422,09:48:18,3.18,--,605,192390,买盘
2423,09:48:13,3.18,--,668,212424,买盘
2424,09:48:09,3.18,--,330,104940,买盘
2425,09:48:03,3.18,--,111,35298,买盘
2426,09:47:58,3.18,--,4334,1378212,买盘
2427,09:47:54,3.18,0.01,106,33708,买盘
2428,09:47:48,3.17,-0.01,4174,1323158,卖盘
2429,09:47:43,3.18,--,21,6678,买盘
2430,09:47:39,3.18,--,2337,743166,买盘
2431,09:47:33,3.18,--,2956,940008,买盘
2432,09:47:28,3.18,0.01,361,114798,买盘
2433,09:47:24,3.17,--,484,153428,卖盘
2434,09:47:18,3.17,-0.01,389,123313,卖盘
2435,09:47:13,3.18,--,1829,581622,买盘
2436,09:47:09,3.18,--,276,87768,买盘
2437,09:47:03,3.18,0.01,1452,461736,买盘
2438,09:46:58,3.17,-0.01,3,951,卖盘
2439,09:46:54,3.18,--,10709,3405462,买盘
2440,09:46:48,3.18,--,5680,1806240,买盘
2441,09:46:43,3.18,--,672,213696,买盘
2442,09:46:38,3.18,--,3559,1131762,买盘
2443,09:46:33,3.18,--,1572,499896,买盘
2444,09:46:28,3.18,--,130,41340,买盘
2445,09:46:23,3.18,--,931,296058,买盘
2446,09:46:18,3.18,--,326,103668,买盘
2447,09:46:13,3.18,--,291,92538,买盘
2448,09:46:08,3.18,--,691,219738,买盘
2449,09:46:03,3.18,--,941,299238,买盘
2450,09:45:58,3.18,--,251,79818,买盘
2451,09:45:53,3.18,--,12331,3921258,买盘
2452,09:45:48,3.18,--,240,76320,买盘
2453,09:45:43,3.18,--,732,232776,买盘
2454,09:45:38,3.18,--,1196,380328,买盘
2455,09:45:33,3.18,--,4192,1333056,买盘
2456,09:45:28,3.18,0.01,608,193344,买盘
2457,09:45:23,3.17,--,1450,459650,卖盘
2458,09:45:18,3.17,-0.01,692,219364,卖盘
2459,09:45:13,3.18,--,2413,767334,买盘
2460,09:45:08,3.18,--,1474,468732,买盘
2461,09:45:03,3.18,0.01,1412,449016,买盘
2462,09:44:58,3.17,-0.01,7,2219,卖盘
2463,09:44:53,3.18,--,390,124020,买盘
2464,09:44:48,3.18,0.01,7,2226,买盘
2465,09:44:37,3.17,-0.01,617,195589,卖盘
2466,09:44:33,3.18,0.01,517,164406,买盘
2467,09:44:28,3.17,-0.01,232,73544,卖盘
2468,09:44:22,3.18,0.01,376,119568,买盘
2469,09:44:18,3.17,--,955,302735,卖盘
2470,09:44:13,3.17,--,155,49135,卖盘
2471,09:44:03,3.17,-0.01,590,187030,卖盘
2472,09:43:58,3.18,0.01,57,18126,买盘
2473,09:43:48,3.17,--,107,33919,卖盘
2474,09:43:43,3.17,--,21,6657,卖盘
2475,09:43:33,3.17,--,1,317,卖盘
2476,09:43:28,3.17,-0.01,205,64985,卖盘
2477,09:43:18,3.18,0.01,158,50244,买盘
2478,09:43:13,3.17,--,50,15850,卖盘
2479,09:43:03,3.17,--,200,63400,卖盘
2480,09:42:58,3.17,--,5000,1585000,卖盘
2481,09:42:52,3.17,-0.01,1,317,卖盘
2482,09:42:48,3.18,0.01,103,32754,买盘
2483,09:42:43,3.17,-0.01,5564,1763962,卖盘
2484,09:42:37,3.18,--,93,29574,买盘
2485,09:42:33,3.18,--,382,121476,买盘
2486,09:42:27,3.18,--,20,6360,买盘
2487,09:42:22,3.18,--,621,197478,买盘
2488,09:42:18,3.18,0.01,203,64554,买盘
2489,09:42:12,3.17,--,4,1268,卖盘
2490,09:42:07,3.17,-0.01,198,62766,卖盘
2491,09:42:03,3.18,--,385,122430,买盘
2492,09:41:57,3.18,0.01,8,2544,买盘
2493,09:41:52,3.17,--,28,8876,卖盘
2494,09:41:48,3.17,--,8,2536,卖盘
2495,09:41:42,3.17,--,607,192419,卖盘
2496,09:41:37,3.17,--,34,10778,卖盘
2497,09:41:33,3.17,-0.01,400,126800,卖盘
2498,09:41:27,3.18,--,4,1272,买盘
2499,09:41:22,3.18,0.01,40,12720,买盘
2500,09:41:18,3.17,--,404,128068,卖盘
2501,09:41:12,3.17,-0.01,548,173716,卖盘
2502,09:41:07,3.18,--,326,103668,买盘
2503,09:41:03,3.18,0.01,1453,462054,买盘
2504,09:40:57,3.17,-0.01,1,317,卖盘
2505,09:40:52,3.18,--,1007,320226,买盘
2506,09:40:48,3.18,--,1016,323088,买盘
2507,09:40:42,3.18,--,436,138648,买盘
2508,09:40:37,3.18,--,19,6042,买盘
2509,09:40:33,3.18,--,372,118296,买盘
2510,09:40:27,3.18,--,725,230550,买盘
2511,09:40:22,3.18,0.01,113,35934,买盘
2512,09:40:18,3.17,-0.01,556,176252,卖盘
2513,09:40:12,3.18,--,2899,921882,买盘
2514,09:40:07,3.18,0.01,772,245496,买盘
2515,09:40:02,3.17,-0.01,373,118241,卖盘
2516,09:39:57,3.18,--,178,56604,买盘
2517,09:39:52,3.18,--,495,157410,买盘
2518,09:39:47,3.18,0.01,1186,377148,买盘
2519,09:39:42,3.17,-0.01,5445,1726065,卖盘
2520,09:39:37,3.18,--,98,31164,买盘
2521,09:39:32,3.18,--,3,954,买盘
2522,09:39:27,3.18,0.01,133,42294,买盘
2523,09:39:17,3.17,-0.01,49,15533,卖盘
2524,09:39:12,3.18,--,517,164406,买盘
2525,09:39:07,3.18,0.01,45,14310,买盘
2526,09:39:02,3.17,-0.01,383,121411,卖盘
2527,09:38:47,3.18,--,321,102078,买盘
2528,09:38:42,3.18,--,288,91584,买盘
2529,09:38:37,3.18,--,360,114480,买盘
2530,09:38:32,3.18,--,428,136104,买盘
2531,09:38:27,3.18,--,3477,1105686,买盘
2532,09:38:22,3.18,--,30,9540,买盘
2533,09:38:17,3.18,--,425,135150,买盘
2534,09:38:12,3.18,0.01,470,149460,买盘
2535,09:38:07,3.17,-0.01,543,172131,卖盘
2536,09:38:02,3.18,--,545,173310,买盘
2537,09:37:57,3.18,--,442,140556,买盘
2538,09:37:52,3.18,--,381,121158,买盘
2539,09:37:47,3.18,--,1158,368244,买盘
2540,09:37:42,3.18,--,293,93174,买盘
2541,09:37:37,3.18,--,77,24486,买盘
2542,09:37:32,3.18,--,413,131334,买盘
2543,09:37:27,3.18,--,2020,642360,买盘
2544,09:37:22,3.18,--,609,193662,买盘
2545,09:37:16,3.18,--,58,18444,买盘
2546,09:37:12,3.18,--,1038,330084,买盘
2547,09:37:07,3.18,0.01,71,22578,买盘
2548,09:37:02,3.17,--,6,1902,卖盘
2549,09:36:57,3.17,--,320,101440,卖盘
2550,09:36:52,3.17,-0.01,50,15850,卖盘
2551,09:36:47,3.18,0.01,1,318,买盘
2552,09:36:42,3.17,--,437,138529,卖盘
2553,09:36:37,3.17,-0.01,647,205099,卖盘
2554,09:36:31,3.18,0.01,234,74412,买盘
2555,09:36:27,3.17,-0.01,201,63717,卖盘
2556,09:36:22,3.18,--,242,76956,买盘
2557,09:36:16,3.18,0.01,85,27030,买盘
2558,09:36:12,3.17,-0.01,1,317,卖盘
2559,09:36:07,3.18,--,61,19398,买盘
2560,09:36:01,3.18,--,50,15900,买盘
2561,09:35:57,3.18,--,365,116070,买盘
2562,09:35:52,3.18,--,365,116070,买盘
2563,09:35:46,3.18,--,193,61374,买盘
2564,09:35:42,3.18,--,275,87450,买盘
2565,09:35:37,3.18,--,79,25122,买盘
2566,09:35:31,3.18,0.01,5039,1602402,买盘
2567,09:35:27,3.17,-0.01,1,317,卖盘
2568,09:35:21,3.18,--,1053,334854,买盘
2569,09:35:16,3.18,--,1053,334854,买盘
2570,09:35:12,3.18,--,723,229914,买盘
2571,09:35:06,3.18,--,1203,382554,买盘
2572,09:35:01,3.18,--,588,186984,买盘
2573,09:34:57,3.18,--,1078,342804,买盘
2574,09:34:51,3.18,0.01,1055,335490,买盘
2575,09:34:46,3.17,-0.01,91,28847,卖盘
2576,09:34:42,3.18,--,88,27984,买盘
2577,09:34:36,3.18,--,918,291924,买盘
2578,09:34:31,3.18,--,265,84270,买盘
2579,09:34:27,3.18,--,8,2544,买盘
2580,09:34:21,3.18,--,260,82680,买盘
2581,09:34:16,3.18,--,129,41022,买盘
2582,09:34:12,3.18,--,1091,346938,买盘
2583,09:34:06,3.18,--,1656,526608,买盘
2584,09:34:01,3.18,0.01,5245,1667910,买盘
2585,09:33:57,3.17,--,2740,868580,买盘
2586,09:33:51,3.17,--,1245,394665,买盘
2587,09:33:46,3.17,--,544,172448,买盘
2588,09:33:42,3.17,--,794,251698,买盘
2589,09:33:36,3.17,--,1194,378498,买盘
2590,09:33:31,3.17,--,53,16801,买盘
2591,09:33:26,3.17,--,4478,1419526,买盘
2592,09:33:21,3.17,--,1269,402273,买盘
2593,09:33:16,3.17,--,2036,645412,买盘
2594,09:33:11,3.17,--,577,182909,买盘
2595,09:33:06,3.17,--,525,166425,买盘
2596,09:33:01,3.17,--,110,34870,买盘
2597,09:32:57,3.17,--,772,244724,买盘
2598,09:32:51,3.17,--,101,32017,买盘
2599,09:32:41,3.17,--,1119,354723,买盘
2600,09:32:36,3.17,--,3488,1105696,买盘
2601,09:32:31,3.17,--,614,194638,买盘
2602,09:32:26,3.17,--,960,304320,买盘
2603,09:32:21,3.17,--,518,164206,买盘
2604,09:32:16,3.17,--,283,89711,买盘
2605,09:32:11,3.17,--,2849,903133,买盘
2606,09:32:06,3.17,--,918,291006,买盘
2607,09:32:01,3.17,--,28,8876,买盘
2608,09:31:56,3.17,0.01,100,31700,买盘
2609,09:31:51,3.16,-0.01,827,261332,卖盘
2610,09:31:46,3.17,0.01,646,204782,买盘
2611,09:31:41,3.16,-0.01,4,1264,卖盘
2612,09:31:36,3.17,0.01,183,58011,买盘
2613,09:31:31,3.16,-0.01,8,2528,卖盘
2614,09:31:26,3.17,--,20,6340,买盘
2615,09:31:21,3.17,--,336,106512,买盘
2616,09:31:16,3.17,0.01,306,97002,买盘
2617,09:31:11,3.16,--,1830,578280,卖盘
2618,09:31:06,3.16,-0.01,5923,1871668,卖盘
2619,09:31:01,3.17,0.01,312,98904,买盘
2620,09:30:56,3.16,-0.01,183,57828,卖盘
2621,09:30:51,3.17,--,4453,1411601,买盘
2622,09:30:46,3.17,0.01,5,1585,买盘
2623,09:30:41,3.16,-0.01,1057,334012,卖盘
2624,09:30:36,3.17,--,1773,562041,买盘
2625,09:30:31,3.17,--,116,36772,买盘
2626,09:30:26,3.17,--,652,206684,买盘
2627,09:30:21,3.17,--,1427,452359,买盘
2628,09:30:16,3.17,--,5720,1813240,买盘
2629,09:30:11,3.17,--,2410,763970,买盘
2630,09:30:06,3.17,0.01,5824,1846208,买盘
2631,09:28:56,3.16,--,0,0,卖盘
2632,09:25:04,3.16,3.16,23663,7477508,买盘
