,time,price,change,volume,amount,type
0,15:00:00,11.26,--,0,0,卖盘
1,15:00:00,11.26,--,0,0,卖盘
2,14:59:50,11.26,--,6,6756,卖盘
3,14:59:45,11.26,--,5,5630,卖盘
4,14:59:35,11.26,--,5,5630,卖盘
5,14:59:30,11.26,--,2,2252,卖盘
6,14:59:25,11.26,--,35,39410,卖盘
7,14:59:20,11.26,--,38,42788,卖盘
8,14:59:10,11.26,--,101,113726,卖盘
9,14:58:55,11.26,--,25,28150,卖盘
10,14:58:40,11.26,--,154,173404,卖盘
11,14:58:35,11.26,--,3,3378,卖盘
12,14:58:30,11.26,--,1,1126,卖盘
13,14:58:25,11.26,--,100,112600,卖盘
14,14:58:20,11.26,--,100,112600,卖盘
15,14:58:10,11.26,--,2,2252,卖盘
16,14:58:04,11.26,--,39,43914,卖盘
17,14:57:55,11.26,--,101,113726,卖盘
18,14:57:49,11.26,--,131,147506,卖盘
19,14:57:40,11.26,--,1,1126,卖盘
20,14:57:34,11.26,--,131,147506,卖盘
21,14:57:30,11.26,--,1,1126,卖盘
22,14:57:10,11.26,--,55,61930,卖盘
23,14:57:04,11.26,--,22,24772,卖盘
24,14:57:00,11.26,--,60,67560,卖盘
25,14:56:49,11.26,--,10,11260,卖盘
26,14:56:40,11.26,--,5,5630,卖盘
27,14:56:34,11.26,--,15,16890,卖盘
28,14:56:25,11.26,--,11,12386,卖盘
29,14:56:19,11.26,--,56,63056,卖盘
30,14:56:10,11.26,--,3,3378,卖盘
31,14:56:04,11.26,--,10,11260,卖盘
32,14:56:00,11.26,--,1,1126,卖盘
33,14:55:54,11.26,--,10,11260,卖盘
34,14:55:49,11.26,--,140,157640,卖盘
35,14:55:34,11.26,--,3,3378,卖盘
36,14:55:24,11.26,--,10,11260,卖盘
37,14:55:19,11.26,--,15,16890,卖盘
38,14:55:15,11.26,--,10,11260,卖盘
39,14:55:00,11.26,--,84,94584,卖盘
40,14:54:54,11.26,--,100,112600,卖盘
41,14:54:49,11.26,--,10,11260,卖盘
42,14:54:39,11.26,--,9,10134,卖盘
43,14:54:34,11.26,--,1,1126,卖盘
44,14:54:30,11.26,--,5,5630,卖盘
45,14:54:24,11.26,--,11,12386,卖盘
46,14:54:19,11.26,--,1,1126,卖盘
47,14:54:15,11.26,--,120,135120,卖盘
48,14:54:04,11.26,--,13,14638,卖盘
49,14:54:00,11.26,--,2,2252,卖盘
50,14:53:54,11.26,--,1,1126,卖盘
51,14:53:49,11.26,--,133,149758,卖盘
52,14:53:34,11.26,--,7,7882,卖盘
53,14:53:30,11.26,--,7,7882,卖盘
54,14:53:19,11.26,--,22,24772,卖盘
55,14:53:15,11.26,--,30,33780,卖盘
56,14:53:09,11.26,--,21,23646,卖盘
57,14:53:04,11.26,--,26,29276,卖盘
58,14:53:00,11.26,--,27,30402,卖盘
59,14:52:54,11.26,--,4,4504,卖盘
60,14:52:49,11.26,--,21,23646,卖盘
61,14:52:44,11.26,--,24,27024,卖盘
62,14:52:24,11.26,--,1,1126,卖盘
63,14:52:19,11.26,--,46,51796,卖盘
64,14:52:14,11.26,--,10,11260,卖盘
65,14:52:04,11.26,--,6,6756,卖盘
66,14:51:59,11.26,--,114,128364,卖盘
67,14:51:54,11.26,--,11,12386,卖盘
68,14:51:49,11.26,--,21,23646,卖盘
69,14:51:44,11.26,--,1,1126,卖盘
70,14:51:39,11.26,--,2,2252,卖盘
71,14:51:34,11.26,--,23,26461,卖盘
72,14:51:24,11.26,--,1,1126,卖盘
73,14:51:19,11.26,--,734,826484,卖盘
74,14:51:14,11.26,--,757,853395,卖盘
75,14:50:59,11.26,--,1,1126,卖盘
76,14:50:54,11.26,--,5,5630,卖盘
77,14:50:49,11.26,--,23,25898,卖盘
78,14:50:44,11.26,--,28,31528,卖盘
79,14:50:34,11.26,--,1,1126,卖盘
80,14:50:29,11.26,--,122,137372,卖盘
81,14:50:14,11.26,--,21,23646,卖盘
82,14:49:49,11.26,--,5,5630,卖盘
83,14:49:43,11.26,--,39,43914,卖盘
84,14:49:39,11.26,--,5,5630,卖盘
85,14:49:28,11.26,--,2,2252,卖盘
86,14:49:13,11.26,--,5,5630,卖盘
87,14:49:09,11.26,--,4,4504,卖盘
88,14:49:03,11.26,--,23,25898,卖盘
89,14:48:58,11.26,--,28,32541,卖盘
90,14:48:54,11.26,--,100,112600,卖盘
91,14:48:48,11.26,--,1,1126,卖盘
92,14:48:43,11.26,--,10,11260,卖盘
93,14:48:33,11.26,--,1,1126,卖盘
94,14:48:28,11.26,--,10,11260,卖盘
95,14:48:23,11.26,--,10,11260,卖盘
96,14:47:43,11.26,--,2,2252,卖盘
97,14:47:33,11.26,--,10,11260,卖盘
98,14:47:23,11.26,--,3,3378,卖盘
99,14:47:18,11.26,--,2,2252,卖盘
100,14:47:13,11.26,--,10,11260,卖盘
101,14:47:03,11.26,--,1,1126,卖盘
102,14:46:58,11.26,--,69,78257,卖盘
103,14:46:38,11.26,--,15,16890,卖盘
104,14:46:18,11.26,--,9,10134,卖盘
105,14:46:03,11.26,--,5,5630,卖盘
106,14:45:58,11.26,--,46,51796,卖盘
107,14:45:53,11.26,--,25,28150,卖盘
108,14:45:43,11.26,--,10,11260,卖盘
109,14:45:38,11.26,--,15,16890,卖盘
110,14:45:28,11.26,--,81,91206,卖盘
111,14:45:23,11.26,--,3,3378,卖盘
112,14:45:18,11.26,--,5,5630,卖盘
113,14:45:13,11.26,--,11,12386,卖盘
114,14:45:08,11.26,--,9,10134,卖盘
115,14:44:48,11.26,--,30,33780,卖盘
116,14:44:38,11.26,--,58,65308,卖盘
117,14:44:33,11.26,--,10,11260,卖盘
118,14:44:08,11.26,--,11,12386,卖盘
119,14:44:03,11.26,--,32,36032,卖盘
120,14:43:38,11.26,--,3,3378,卖盘
121,14:43:33,11.26,--,5,5630,卖盘
122,14:43:28,11.26,--,2,2252,卖盘
123,14:43:13,11.26,--,74,83324,卖盘
124,14:43:03,11.26,--,2,2252,卖盘
125,14:42:33,11.26,--,1,1126,卖盘
126,14:42:23,11.26,--,3,3378,卖盘
127,14:42:12,11.26,--,23,25898,卖盘
128,14:42:07,11.26,--,16,18016,卖盘
129,14:42:03,11.26,--,17,19142,卖盘
130,14:41:52,11.26,--,101,113726,卖盘
131,14:41:42,11.26,--,50,56300,卖盘
132,14:41:37,11.26,--,60,67560,卖盘
133,14:41:32,11.26,--,2,2252,卖盘
134,14:41:22,11.26,--,4,4504,卖盘
135,14:41:17,11.26,--,11,12386,卖盘
136,14:41:07,11.26,--,12,13512,卖盘
137,14:41:02,11.26,--,70,78820,卖盘
138,14:40:57,11.26,--,6,6756,卖盘
139,14:40:52,11.26,--,3,3378,卖盘
140,14:40:47,11.26,--,250,281500,卖盘
141,14:40:32,11.26,--,155,174530,卖盘
142,14:40:22,11.26,--,15,16890,卖盘
143,14:40:12,11.26,--,10,11260,卖盘
144,14:40:07,11.26,--,96,108096,卖盘
145,14:39:47,11.26,--,9,10134,卖盘
146,14:39:17,11.26,--,1,1126,卖盘
147,14:39:12,11.26,--,3,3378,卖盘
148,14:39:07,11.26,--,47,52922,卖盘
149,14:38:57,11.26,--,3,3378,卖盘
150,14:38:02,11.26,--,2,2252,卖盘
151,14:37:52,11.26,--,2,2252,卖盘
152,14:37:37,11.26,--,105,118230,卖盘
153,14:37:22,11.26,--,1,1126,卖盘
154,14:36:32,11.26,--,4,4504,卖盘
155,14:36:22,11.26,--,75,84450,卖盘
156,14:36:17,11.26,--,1,1126,卖盘
157,14:36:12,11.26,--,60,67560,卖盘
158,14:35:42,11.26,--,9,10134,卖盘
159,14:35:32,11.26,--,100,112600,卖盘
160,14:35:17,11.26,--,10,11260,卖盘
161,14:35:12,11.26,--,12,13512,卖盘
162,14:35:06,11.26,--,40,45040,卖盘
163,14:34:57,11.26,--,103,115978,卖盘
164,14:34:51,11.26,--,50,56300,卖盘
165,14:34:47,11.26,--,5,5630,卖盘
166,14:34:32,11.26,--,66,74755,卖盘
167,14:34:12,11.26,--,64,72064,卖盘
168,14:33:21,11.26,--,2,2252,卖盘
169,14:33:16,11.26,--,1,1126,卖盘
170,14:32:56,11.26,--,5,6193,卖盘
171,14:32:36,11.26,--,5,5630,卖盘
172,14:32:21,11.26,--,50,56300,卖盘
173,14:32:16,11.26,--,13,14638,卖盘
174,14:32:11,11.26,--,10,11260,卖盘
175,14:32:06,11.26,--,3,3378,卖盘
176,14:32:01,11.26,--,1000,1126000,卖盘
177,14:31:56,11.26,--,50,56300,卖盘
178,14:31:46,11.26,--,6,6756,卖盘
179,14:31:41,11.26,--,6,7319,卖盘
180,14:31:31,11.26,--,10,11260,卖盘
181,14:31:26,11.26,--,1167,1314402,卖盘
182,14:31:16,11.26,--,7,7882,卖盘
183,14:31:01,11.26,--,120,135120,卖盘
184,14:30:56,11.26,--,20,22520,卖盘
185,14:30:41,11.26,--,351,395226,卖盘
186,14:30:31,11.26,--,60,67560,卖盘
187,14:30:26,11.26,--,94,105844,卖盘
188,14:30:11,11.26,--,1,1126,卖盘
189,14:30:01,11.26,--,100,112600,卖盘
190,14:29:46,11.26,--,17,19142,卖盘
191,14:29:26,11.26,--,5,5630,卖盘
192,14:29:16,11.26,--,30,33780,卖盘
193,14:29:11,11.26,--,21,23646,卖盘
194,14:28:41,11.26,--,4,4504,卖盘
195,14:28:26,11.26,--,4,4504,卖盘
196,14:28:11,11.26,--,45,50670,卖盘
197,14:27:21,11.26,--,2,2252,卖盘
198,14:27:15,11.26,--,2,2252,卖盘
199,14:26:45,11.26,--,17,19142,卖盘
200,14:26:41,11.26,--,2,2252,卖盘
201,14:26:15,11.26,--,54,60804,卖盘
202,14:25:45,11.26,--,18,20268,卖盘
203,14:25:40,11.26,--,105,118230,卖盘
204,14:25:35,11.26,--,5,5630,卖盘
205,14:25:10,11.26,--,100,112600,卖盘
206,14:25:05,11.26,--,10,11260,卖盘
207,14:24:50,11.26,--,1,1126,卖盘
208,14:24:20,11.26,--,15,16890,卖盘
209,14:24:10,11.26,--,7,7882,卖盘
210,14:24:05,11.26,--,4,4504,卖盘
211,14:23:05,11.26,--,10,11260,卖盘
212,14:22:50,11.26,--,2,2252,卖盘
213,14:22:25,11.26,--,354,398604,卖盘
214,14:22:20,11.26,--,5,5630,卖盘
215,14:22:10,11.26,--,3,3378,卖盘
216,14:21:55,11.26,--,10,11260,卖盘
217,14:21:45,11.26,--,13,14638,卖盘
218,14:21:40,11.26,--,1,1126,卖盘
219,14:21:35,11.26,--,242,272492,卖盘
220,14:21:20,11.26,--,23,25898,卖盘
221,14:21:10,11.26,--,22,24772,卖盘
222,14:21:05,11.26,--,16,18016,卖盘
223,14:21:00,11.26,--,3,3378,卖盘
224,14:20:50,11.26,--,14,15764,卖盘
225,14:20:35,11.26,--,158,177908,卖盘
226,14:20:15,11.26,--,15,16890,卖盘
227,14:20:00,11.26,--,10,11260,卖盘
228,14:19:54,11.26,--,26,29276,卖盘
229,14:19:35,11.26,--,8,9008,卖盘
230,14:19:20,11.26,--,313,352438,卖盘
231,14:19:05,11.26,--,7,7882,卖盘
232,14:18:35,11.26,--,2,2252,卖盘
233,14:18:19,11.26,--,1,1126,卖盘
234,14:17:53,11.26,--,35,39410,卖盘
235,14:17:19,11.26,--,10,11260,卖盘
236,14:17:09,11.26,--,1,1126,卖盘
237,14:16:44,11.26,--,11,12386,卖盘
238,14:16:14,11.26,--,5,5630,卖盘
239,14:15:49,11.26,--,10,11260,卖盘
240,14:15:44,11.26,--,62,69812,卖盘
241,14:15:29,11.26,--,26,29276,卖盘
242,14:15:14,11.26,--,158,177908,卖盘
243,14:15:04,11.26,--,131,147506,卖盘
244,14:14:49,11.26,--,10,11260,卖盘
245,14:14:44,11.26,--,50,56300,卖盘
246,14:14:34,11.26,--,1,1126,卖盘
247,14:14:23,11.26,--,7,7882,卖盘
248,14:14:14,11.26,--,3,3378,卖盘
249,14:14:08,11.26,--,9,10134,卖盘
250,14:13:59,11.26,--,92,103592,卖盘
251,14:13:53,11.26,--,32,36032,卖盘
252,14:13:38,11.26,--,41,46166,卖盘
253,14:13:29,11.26,--,215,242090,卖盘
254,14:13:23,11.26,--,20,22520,卖盘
255,14:13:17,11.26,--,10,11260,卖盘
256,14:13:14,11.26,--,7,7882,卖盘
257,14:13:08,11.26,--,345,388470,卖盘
258,14:13:02,11.26,--,16,18016,卖盘
259,14:12:59,11.26,--,30,33780,卖盘
260,14:12:47,11.26,--,36,40536,卖盘
261,14:12:44,11.26,--,23,25898,卖盘
262,14:12:29,11.26,--,30,33780,卖盘
263,14:12:14,11.26,--,1333,1500958,卖盘
264,14:12:08,11.26,--,2,2252,卖盘
265,14:12:02,11.26,--,3,3378,卖盘
266,14:11:58,11.26,--,7,7882,卖盘
267,14:11:44,11.26,--,4,4504,卖盘
268,14:10:53,11.26,--,3,3378,卖盘
269,14:10:13,11.26,--,7,7882,卖盘
270,14:10:08,11.26,--,50,56300,卖盘
271,14:09:58,11.26,--,24,27024,卖盘
272,14:09:38,11.26,--,1,1126,卖盘
273,14:09:02,11.26,--,10,11260,卖盘
274,14:08:43,11.26,--,1,1126,卖盘
275,14:08:38,11.26,--,10,11260,卖盘
276,14:08:23,11.26,--,7,7882,卖盘
277,14:08:13,11.26,--,10,11260,卖盘
278,14:08:08,11.26,--,8,9008,卖盘
279,14:07:58,11.26,--,49,55174,卖盘
280,14:07:17,11.26,--,330,371580,卖盘
281,14:07:13,11.26,--,5,5630,卖盘
282,14:07:08,11.26,--,5,5630,卖盘
283,14:07:02,11.26,--,26,29276,卖盘
284,14:06:47,11.26,--,3,3378,卖盘
285,14:06:38,11.26,--,1,1126,卖盘
286,14:06:17,11.26,--,5,5630,卖盘
287,14:06:08,11.26,--,5,5630,卖盘
288,14:05:23,11.26,--,2,2252,卖盘
289,14:04:53,11.26,--,1,1126,卖盘
290,14:04:38,11.26,--,3,3378,卖盘
291,14:04:17,11.26,--,80,90080,卖盘
292,14:04:11,11.26,--,34,38284,卖盘
293,14:04:07,11.26,--,24,27024,卖盘
294,14:03:22,11.26,--,9,10212,卖盘
295,14:03:07,11.26,--,1,1126,卖盘
296,14:02:56,11.26,--,1,1126,卖盘
297,14:02:37,11.26,--,3,3378,卖盘
298,14:01:47,11.26,--,5,5630,卖盘
299,14:01:37,11.26,--,2,2252,卖盘
300,14:00:52,11.26,--,5,5630,卖盘
301,13:59:32,11.26,--,29,32654,卖盘
302,13:59:17,11.26,--,3,3378,卖盘
303,13:59:05,11.26,--,10,11260,卖盘
304,13:58:47,11.26,--,60,67560,卖盘
305,13:58:26,11.26,--,2,2252,卖盘
306,13:58:20,11.26,--,10,11260,卖盘
307,13:58:02,11.26,--,10,11260,卖盘
308,13:56:56,11.26,--,1,1126,卖盘
309,13:56:41,11.26,--,15,16890,卖盘
310,13:56:35,11.26,--,2,2252,卖盘
311,13:56:01,11.26,--,30,33780,卖盘
312,13:55:41,11.26,--,4,4504,卖盘
313,13:55:35,11.26,--,0,11,卖盘
314,13:55:31,11.26,--,1,1126,卖盘
315,13:55:01,11.26,--,24,27024,卖盘
316,13:54:41,11.26,--,648,729648,卖盘
317,13:54:26,11.26,--,1,1126,卖盘
318,13:54:16,11.26,--,1,1126,卖盘
319,13:53:56,11.26,--,1,1126,卖盘
320,13:53:31,11.26,--,5,5630,卖盘
321,13:53:26,11.26,--,1,1126,卖盘
322,13:52:56,11.26,--,10,11260,卖盘
323,13:52:41,11.26,--,23,25898,卖盘
324,13:52:25,11.26,--,2,2252,卖盘
325,13:52:10,11.26,--,4,4504,卖盘
326,13:51:55,11.26,--,5,5630,卖盘
327,13:51:50,11.26,--,2,2252,卖盘
328,13:51:35,11.26,--,7,7882,卖盘
329,13:51:25,11.26,--,1,1126,卖盘
330,13:51:10,11.26,--,5,5630,卖盘
331,13:50:59,11.26,--,5,5630,卖盘
332,13:50:20,11.26,--,3,3378,卖盘
333,13:50:05,11.26,--,50,56300,卖盘
334,13:49:59,11.26,--,1,1126,卖盘
335,13:49:55,11.26,--,10,11260,卖盘
336,13:49:25,11.26,--,50,56300,卖盘
337,13:49:20,11.26,--,1,1126,卖盘
338,13:48:50,11.26,--,2,2252,卖盘
339,13:48:35,11.26,--,5,5630,卖盘
340,13:48:29,11.26,--,1,1126,卖盘
341,13:48:25,11.26,--,31,34906,卖盘
342,13:48:14,11.26,--,5,5630,卖盘
343,13:48:05,11.26,--,49,55174,卖盘
344,13:47:44,11.26,--,24,27024,卖盘
345,13:47:40,11.26,--,25,28150,卖盘
346,13:47:25,11.26,--,6,6756,卖盘
347,13:46:55,11.26,--,11,12386,卖盘
348,13:46:50,11.26,--,11,12386,卖盘
349,13:46:20,11.26,--,60,67560,卖盘
350,13:46:10,11.26,--,28,31528,卖盘
351,13:45:50,11.26,--,4,4504,卖盘
352,13:45:35,11.26,--,0,743,卖盘
353,13:45:05,11.26,--,8,9008,卖盘
354,13:44:50,11.26,--,30,33780,卖盘
355,13:44:08,11.26,--,10,11260,卖盘
356,13:44:04,11.26,--,3,3378,卖盘
357,13:43:53,11.26,--,2,2252,卖盘
358,13:43:29,11.26,--,30,33780,卖盘
359,13:43:19,11.26,--,19,21394,卖盘
360,13:42:38,11.26,--,4,4504,卖盘
361,13:42:34,11.26,--,2,2252,卖盘
362,13:42:23,11.26,--,48,54048,卖盘
363,13:41:44,11.26,--,3,3378,卖盘
364,13:41:29,11.26,--,50,56300,卖盘
365,13:41:23,11.26,--,130,146380,卖盘
366,13:41:19,11.26,--,1,1126,卖盘
367,13:40:34,11.26,--,1,1126,卖盘
368,13:40:29,11.26,--,4,4504,卖盘
369,13:40:19,11.26,--,17,19142,卖盘
370,13:39:49,11.26,--,20,22520,卖盘
371,13:39:44,11.26,--,4,4504,卖盘
372,13:39:38,11.26,--,10,11260,卖盘
373,13:39:23,11.26,--,5,5630,卖盘
374,13:39:08,11.26,--,20,22520,卖盘
375,13:38:44,11.26,--,54,60804,卖盘
376,13:38:38,11.26,--,40,45040,卖盘
377,13:38:23,11.26,--,8,9008,卖盘
378,13:38:04,11.26,--,12,13512,卖盘
379,13:37:59,11.26,--,2,2252,卖盘
380,13:37:44,11.26,--,1000,1126000,卖盘
381,13:37:32,11.26,--,59,66434,卖盘
382,13:37:23,11.26,--,151,170026,卖盘
383,13:37:08,11.26,--,2,2252,卖盘
384,13:36:38,11.26,--,5,5630,卖盘
385,13:36:32,11.26,--,23,25898,卖盘
386,13:36:28,11.26,--,100,112600,卖盘
387,13:36:08,11.26,--,10,11260,卖盘
388,13:36:02,11.26,--,30,33780,卖盘
389,13:35:53,11.26,--,3,3378,卖盘
390,13:35:47,11.26,--,20,22520,卖盘
391,13:35:23,11.26,--,249,280374,卖盘
392,13:35:02,11.26,--,100,112600,卖盘
393,13:34:58,11.26,--,31,34906,卖盘
394,13:34:43,11.26,--,7,7882,卖盘
395,13:34:32,11.26,--,10,11260,卖盘
396,13:34:28,11.26,--,12,13512,卖盘
397,13:34:23,11.26,--,6,6756,卖盘
398,13:34:08,11.26,--,2,2252,卖盘
399,13:34:02,11.26,--,13,14638,卖盘
400,13:33:53,11.26,--,1060,1193560,卖盘
401,13:33:38,11.26,--,2,2252,卖盘
402,13:33:23,11.26,--,44,49544,卖盘
403,13:32:58,11.26,--,2,2252,卖盘
404,13:32:53,11.26,--,5,5630,卖盘
405,13:32:47,11.26,--,200,225200,卖盘
406,13:32:43,11.26,--,5,5630,卖盘
407,13:32:31,11.26,--,2,2252,卖盘
408,13:32:23,11.26,--,11,12386,卖盘
409,13:32:17,11.26,--,24,27024,卖盘
410,13:32:13,11.26,--,28,31528,卖盘
411,13:32:08,11.26,--,10,11260,卖盘
412,13:32:01,11.26,--,1,1126,卖盘
413,13:31:58,11.26,--,1,1126,卖盘
414,13:31:47,11.26,--,20,22520,卖盘
415,13:31:38,11.26,--,17,19142,卖盘
416,13:31:28,11.26,--,17,19142,卖盘
417,13:31:23,11.26,--,20,22520,卖盘
418,13:31:02,11.26,--,101,113726,卖盘
419,13:30:47,11.26,--,15,16890,卖盘
420,13:30:37,11.26,--,4,4504,卖盘
421,13:30:26,11.26,--,5,5630,卖盘
422,13:30:23,11.26,--,325,365950,卖盘
423,13:30:17,11.26,--,2488,2801488,卖盘
424,13:30:11,11.26,--,1,1126,卖盘
425,13:30:07,11.26,--,107,120482,卖盘
426,13:30:02,11.26,--,20,22520,卖盘
427,13:29:52,11.26,--,24,27024,卖盘
428,13:29:47,11.26,--,2,2252,卖盘
429,13:29:32,11.26,--,33,37158,卖盘
430,13:29:07,11.26,--,20,22520,卖盘
431,13:29:02,11.26,--,26,29276,卖盘
432,13:28:52,11.26,--,2,2252,卖盘
433,13:28:37,11.26,--,3,3378,卖盘
434,13:28:26,11.26,--,55,61930,卖盘
435,13:28:17,11.26,--,10,11260,卖盘
436,13:28:07,11.26,--,2,2252,卖盘
437,13:28:02,11.26,--,23,25898,卖盘
438,13:27:56,11.26,--,2,2252,卖盘
439,13:27:47,11.26,--,5,5630,卖盘
440,13:27:22,11.26,--,1,1126,卖盘
441,13:27:17,11.26,--,2,2252,卖盘
442,13:26:40,11.26,--,20,22520,卖盘
443,13:26:31,11.26,--,29,32654,卖盘
444,13:26:17,11.26,--,0,11,卖盘
445,13:25:31,11.26,--,2,2252,卖盘
446,13:25:22,11.26,--,7,7882,卖盘
447,13:25:10,11.26,--,87,97962,卖盘
448,13:25:01,11.26,--,43,48418,卖盘
449,13:24:55,11.26,--,4,4504,卖盘
450,13:24:51,11.26,--,20,22520,卖盘
451,13:24:40,11.26,--,10,11260,卖盘
452,13:24:37,11.26,--,6,6756,卖盘
453,13:24:25,11.26,--,2544,2864544,卖盘
454,13:24:21,11.26,--,5,5630,卖盘
455,13:24:16,11.26,--,6,6756,卖盘
456,13:24:06,11.26,--,10,11260,卖盘
457,13:24:01,11.26,--,6,6947,卖盘
458,13:23:55,11.26,--,20,22520,卖盘
459,13:23:46,11.26,--,3,3378,卖盘
460,13:23:31,11.26,--,3,3378,卖盘
461,13:23:25,11.26,--,1,1126,卖盘
462,13:23:19,11.26,--,270,304020,卖盘
463,13:23:01,11.26,--,10,11260,卖盘
464,13:22:55,11.26,--,2,2252,卖盘
465,13:22:04,11.26,--,8,9008,卖盘
466,13:21:46,11.26,--,4,4504,卖盘
467,13:21:25,11.26,--,10,11260,卖盘
468,13:21:01,11.26,--,36,40536,卖盘
469,13:20:55,11.26,--,5,5630,卖盘
470,13:20:46,11.26,--,10,11260,卖盘
471,13:20:25,11.26,--,310,349060,卖盘
472,13:20:19,11.26,--,1,1126,卖盘
473,13:20:04,11.26,--,15,16890,卖盘
474,13:19:55,11.26,--,2,2252,卖盘
475,13:19:25,11.26,--,17,19142,卖盘
476,13:19:19,11.26,--,2,2252,卖盘
477,13:19:10,11.26,--,10,11260,卖盘
478,13:19:04,11.26,--,5,5630,卖盘
479,13:18:55,11.26,--,10,11260,卖盘
480,13:18:49,11.26,--,20,22520,卖盘
481,13:18:45,11.26,--,3,3378,卖盘
482,13:18:40,11.26,--,471,530346,卖盘
483,13:18:04,11.26,--,5,5630,卖盘
484,13:17:55,11.26,--,1,1126,卖盘
485,13:17:49,11.26,--,50,56300,卖盘
486,13:17:34,11.26,--,10,12352,卖盘
487,13:17:25,11.26,--,12,13512,卖盘
488,13:17:04,11.26,--,2,2252,卖盘
489,13:16:40,11.26,--,2,2252,卖盘
490,13:16:19,11.26,--,90,101340,卖盘
491,13:16:10,11.26,--,57,64182,卖盘
492,13:15:55,11.26,--,1,1126,卖盘
493,13:15:40,11.26,--,13,14638,卖盘
494,13:14:58,11.26,--,5,5630,卖盘
495,13:14:28,11.26,--,2,2252,卖盘
496,13:14:19,11.26,--,100,112600,卖盘
497,13:14:13,11.26,--,20,22520,卖盘
498,13:14:04,11.26,--,15,16890,卖盘
499,13:13:49,11.26,--,14,15764,卖盘
500,13:13:40,11.26,--,2,2252,卖盘
501,13:13:28,11.26,--,2,2252,卖盘
502,13:13:25,11.26,--,1,1126,卖盘
503,13:13:19,11.26,--,100,112600,卖盘
504,13:13:13,11.26,--,8,9008,卖盘
505,13:13:04,11.26,--,1,1126,卖盘
506,13:12:58,11.26,--,35,39410,卖盘
507,13:12:49,11.26,--,2,2252,卖盘
508,13:12:43,11.26,--,21,23646,卖盘
509,13:12:34,11.26,--,40,45040,卖盘
510,13:12:28,11.26,--,22,24772,卖盘
511,13:12:04,11.26,--,1,1126,卖盘
512,13:11:49,11.26,--,5,5630,卖盘
513,13:11:43,11.26,--,5,5630,卖盘
514,13:11:28,11.26,--,10,11260,卖盘
515,13:11:24,11.26,--,1,1126,卖盘
516,13:11:04,11.26,--,2,2252,卖盘
517,13:10:58,11.26,--,1,1126,卖盘
518,13:10:54,11.26,--,5,5630,卖盘
519,13:10:13,11.26,--,12,13512,卖盘
520,13:10:09,11.26,--,3,3378,卖盘
521,13:10:04,11.26,--,10,11260,卖盘
522,13:09:58,11.26,--,2,2252,卖盘
523,13:09:43,11.26,--,2,2252,卖盘
524,13:09:34,11.26,--,11,12386,卖盘
525,13:09:22,11.26,--,5,5630,卖盘
526,13:09:04,11.26,--,14,15764,卖盘
527,13:08:43,11.26,--,11,12386,卖盘
528,13:08:28,11.26,--,33,37158,卖盘
529,13:08:22,11.26,--,7,7882,卖盘
530,13:08:13,11.26,--,60,67560,卖盘
531,13:07:52,11.26,--,10,11260,卖盘
532,13:07:43,11.26,--,8,9008,卖盘
533,13:07:37,11.26,--,20,22520,卖盘
534,13:07:28,11.26,--,20,22520,卖盘
535,13:07:04,11.26,--,11,12386,卖盘
536,13:06:58,11.26,--,1,1126,卖盘
537,13:06:52,11.26,--,20,22520,卖盘
538,13:05:52,11.26,--,39,43914,卖盘
539,13:05:48,11.26,--,5,5630,卖盘
540,13:05:28,11.26,--,1,1126,卖盘
541,13:05:13,11.26,--,7,7882,卖盘
542,13:05:03,11.26,--,4,4504,卖盘
543,13:04:43,11.26,--,4,4504,卖盘
544,13:04:33,11.26,--,2,2252,卖盘
545,13:04:13,11.26,--,4,4504,卖盘
546,13:04:07,11.26,--,1,1126,卖盘
547,13:03:28,11.26,--,4,4504,卖盘
548,13:03:22,11.26,--,10,11260,卖盘
549,13:03:07,11.26,--,5,5630,卖盘
550,13:02:52,11.26,--,10,11260,卖盘
551,13:02:37,11.26,--,10,11260,卖盘
552,13:02:16,11.26,--,2,2252,卖盘
553,13:02:07,11.26,--,75,85440,卖盘
554,13:01:52,11.26,--,3,3378,卖盘
555,13:01:37,11.26,--,1109,1248734,卖盘
556,13:01:22,11.26,--,20,22520,卖盘
557,13:01:01,11.26,--,5,5630,卖盘
558,13:00:52,11.26,--,35,39410,卖盘
559,13:00:42,11.26,--,100,112600,卖盘
560,13:00:31,11.26,--,10,11260,卖盘
561,13:00:22,11.26,--,10,11260,卖盘
562,13:00:16,11.26,--,10,11260,卖盘
563,13:00:12,11.26,--,2,2252,卖盘
564,13:00:07,11.26,--,1350,1520663,卖盘
565,13:00:01,11.26,--,16,18579,卖盘
566,11:30:00,11.26,--,0,0,卖盘
567,11:29:59,11.26,--,0,0,卖盘
568,11:29:53,11.26,--,5,5630,卖盘
569,11:29:43,11.26,--,5,5630,卖盘
570,11:29:38,11.26,--,4,4504,卖盘
571,11:29:32,11.26,--,68,76568,卖盘
572,11:29:23,11.26,--,25,28150,卖盘
573,11:28:58,11.26,--,2,2252,卖盘
574,11:28:53,11.26,--,12,13512,卖盘
575,11:28:28,11.26,--,5,5630,卖盘
576,11:28:17,11.26,--,100,112600,卖盘
577,11:28:08,11.26,--,5,5630,卖盘
578,11:28:02,11.26,--,1,1126,卖盘
579,11:27:58,11.26,--,5,5630,卖盘
580,11:27:43,11.26,--,20,22520,卖盘
581,11:27:38,11.26,--,4,4504,卖盘
582,11:27:08,11.26,--,4,4504,卖盘
583,11:27:02,11.26,--,19,21394,卖盘
584,11:26:58,11.26,--,12,13512,卖盘
585,11:26:47,11.26,--,10,11260,卖盘
586,11:26:28,11.26,--,25,28150,卖盘
587,11:26:17,11.26,--,10,11260,卖盘
588,11:26:12,11.26,--,10,11260,卖盘
589,11:26:08,11.26,--,57,64182,卖盘
590,11:26:02,11.26,--,2,2252,卖盘
591,11:25:08,11.26,--,2,2252,卖盘
592,11:25:02,11.26,--,30,33780,卖盘
593,11:24:56,11.26,--,7,7882,卖盘
594,11:24:53,11.26,--,141,159329,卖盘
595,11:24:38,11.26,--,10,11260,卖盘
596,11:24:26,11.26,--,30,33780,卖盘
597,11:24:23,11.26,--,900,1013400,卖盘
598,11:24:11,11.26,--,30,33780,卖盘
599,11:23:47,11.26,--,1,1126,卖盘
600,11:23:23,11.26,--,9,10134,卖盘
601,11:23:11,11.26,--,10,11260,卖盘
602,11:23:02,11.26,--,5,5630,卖盘
603,11:22:37,11.26,--,10,11260,卖盘
604,11:22:26,11.26,--,4,4504,卖盘
605,11:22:22,11.26,--,82,92332,卖盘
606,11:22:07,11.26,--,30,33780,卖盘
607,11:22:02,11.26,--,10,11260,卖盘
608,11:21:56,11.26,--,15,16890,卖盘
609,11:21:07,11.26,--,2,2252,卖盘
610,11:20:52,11.26,--,8,9008,卖盘
611,11:20:26,11.26,--,91,102466,卖盘
612,11:20:02,11.26,--,2,2252,卖盘
613,11:19:17,11.26,--,5,5630,卖盘
614,11:18:41,11.26,--,5,5630,卖盘
615,11:18:11,11.26,--,2,2252,卖盘
616,11:17:56,11.26,--,4,4504,卖盘
617,11:17:47,11.26,--,19,21394,卖盘
618,11:17:35,11.26,--,12,13512,卖盘
619,11:17:31,11.26,--,1,1126,卖盘
620,11:17:16,11.26,--,37,41662,卖盘
621,11:17:11,11.26,--,14,15764,卖盘
622,11:17:05,11.26,--,10,11260,卖盘
623,11:16:16,11.26,--,10,11260,卖盘
624,11:16:11,11.26,--,10,11260,卖盘
625,11:15:56,11.26,--,15,16890,卖盘
626,11:15:50,11.26,--,61,68686,卖盘
627,11:15:46,11.26,--,40,45040,卖盘
628,11:15:41,11.26,--,3,3378,卖盘
629,11:15:11,11.26,--,45,50670,卖盘
630,11:14:41,11.26,--,30,33780,卖盘
631,11:14:26,11.26,--,13,14638,卖盘
632,11:14:11,11.26,--,25,28150,卖盘
633,11:13:31,11.26,--,5,5630,卖盘
634,11:13:01,11.26,--,4,4504,卖盘
635,11:12:41,11.26,--,15,16890,卖盘
636,11:12:11,11.26,--,3,3378,卖盘
637,11:11:56,11.26,--,3,3378,卖盘
638,11:11:50,11.26,--,13,14638,卖盘
639,11:11:41,11.26,--,4,4504,卖盘
640,11:11:29,11.26,--,6,6756,卖盘
641,11:11:26,11.26,--,65,73190,卖盘
642,11:11:20,11.26,--,5,5630,卖盘
643,11:11:10,11.26,--,53,59678,卖盘
644,11:11:05,11.26,--,8,9008,卖盘
645,11:10:55,11.26,--,6,6756,卖盘
646,11:10:50,11.26,--,1,1126,卖盘
647,11:10:40,11.26,--,40,45040,卖盘
648,11:10:29,11.26,--,10,11260,卖盘
649,11:10:25,11.26,--,13,14638,卖盘
650,11:10:14,11.26,--,4,4504,卖盘
651,11:09:59,11.26,--,13,14638,卖盘
652,11:09:50,11.26,--,300,337800,卖盘
653,11:09:40,11.26,--,26,29276,卖盘
654,11:09:35,11.26,--,21,23646,卖盘
655,11:09:25,11.26,--,101,113726,卖盘
656,11:09:10,11.26,--,11,12386,卖盘
657,11:09:05,11.26,--,4,4504,卖盘
658,11:08:59,11.26,--,24,27024,卖盘
659,11:08:55,11.26,--,55,61930,卖盘
660,11:08:50,11.26,--,6,6756,卖盘
661,11:08:40,11.26,--,12,13512,卖盘
662,11:08:35,11.26,--,61,68686,卖盘
663,11:08:25,11.26,--,30,33780,卖盘
664,11:08:20,11.26,--,10,11260,卖盘
665,11:08:14,11.26,--,10,11260,卖盘
666,11:08:05,11.26,--,20,22520,卖盘
667,11:07:55,11.26,--,35,39410,卖盘
668,11:07:50,11.26,--,62,69812,卖盘
669,11:07:44,11.26,--,10,11260,卖盘
670,11:07:40,11.26,--,254,286004,卖盘
671,11:07:35,11.26,--,130,146380,卖盘
672,11:07:25,11.26,--,29,32654,卖盘
673,11:07:20,11.26,--,24,27024,卖盘
674,11:07:14,11.26,--,1,1126,卖盘
675,11:07:10,11.26,--,36,40536,卖盘
676,11:07:05,11.26,--,51,57426,卖盘
677,11:06:59,11.26,--,63,70938,卖盘
678,11:06:55,11.26,--,10,11260,卖盘
679,11:06:50,11.26,--,99,111474,卖盘
680,11:06:44,11.26,--,2,2252,卖盘
681,11:06:40,11.26,--,10,11260,卖盘
682,11:06:35,11.26,--,292,328792,卖盘
683,11:06:29,11.26,--,121,136246,卖盘
684,11:06:25,11.26,--,131,147506,卖盘
685,11:06:20,11.26,--,33,37158,卖盘
686,11:06:14,11.26,--,24,27024,卖盘
687,11:06:10,11.26,--,69,77694,卖盘
688,11:06:05,11.26,--,83,93458,卖盘
689,11:05:59,11.26,--,40,45040,卖盘
690,11:05:55,11.26,--,1946,2191196,卖盘
691,11:05:50,11.26,--,106,119356,卖盘
692,11:05:44,11.26,--,3,3378,卖盘
693,11:05:40,11.26,--,26,29276,卖盘
694,11:05:29,11.26,--,12,13512,卖盘
695,11:05:25,11.26,--,54,60804,卖盘
696,11:05:20,11.26,--,62,69812,卖盘
697,11:05:10,11.26,--,8,9008,卖盘
698,11:05:05,11.26,--,49,55174,卖盘
699,11:04:59,11.26,--,32,36032,卖盘
700,11:04:55,11.26,--,128,144128,卖盘
701,11:04:50,11.26,--,2,2252,卖盘
702,11:04:44,11.26,--,35,39410,卖盘
703,11:04:40,11.26,--,2,2252,卖盘
704,11:04:35,11.26,--,269,302894,卖盘
705,11:04:29,11.26,--,327,368202,卖盘
706,11:04:20,11.26,--,25,28150,卖盘
707,11:04:14,11.26,--,25,28150,卖盘
708,11:03:59,11.26,--,714,803964,卖盘
709,11:03:50,11.26,--,110,123860,卖盘
710,11:03:44,11.26,--,36,40536,卖盘
711,11:03:38,11.26,--,5,5630,卖盘
712,11:03:29,11.26,--,1,1126,卖盘
713,11:03:23,11.26,--,1,1126,卖盘
714,11:03:20,11.26,--,7,7882,卖盘
715,11:03:05,11.26,--,10,11260,卖盘
716,11:02:59,11.26,--,40,45040,卖盘
717,11:02:49,11.26,--,1,1126,卖盘
718,11:02:44,11.26,--,10,11260,卖盘
719,11:02:34,11.26,--,10,11260,卖盘
720,11:02:29,11.26,--,100,112600,卖盘
721,11:02:23,11.26,--,10,11260,卖盘
722,11:01:59,11.26,--,10,11260,卖盘
723,11:01:44,11.26,--,10,11260,卖盘
724,11:01:34,11.26,--,2,2252,卖盘
725,11:01:29,11.26,--,1,1126,卖盘
726,11:01:19,11.26,--,1,1126,卖盘
727,11:01:08,11.26,--,10,11260,卖盘
728,11:00:49,11.26,--,10,11260,卖盘
729,11:00:44,11.26,--,29,32654,卖盘
730,11:00:38,11.26,--,5,5630,卖盘
731,11:00:29,11.26,--,9,10134,卖盘
732,11:00:14,11.26,--,3,3378,卖盘
733,11:00:08,11.26,--,30,33780,卖盘
734,10:59:53,11.26,--,10,11260,卖盘
735,10:59:49,11.26,--,42,47292,卖盘
736,10:59:29,11.26,--,3,3378,卖盘
737,10:59:23,11.26,--,7,7882,卖盘
738,10:59:14,11.26,--,138,155388,卖盘
739,10:59:04,11.26,--,5,5630,卖盘
740,10:58:59,11.26,--,7,7882,卖盘
741,10:58:44,11.26,--,2,2252,卖盘
742,10:58:29,11.26,--,5,5630,卖盘
743,10:58:14,11.26,--,2,2252,卖盘
744,10:57:14,11.26,--,10,11260,卖盘
745,10:57:08,11.26,--,28,31528,卖盘
746,10:57:04,11.26,--,10,11260,卖盘
747,10:56:59,11.26,--,13,14638,卖盘
748,10:56:53,11.26,--,3,3378,卖盘
749,10:56:49,11.26,--,10,11260,卖盘
750,10:56:44,11.26,--,15,16890,卖盘
751,10:56:34,11.26,--,30,33780,卖盘
752,10:56:29,11.26,--,9,10134,卖盘
753,10:56:14,11.26,--,31,34906,卖盘
754,10:55:59,11.26,--,2,2252,卖盘
755,10:55:23,11.26,--,50,56300,卖盘
756,10:55:17,11.26,--,2,2252,卖盘
757,10:55:13,11.26,--,101,113726,卖盘
758,10:54:59,11.26,--,40,45040,卖盘
759,10:54:53,11.26,--,6,6756,卖盘
760,10:54:46,11.26,--,20,22520,卖盘
761,10:54:38,11.26,--,100,112600,卖盘
762,10:54:28,11.26,--,1,1126,卖盘
763,10:54:23,11.26,--,574,646324,卖盘
764,10:53:53,11.26,--,50,56300,卖盘
765,10:53:37,11.26,--,3,3378,卖盘
766,10:53:31,11.26,--,10,11260,卖盘
767,10:53:28,11.26,--,1,1126,卖盘
768,10:53:02,11.26,--,78,87828,卖盘
769,10:52:46,11.26,--,11,12386,卖盘
770,10:52:43,11.26,--,25,28150,卖盘
771,10:52:37,11.26,--,15,16890,卖盘
772,10:52:31,11.26,--,1,1126,卖盘
773,10:52:28,11.26,--,10,11260,卖盘
774,10:52:13,11.26,--,12,13512,卖盘
775,10:52:07,11.26,--,1,1126,卖盘
776,10:51:52,11.26,--,21,23646,卖盘
777,10:51:46,11.26,--,1,1126,卖盘
778,10:51:37,11.26,--,31,34906,卖盘
779,10:51:28,11.26,--,10,11260,卖盘
780,10:51:22,11.26,--,13,14638,卖盘
781,10:51:01,11.26,--,50,56300,卖盘
782,10:50:58,11.26,--,50,56300,卖盘
783,10:50:52,11.26,--,152,171152,卖盘
784,10:50:37,11.26,--,36,40536,卖盘
785,10:50:31,11.26,--,5,5630,卖盘
786,10:50:28,11.26,--,6,6756,卖盘
787,10:50:01,11.26,--,7,7882,卖盘
788,10:49:37,11.26,--,10,11260,卖盘
789,10:49:16,11.26,--,39,43914,卖盘
790,10:49:13,11.26,--,3,3378,卖盘
791,10:49:01,11.26,--,8,9008,卖盘
792,10:48:52,11.26,--,18,20268,卖盘
793,10:48:37,11.26,--,5,5630,卖盘
794,10:48:27,11.26,--,11,12386,卖盘
795,10:48:16,11.26,--,10,11260,卖盘
796,10:48:07,11.26,--,9,10134,卖盘
797,10:48:01,11.26,--,59,66434,卖盘
798,10:47:57,11.26,--,20,22520,卖盘
799,10:47:46,11.26,--,6,6756,卖盘
800,10:47:42,11.26,--,10,11260,卖盘
801,10:47:37,11.26,--,7,7882,卖盘
802,10:47:31,11.26,--,6,6756,卖盘
803,10:47:25,11.26,--,10,11260,卖盘
804,10:47:22,11.26,--,11,12386,卖盘
805,10:47:01,11.26,--,88,99088,卖盘
806,10:46:52,11.26,--,18,20268,卖盘
807,10:46:46,11.26,--,11,12386,卖盘
808,10:46:40,11.26,--,13,14638,卖盘
809,10:46:37,11.26,--,11,12386,卖盘
810,10:46:25,11.26,--,10,11260,卖盘
811,10:46:16,11.26,--,105,118230,卖盘
812,10:46:07,11.26,--,11,12386,卖盘
813,10:46:01,11.26,--,3,3378,卖盘
814,10:45:46,11.26,--,35,39410,卖盘
815,10:45:40,11.26,--,38,42788,卖盘
816,10:45:31,11.26,--,53,59678,卖盘
817,10:45:25,11.26,--,104,117104,卖盘
818,10:45:22,11.26,--,14,15764,卖盘
819,10:45:16,11.26,--,5,5630,卖盘
820,10:45:07,11.26,--,11,12386,卖盘
821,10:45:01,11.26,--,60,67560,卖盘
822,10:44:40,11.26,--,777,874902,卖盘
823,10:44:37,11.26,--,26,29276,卖盘
824,10:44:10,11.26,--,87,97962,卖盘
825,10:44:07,11.26,--,70,78820,卖盘
826,10:44:01,11.26,--,8,9008,卖盘
827,10:43:40,11.26,--,100,112600,卖盘
828,10:43:37,11.26,--,12,13512,卖盘
829,10:43:31,11.26,--,21,23646,卖盘
830,10:43:22,11.26,--,17,19142,卖盘
831,10:43:16,11.26,--,1,1126,卖盘
832,10:42:07,11.26,--,60,67560,卖盘
833,10:41:55,11.26,--,1,1126,卖盘
834,10:41:46,11.26,--,10,11260,卖盘
835,10:41:40,11.26,--,5,5630,卖盘
836,10:41:31,11.26,--,18,20268,卖盘
837,10:40:51,11.26,--,10,11260,卖盘
838,10:40:46,11.26,--,9,10134,卖盘
839,10:40:10,11.26,--,40,45040,卖盘
840,10:40:06,11.26,--,62,69812,卖盘
841,10:39:49,11.26,--,23,25898,卖盘
842,10:39:46,11.26,--,103,115978,卖盘
843,10:39:40,11.26,--,15,16890,卖盘
844,10:39:34,11.26,--,5,5630,卖盘
845,10:39:31,11.26,--,1,1126,卖盘
846,10:39:25,11.26,--,3,3378,卖盘
847,10:39:19,11.26,--,24,27024,卖盘
848,10:39:16,11.26,--,17,19142,卖盘
849,10:39:04,11.26,--,25,28713,卖盘
850,10:39:01,11.26,--,13,14638,卖盘
851,10:38:55,11.26,--,17,19142,卖盘
852,10:38:49,11.26,--,1,1126,卖盘
853,10:38:46,11.26,--,76,85576,卖盘
854,10:38:31,11.26,--,20,22520,卖盘
855,10:38:25,11.26,--,35,39410,卖盘
856,10:38:16,11.26,--,7,7882,卖盘
857,10:38:10,11.26,--,5,5630,卖盘
858,10:38:01,11.26,--,17,19142,卖盘
859,10:37:55,11.26,--,69,77896,卖盘
860,10:37:40,11.26,--,75,84450,卖盘
861,10:37:34,11.26,--,3,3378,卖盘
862,10:37:25,11.26,--,3,3378,卖盘
863,10:37:19,11.26,--,36,40536,卖盘
864,10:37:16,11.26,--,5,5630,卖盘
865,10:37:04,11.26,--,1,1126,卖盘
866,10:36:49,11.26,--,1,1126,卖盘
867,10:36:46,11.26,--,20,22520,卖盘
868,10:36:40,11.26,--,14,15764,卖盘
869,10:36:34,11.26,--,12,13512,卖盘
870,10:36:10,11.26,--,1,1126,卖盘
871,10:36:01,11.26,--,7,7882,卖盘
872,10:35:49,11.26,--,15,16890,卖盘
873,10:35:46,11.26,--,28,31528,卖盘
874,10:35:40,11.26,--,20,22520,卖盘
875,10:35:34,11.26,--,15,16890,卖盘
876,10:35:25,11.26,--,10,11260,卖盘
877,10:35:19,11.26,--,50,56300,卖盘
878,10:35:10,11.26,--,6,6756,卖盘
879,10:35:04,11.26,--,32,36032,卖盘
880,10:34:55,11.26,--,68,76568,卖盘
881,10:34:49,11.26,--,31,34906,卖盘
882,10:34:40,11.26,--,18,20268,卖盘
883,10:34:15,11.26,--,2,2252,卖盘
884,10:34:10,11.26,--,5,5630,卖盘
885,10:34:00,11.26,--,5,5630,卖盘
886,10:33:55,11.26,--,31,34906,卖盘
887,10:33:49,11.26,--,1,1126,卖盘
888,10:33:45,11.26,--,13,15032,卖盘
889,10:33:40,11.26,--,14,15764,卖盘
890,10:33:34,11.26,--,400,450400,卖盘
891,10:33:25,11.26,--,33,37158,卖盘
892,10:33:15,11.26,--,10,11260,卖盘
893,10:33:10,11.26,--,43,48418,卖盘
894,10:33:04,11.26,--,115,130311,卖盘
895,10:32:55,11.26,--,28,31528,卖盘
896,10:32:49,11.26,--,10,11260,卖盘
897,10:32:40,11.26,--,20,22520,卖盘
898,10:32:30,11.26,--,50,56300,卖盘
899,10:32:10,11.26,--,3,3378,卖盘
900,10:32:04,11.26,--,10,11260,卖盘
901,10:31:55,11.26,--,25,28150,卖盘
902,10:31:43,11.26,--,50,56300,卖盘
903,10:31:40,11.26,--,4,4504,卖盘
904,10:31:28,11.26,--,23,25898,卖盘
905,10:31:25,11.26,--,126,141876,卖盘
906,10:31:13,11.26,--,10,11260,卖盘
907,10:31:04,11.26,--,1,1126,卖盘
908,10:30:55,11.26,--,2,2252,卖盘
909,10:30:49,11.26,--,30,33780,卖盘
910,10:30:43,11.26,--,35,39410,卖盘
911,10:30:34,11.26,--,10,11260,卖盘
912,10:30:28,11.26,--,29,32654,卖盘
913,10:30:25,11.26,--,1,1126,卖盘
914,10:30:13,11.26,--,10,11260,卖盘
915,10:30:04,11.26,--,100,112600,卖盘
916,10:29:49,11.26,--,54,60804,卖盘
917,10:29:40,11.26,--,2,2252,卖盘
918,10:29:28,11.26,--,11,12386,卖盘
919,10:29:13,11.26,--,9,10134,卖盘
920,10:28:58,11.26,--,25,28150,卖盘
921,10:28:55,11.26,--,5,5630,卖盘
922,10:28:49,11.26,--,40,45040,卖盘
923,10:28:43,11.26,--,5,5630,卖盘
924,10:28:28,11.26,--,13,14638,卖盘
925,10:28:25,11.26,--,37,41662,卖盘
926,10:28:04,11.26,--,42,47292,卖盘
927,10:27:54,11.26,--,5,5630,卖盘
928,10:27:49,11.26,--,19,21394,卖盘
929,10:27:43,11.26,--,5,5630,卖盘
930,10:27:34,11.26,--,3,3378,卖盘
931,10:27:28,11.26,--,23,25898,卖盘
932,10:27:19,11.26,--,2,2252,卖盘
933,10:27:13,11.26,--,13,14638,卖盘
934,10:27:09,11.26,--,11,12701,卖盘
935,10:26:58,11.26,--,40,45040,卖盘
936,10:26:54,11.26,--,20,22520,卖盘
937,10:26:49,11.26,--,1,1126,卖盘
938,10:26:43,11.26,--,20,22520,卖盘
939,10:26:39,11.26,--,1,1126,卖盘
940,10:26:28,11.26,--,12,13512,卖盘
941,10:26:19,11.26,--,3,3378,卖盘
942,10:25:58,11.26,--,5,5630,卖盘
943,10:25:54,11.26,--,11,12780,卖盘
944,10:25:43,11.26,--,2,2252,卖盘
945,10:25:39,11.26,--,1,1126,卖盘
946,10:25:34,11.26,--,10,11260,卖盘
947,10:25:28,11.26,--,7,7882,卖盘
948,10:25:19,11.26,--,6,6756,卖盘
949,10:25:04,11.26,--,10,11260,卖盘
950,10:24:58,11.26,--,62,69812,卖盘
951,10:24:49,11.26,--,20,22520,卖盘
952,10:24:43,11.26,--,50,56300,卖盘
953,10:24:34,11.26,--,88,99088,卖盘
954,10:24:24,11.26,--,2,2252,卖盘
955,10:24:19,11.26,--,2,2252,卖盘
956,10:24:13,11.26,--,1,1126,卖盘
957,10:24:07,11.26,--,11,12386,卖盘
958,10:23:58,11.26,--,8,9008,卖盘
959,10:23:52,11.26,--,208,234208,卖盘
960,10:23:48,11.26,--,50,56300,卖盘
961,10:23:43,11.26,--,31,34906,卖盘
962,10:23:34,11.26,--,34,38284,卖盘
963,10:23:28,11.26,--,1,1126,卖盘
964,10:23:22,11.26,--,68,76568,卖盘
965,10:23:18,11.26,--,17,19142,卖盘
966,10:23:13,11.26,--,5,5630,卖盘
967,10:23:07,11.26,--,10,11260,卖盘
968,10:23:03,11.26,--,29,32654,卖盘
969,10:22:58,11.26,--,30,33780,卖盘
970,10:22:52,11.26,--,60,67560,卖盘
971,10:22:48,11.26,--,2,2252,卖盘
972,10:22:43,11.26,--,100,112600,卖盘
973,10:22:37,11.26,--,12,13512,卖盘
974,10:22:33,11.26,--,1,1126,卖盘
975,10:22:28,11.26,--,5,5630,卖盘
976,10:22:22,11.26,--,150,168900,卖盘
977,10:22:07,11.26,--,31,34906,卖盘
978,10:22:03,11.26,--,2,2252,卖盘
979,10:21:58,11.26,--,3,3378,卖盘
980,10:21:43,11.26,--,37,41662,卖盘
981,10:21:37,11.26,--,37,41662,卖盘
982,10:21:33,11.26,--,0,11,卖盘
983,10:21:28,11.26,--,304,342304,卖盘
984,10:21:22,11.26,--,5,5630,卖盘
985,10:21:18,11.26,--,13,14638,卖盘
986,10:21:13,11.26,--,11,12386,卖盘
987,10:21:07,11.26,--,246,277164,卖盘
988,10:20:58,11.26,--,27,30402,卖盘
989,10:20:52,11.26,--,20,22520,卖盘
990,10:20:48,11.26,--,40,45040,卖盘
991,10:20:43,11.26,--,2,2252,卖盘
992,10:20:28,11.26,--,23,25898,卖盘
993,10:20:22,11.26,--,3,3378,卖盘
994,10:20:18,11.26,--,28,31528,卖盘
995,10:20:13,11.26,--,629,708254,卖盘
996,10:20:07,11.26,--,13,14638,卖盘
997,10:20:03,11.26,--,23,25898,卖盘
998,10:19:58,11.26,--,20,22520,卖盘
999,10:19:52,11.26,--,6,6756,卖盘
1000,10:19:48,11.26,--,200,225200,卖盘
1001,10:19:43,11.26,--,42,47292,卖盘
1002,10:19:33,11.26,--,2,2252,卖盘
1003,10:19:28,11.26,--,15,16890,卖盘
1004,10:19:22,11.26,--,12,13512,卖盘
1005,10:19:18,11.26,--,9,10134,卖盘
1006,10:19:07,11.26,--,100,112600,卖盘
1007,10:18:52,11.26,--,30,33780,卖盘
1008,10:18:37,11.26,--,63,70938,卖盘
1009,10:18:28,11.26,--,6,6767,卖盘
1010,10:18:22,11.26,--,6,6756,卖盘
1011,10:18:18,11.26,--,10,11260,卖盘
1012,10:18:13,11.26,--,4,4504,卖盘
1013,10:18:07,11.26,--,11,13140,卖盘
1014,10:18:03,11.26,--,16,18016,卖盘
1015,10:17:58,11.26,--,3,3378,卖盘
1016,10:17:52,11.26,--,19,21394,卖盘
1017,10:17:37,11.26,--,20,22520,卖盘
1018,10:17:33,11.26,--,11,12386,卖盘
1019,10:17:22,11.26,--,10,11260,卖盘
1020,10:17:07,11.26,--,20,22520,卖盘
1021,10:17:03,11.26,--,21,23646,卖盘
1022,10:16:58,11.26,--,22,24772,卖盘
1023,10:16:52,11.26,--,16,18016,卖盘
1024,10:16:37,11.26,--,25,28150,卖盘
1025,10:16:28,11.26,--,10,11260,卖盘
1026,10:16:22,11.26,--,22,24772,卖盘
1027,10:16:18,11.26,--,60,67560,卖盘
1028,10:16:13,11.26,--,3,3378,卖盘
1029,10:16:07,11.26,--,7,7882,卖盘
1030,10:16:01,11.26,--,32,36032,卖盘
1031,10:15:52,11.26,--,20,22520,卖盘
1032,10:15:46,11.26,--,48,54048,卖盘
1033,10:15:37,11.26,--,10,11260,卖盘
1034,10:15:28,11.26,--,3,3378,卖盘
1035,10:15:22,11.26,--,73,82198,卖盘
1036,10:15:16,11.26,--,15,16890,卖盘
1037,10:15:12,11.26,--,40,45040,卖盘
1038,10:15:07,11.26,--,11,12994,卖盘
1039,10:14:57,11.26,--,4,5112,卖盘
1040,10:14:52,11.26,--,66,74924,卖盘
1041,10:14:46,11.26,--,62,69812,卖盘
1042,10:14:37,11.26,--,10,11260,卖盘
1043,10:14:31,11.26,--,303,341178,卖盘
1044,10:14:22,11.26,--,20,22520,卖盘
1045,10:14:16,11.26,--,42,47292,卖盘
1046,10:14:07,11.26,--,11,12386,卖盘
1047,10:14:01,11.26,--,53,59678,卖盘
1048,10:13:57,11.26,--,2,2252,卖盘
1049,10:13:52,11.26,--,9,10134,卖盘
1050,10:13:46,11.26,--,30,33780,卖盘
1051,10:13:42,11.26,--,15,16890,卖盘
1052,10:13:31,11.26,--,23,25898,卖盘
1053,10:13:22,11.26,--,280,315280,卖盘
1054,10:13:16,11.26,--,402,452652,卖盘
1055,10:13:01,11.26,--,1,1126,卖盘
1056,10:12:46,11.26,--,12,13512,卖盘
1057,10:12:37,11.26,--,7,7882,卖盘
1058,10:12:31,11.26,--,100,112600,卖盘
1059,10:12:01,11.26,--,73,82198,卖盘
1060,10:11:57,11.26,--,10,11260,卖盘
1061,10:11:46,11.26,--,8,9008,卖盘
1062,10:11:42,11.26,--,20,22520,卖盘
1063,10:11:37,11.26,--,2,2252,卖盘
1064,10:11:31,11.26,--,1,1126,卖盘
1065,10:11:22,11.26,--,5,5630,卖盘
1066,10:11:16,11.26,--,19,21394,卖盘
1067,10:11:12,11.26,--,13,14638,卖盘
1068,10:11:07,11.26,--,4,4504,卖盘
1069,10:11:01,11.26,--,70,78820,卖盘
1070,10:10:57,11.26,--,30,33780,卖盘
1071,10:10:52,11.26,--,22,24772,卖盘
1072,10:10:46,11.26,--,9,10134,卖盘
1073,10:10:42,11.26,--,10,11260,卖盘
1074,10:10:31,11.26,--,12,13512,卖盘
1075,10:10:22,11.26,--,105,118230,卖盘
1076,10:10:16,11.26,--,22,24772,卖盘
1077,10:10:01,11.26,--,34,38284,卖盘
1078,10:09:57,11.26,--,24,27024,卖盘
1079,10:09:42,11.26,--,1,1126,卖盘
1080,10:09:37,11.26,--,97,109222,卖盘
1081,10:09:31,11.26,--,3,3378,卖盘
1082,10:09:27,11.26,--,40,45040,卖盘
1083,10:09:22,11.26,--,26,29276,卖盘
1084,10:09:16,11.26,--,127,143002,卖盘
1085,10:09:12,11.26,--,19,21394,卖盘
1086,10:09:01,11.26,--,9,10134,卖盘
1087,10:08:57,11.26,--,57,64182,卖盘
1088,10:08:52,11.26,--,36,40536,卖盘
1089,10:08:46,11.26,--,245,275870,卖盘
1090,10:08:42,11.26,--,6,6756,卖盘
1091,10:08:37,11.26,--,15,16890,卖盘
1092,10:08:31,11.26,--,80,90080,卖盘
1093,10:08:16,11.26,--,50,56300,卖盘
1094,10:08:11,11.26,--,15,16890,卖盘
1095,10:08:06,11.26,--,5,5630,卖盘
1096,10:08:01,11.26,--,71,79946,卖盘
1097,10:07:55,11.26,--,6,6756,卖盘
1098,10:07:46,11.26,--,11,12386,卖盘
1099,10:07:40,11.26,--,16,18016,卖盘
1100,10:07:31,11.26,--,112,126123,卖盘
1101,10:07:25,11.26,--,2,2252,卖盘
1102,10:07:21,11.26,--,42,47292,卖盘
1103,10:07:16,11.26,--,30,33780,卖盘
1104,10:07:10,11.26,--,111,124986,卖盘
1105,10:07:06,11.26,--,8,9008,卖盘
1106,10:07:01,11.26,--,10,11260,卖盘
1107,10:06:55,11.26,--,16,18016,卖盘
1108,10:06:51,11.26,--,35,39410,卖盘
1109,10:06:46,11.26,--,27,30402,卖盘
1110,10:06:40,11.26,--,11,12386,卖盘
1111,10:06:36,11.26,--,3,3378,卖盘
1112,10:06:31,11.26,--,103,115978,卖盘
1113,10:06:25,11.26,--,46,51796,卖盘
1114,10:06:16,11.26,--,28,31528,卖盘
1115,10:06:10,11.26,--,70,78820,卖盘
1116,10:06:06,11.26,--,13,14638,卖盘
1117,10:06:01,11.26,--,175,197050,卖盘
1118,10:05:55,11.26,--,51,57989,卖盘
1119,10:05:51,11.26,--,5,5630,卖盘
1120,10:05:46,11.26,--,2,2252,卖盘
1121,10:05:40,11.26,--,59,66434,卖盘
1122,10:05:36,11.26,--,4,4504,卖盘
1123,10:05:31,11.26,--,31,34906,卖盘
1124,10:05:25,11.26,--,69,77694,卖盘
1125,10:05:16,11.26,--,54,61412,卖盘
1126,10:05:10,11.26,--,390,439140,卖盘
1127,10:05:01,11.26,--,15,16890,卖盘
1128,10:04:55,11.26,--,29,32654,卖盘
1129,10:04:51,11.26,--,58,65308,卖盘
1130,10:04:46,11.26,--,185,208310,卖盘
1131,10:04:40,11.26,--,8,9008,卖盘
1132,10:04:36,11.26,--,50,56300,卖盘
1133,10:04:31,11.26,--,99,112082,卖盘
1134,10:04:25,11.26,--,3,3378,卖盘
1135,10:04:16,11.26,--,62,69812,卖盘
1136,10:04:10,11.26,--,74,83324,卖盘
1137,10:04:06,11.26,--,10,11260,卖盘
1138,10:04:01,11.26,--,45,50670,卖盘
1139,10:03:55,11.26,--,11,12386,卖盘
1140,10:03:51,11.26,--,5,5630,卖盘
1141,10:03:46,11.26,--,108,121608,卖盘
1142,10:03:31,11.26,--,11,12994,卖盘
1143,10:03:25,11.26,--,104,117104,卖盘
1144,10:03:21,11.26,--,23,25898,卖盘
1145,10:03:15,11.26,--,22,24817,卖盘
1146,10:03:10,11.26,--,5,6238,卖盘
1147,10:03:06,11.26,--,140,158248,卖盘
1148,10:03:01,11.26,--,17,19142,卖盘
1149,10:02:55,11.26,--,87,97962,卖盘
1150,10:02:51,11.26,--,1,1126,卖盘
1151,10:02:40,11.26,--,15,16890,卖盘
1152,10:02:36,11.26,--,15,16890,卖盘
1153,10:02:25,11.26,--,69,77694,卖盘
1154,10:02:21,11.26,--,346,389596,卖盘
1155,10:02:16,11.26,--,60,67560,卖盘
1156,10:02:10,11.26,--,1,1126,卖盘
1157,10:02:00,11.26,--,104,117712,卖盘
1158,10:01:55,11.26,--,34,38284,卖盘
1159,10:01:51,11.26,--,29,32654,卖盘
1160,10:01:45,11.26,--,154,173404,卖盘
1161,10:01:40,11.26,--,37,41662,卖盘
1162,10:01:35,11.26,--,236,265736,卖盘
1163,10:01:30,11.26,--,109,122734,卖盘
1164,10:01:25,11.26,--,234,263484,卖盘
1165,10:01:20,11.26,--,77,86702,卖盘
1166,10:01:15,11.26,--,5,5630,卖盘
1167,10:01:10,11.26,--,10,11260,卖盘
1168,10:01:04,11.26,--,51,57426,卖盘
1169,10:01:00,11.26,--,10,11260,卖盘
1170,10:00:55,11.26,--,30,33780,卖盘
1171,10:00:49,11.26,--,110,123860,卖盘
1172,10:00:40,11.26,--,45,50670,卖盘
1173,10:00:34,11.26,--,29,32654,卖盘
1174,10:00:30,11.26,--,31,34906,卖盘
1175,10:00:25,11.26,--,18,20268,卖盘
1176,10:00:19,11.26,--,24,27024,卖盘
1177,10:00:15,11.26,--,10,11260,卖盘
1178,10:00:10,11.26,--,65,73190,卖盘
1179,10:00:04,11.26,--,2,2252,卖盘
1180,10:00:00,11.26,--,5,5630,卖盘
1181,09:59:55,11.26,--,15,16890,卖盘
1182,09:59:49,11.26,--,2,2252,卖盘
1183,09:59:45,11.26,--,24,27024,卖盘
1184,09:59:40,11.26,--,20,22520,卖盘
1185,09:59:34,11.26,--,38,42788,卖盘
1186,09:59:25,11.26,--,67,75442,卖盘
1187,09:59:19,11.26,--,65,73190,卖盘
1188,09:59:15,11.26,--,17,19142,卖盘
1189,09:59:10,11.26,--,166,186916,卖盘
1190,09:59:04,11.26,--,293,329918,卖盘
1191,09:59:00,11.26,--,36,40536,卖盘
1192,09:58:55,11.26,--,78,87828,卖盘
1193,09:58:49,11.26,--,48,54048,卖盘
1194,09:58:45,11.26,--,10,11260,卖盘
1195,09:58:40,11.26,--,77,86702,卖盘
1196,09:58:34,11.26,--,529,595654,卖盘
1197,09:58:30,11.26,--,23,25898,卖盘
1198,09:58:25,11.26,--,104,117104,卖盘
1199,09:58:19,11.26,--,63,70938,卖盘
1200,09:58:04,11.26,--,53,59678,卖盘
1201,09:58:00,11.26,--,5,5630,卖盘
1202,09:57:55,11.26,--,75,84450,卖盘
1203,09:57:49,11.26,--,50,56300,卖盘
1204,09:57:45,11.26,--,24,27620,卖盘
1205,09:57:40,11.26,--,21,23646,卖盘
1206,09:57:34,11.26,--,35,39410,卖盘
1207,09:57:30,11.26,--,4,4504,卖盘
1208,09:57:25,11.26,--,75,84450,卖盘
1209,09:57:19,11.26,--,22,24772,卖盘
1210,09:57:15,11.26,--,167,188042,卖盘
1211,09:57:09,11.26,--,1,1126,卖盘
1212,09:57:04,11.26,--,104,117104,卖盘
1213,09:57:00,11.26,--,20,22520,卖盘
1214,09:56:49,11.26,--,58,65308,卖盘
1215,09:56:45,11.26,--,54,60804,卖盘
1216,09:56:39,11.26,--,12,13512,卖盘
1217,09:56:34,11.26,--,92,103592,卖盘
1218,09:56:30,11.26,--,38,42788,卖盘
1219,09:56:24,11.26,--,70,78820,卖盘
1220,09:56:19,11.26,--,38,42788,卖盘
1221,09:56:15,11.26,--,6,6756,卖盘
1222,09:56:09,11.26,--,6,6756,卖盘
1223,09:56:04,11.26,--,33,37158,卖盘
1224,09:56:00,11.26,--,75,84450,卖盘
1225,09:55:54,11.26,--,3,3378,卖盘
1226,09:55:49,11.26,--,270,304020,卖盘
1227,09:55:45,11.26,--,17,19142,卖盘
1228,09:55:39,11.26,--,66,74316,卖盘
1229,09:55:34,11.26,--,21,23646,卖盘
1230,09:55:30,11.26,--,26,29276,卖盘
1231,09:55:24,11.26,--,29,32654,卖盘
1232,09:55:19,11.26,--,81,91206,卖盘
1233,09:55:15,11.26,--,100,112600,卖盘
1234,09:55:09,11.26,--,5,5630,卖盘
1235,09:55:04,11.26,--,33,37158,卖盘
1236,09:55:00,11.26,--,39,43914,卖盘
1237,09:54:49,11.26,--,918,1033668,卖盘
1238,09:54:44,11.26,--,39,43914,卖盘
1239,09:54:39,11.26,--,30,33780,卖盘
1240,09:54:34,11.26,--,28,31528,卖盘
1241,09:54:29,11.26,--,149,167774,卖盘
1242,09:54:24,11.26,--,237,266862,卖盘
1243,09:54:19,11.26,--,47,52922,卖盘
1244,09:54:14,11.26,--,292,328792,卖盘
1245,09:54:09,11.26,--,24,27024,卖盘
1246,09:54:04,11.26,--,52,58552,卖盘
1247,09:53:59,11.26,--,54,60804,卖盘
1248,09:53:54,11.26,--,28,31528,卖盘
1249,09:53:49,11.26,--,259,291634,卖盘
1250,09:53:44,11.26,--,34,38284,卖盘
1251,09:53:39,11.26,--,15,16890,卖盘
1252,09:53:34,11.26,--,405,456030,卖盘
1253,09:53:29,11.26,--,81,91206,卖盘
1254,09:53:24,11.26,--,26,29276,卖盘
1255,09:53:19,11.26,--,22,24772,卖盘
1256,09:53:14,11.26,--,176,198176,卖盘
1257,09:53:09,11.26,--,169,190294,卖盘
1258,09:53:04,11.26,--,329,370454,卖盘
1259,09:52:58,11.26,--,120,135120,卖盘
1260,09:52:54,11.26,--,44,49544,卖盘
1261,09:52:49,11.26,--,379,426754,卖盘
1262,09:52:43,11.26,--,165,185790,卖盘
1263,09:52:39,11.26,--,27,30402,卖盘
1264,09:52:34,11.26,--,71,79946,卖盘
1265,09:52:28,11.26,--,60,67560,卖盘
1266,09:52:24,11.26,--,14,15764,卖盘
1267,09:52:19,11.26,--,71,80509,卖盘
1268,09:52:13,11.26,--,51,57426,卖盘
1269,09:52:09,11.26,--,8,9008,卖盘
1270,09:52:04,11.26,--,303,341178,卖盘
1271,09:51:58,11.26,--,124,139624,卖盘
1272,09:51:54,11.26,--,49,55174,卖盘
1273,09:51:49,11.26,--,112,126112,卖盘
1274,09:51:43,11.26,--,713,802838,卖盘
1275,09:51:39,11.26,--,5,5630,卖盘
1276,09:51:34,11.26,--,131,147506,卖盘
1277,09:51:28,11.26,--,288,324288,卖盘
1278,09:51:24,11.26,--,184,207184,卖盘
1279,09:51:19,11.26,--,309,347934,卖盘
1280,09:51:13,11.26,--,498,560748,卖盘
1281,09:51:09,11.26,--,311,350186,卖盘
1282,09:51:04,11.26,--,581,654206,卖盘
1283,09:50:58,11.26,0.01,738,831123,卖盘
1284,09:50:54,11.25,-0.01,25059,28191375,卖盘
1285,09:50:49,11.26,--,2604,2932104,买盘
1286,09:50:43,11.26,--,3658,4118908,买盘
1287,09:50:39,11.26,--,16,18016,买盘
1288,09:50:34,11.26,--,1055,1188493,买盘
1289,09:50:28,11.26,0.01,637,717262,买盘
1290,09:50:24,11.25,-0.01,242,272250,卖盘
1291,09:50:19,11.26,--,1355,1525730,买盘
1292,09:50:13,11.26,0.01,380,427880,买盘
1293,09:50:09,11.25,--,405,455625,卖盘
1294,09:50:04,11.25,--,528,594000,卖盘
1295,09:49:58,11.25,-0.01,1109,1248187,卖盘
1296,09:49:54,11.26,0.01,1396,1571896,买盘
1297,09:49:48,11.25,--,443,498375,卖盘
1298,09:49:43,11.25,0.01,1916,2155500,卖盘
1299,09:49:39,11.24,-0.01,1224,1376371,卖盘
1300,09:49:33,11.25,0.01,1045,1176221,买盘
1301,09:49:28,11.24,--,1437,1615188,卖盘
1302,09:49:24,11.24,--,121,136004,卖盘
1303,09:49:18,11.24,0.03,928,1043263,买盘
1304,09:49:13,11.21,--,214,239894,卖盘
1305,09:49:09,11.21,-0.01,254,284734,卖盘
1306,09:49:03,11.22,0.01,140,157080,中性盘
1307,09:48:58,11.21,-0.01,435,487635,卖盘
1308,09:48:54,11.22,--,78,87516,买盘
1309,09:48:48,11.22,0.02,493,553146,买盘
1310,09:48:43,11.2,-0.01,156,174720,卖盘
1311,09:48:39,11.21,0.01,373,418133,买盘
1312,09:48:33,11.2,--,95,106400,卖盘
1313,09:48:28,11.2,0.04,6139,6875948,买盘
1314,09:48:24,11.16,0.01,72,80352,买盘
1315,09:48:18,11.15,--,109,121535,买盘
1316,09:48:13,11.15,-0.02,122,136030,中性盘
1317,09:48:09,11.17,--,146,163082,买盘
1318,09:48:03,11.17,--,89,99413,买盘
1319,09:47:58,11.17,-0.01,114,127896,中性盘
1320,09:47:54,11.18,0.01,567,633906,买盘
1321,09:47:43,11.17,-0.01,262,292654,卖盘
1322,09:47:39,11.18,-0.01,416,465088,中性盘
1323,09:47:33,11.19,0.02,951,1064169,买盘
1324,09:47:28,11.17,--,215,240155,买盘
1325,09:47:23,11.17,--,67,74839,卖盘
1326,09:47:18,11.17,-0.02,159,177603,中性盘
1327,09:47:13,11.19,0.01,3338,3735222,买盘
1328,09:47:09,11.18,0.02,296,331487,买盘
1329,09:47:03,11.16,--,189,210924,买盘
1330,09:46:58,11.16,-0.02,232,258912,中性盘
1331,09:46:53,11.18,0.02,444,497275,买盘
1332,09:46:48,11.16,--,55,61380,卖盘
1333,09:46:43,11.16,0.02,157,175212,中性盘
1334,09:46:38,11.14,--,1302,1450428,买盘
1335,09:46:33,11.14,-0.01,91,101374,中性盘
1336,09:46:28,11.15,--,313,348995,买盘
1337,09:46:23,11.15,0.02,393,438195,买盘
1338,09:46:18,11.13,-0.02,51,56763,中性盘
1339,09:46:13,11.15,--,3206,3574690,买盘
1340,09:46:08,11.15,-0.03,3016,3363665,卖盘
1341,09:46:03,11.18,-0.01,220,245960,中性盘
1342,09:45:58,11.19,0.04,420,469980,买盘
1343,09:45:53,11.15,0.04,305,340632,买盘
1344,09:45:48,11.11,-0.02,150,166650,卖盘
1345,09:45:43,11.13,0.02,3808,4239149,中性盘
1346,09:45:38,11.11,-0.02,193,214423,卖盘
1347,09:45:33,11.13,0.02,730,812490,买盘
1348,09:45:28,11.11,0.01,505,561699,买盘
1349,09:45:23,11.1,0.04,6219,6903090,买盘
1350,09:45:18,11.06,--,448,495488,卖盘
1351,09:45:13,11.06,--,336,371616,卖盘
1352,09:45:07,11.06,--,374,413644,卖盘
1353,09:45:03,11.06,--,537,593922,卖盘
1354,09:44:58,11.06,-0.02,601,664706,卖盘
1355,09:44:52,11.08,0.01,135,149580,买盘
1356,09:44:48,11.07,-0.01,97,107379,卖盘
1357,09:44:43,11.08,--,1059,1173892,卖盘
1358,09:44:37,11.08,-0.01,269,298639,卖盘
1359,09:44:33,11.09,--,52,58710,卖盘
1360,09:44:28,11.09,-0.01,873,968157,卖盘
1361,09:44:22,11.1,--,287,318570,买盘
1362,09:44:18,11.1,--,53,58830,买盘
1363,09:44:13,11.1,-0.03,619,687090,卖盘
1364,09:44:07,11.13,--,1125,1252125,卖盘
1365,09:44:03,11.13,-0.03,53,58989,卖盘
1366,09:43:58,11.16,0.03,315,351540,买盘
1367,09:43:52,11.13,-0.03,22,24486,中性盘
1368,09:43:48,11.16,0.03,201,224316,买盘
1369,09:43:43,11.13,-0.01,273,304906,卖盘
1370,09:43:37,11.14,-0.02,354,394946,卖盘
1371,09:43:33,11.16,0.06,367,409627,买盘
1372,09:43:28,11.1,--,860,955188,买盘
1373,09:43:22,11.1,-0.01,1943,2157118,卖盘
1374,09:43:18,11.11,--,105,116655,卖盘
1375,09:43:13,11.11,-0.04,477,530435,卖盘
1376,09:43:07,11.15,0.05,1514,1688277,买盘
1377,09:43:03,11.1,-0.03,101,112698,卖盘
1378,09:42:57,11.13,0.02,66,74047,中性盘
1379,09:42:52,11.11,-0.03,215,239320,卖盘
1380,09:42:48,11.14,-0.01,337,375484,卖盘
1381,09:42:42,11.15,-0.05,1242,1384830,卖盘
1382,09:42:37,11.2,--,1084,1214673,买盘
1383,09:42:33,11.2,--,98,109760,卖盘
1384,09:42:27,11.2,-0.01,116,129919,卖盘
1385,09:42:22,11.21,--,834,934914,买盘
1386,09:42:18,11.21,-0.01,540,605934,卖盘
1387,09:42:12,11.22,-0.02,164,184008,卖盘
1388,09:42:07,11.24,0.01,348,391747,买盘
1389,09:42:03,11.23,-0.01,1943,2181989,卖盘
1390,09:41:57,11.24,-0.01,100,113490,卖盘
1391,09:41:52,11.25,0.01,631,709908,买盘
1392,09:41:48,11.24,-0.02,115,129260,卖盘
1393,09:41:42,11.26,0.01,2153,2424278,买盘
1394,09:41:37,11.25,-0.01,2596,2921490,卖盘
1395,09:41:33,11.26,0.01,3386,3813232,买盘
1396,09:41:27,11.25,--,1863,2095875,卖盘
1397,09:41:22,11.25,--,2950,3318750,卖盘
1398,09:41:18,11.25,--,1154,1298250,卖盘
1399,09:41:12,11.25,--,830,934346,卖盘
1400,09:41:07,11.25,--,2305,2593125,卖盘
1401,09:41:03,11.25,--,2036,2290500,卖盘
1402,09:40:57,11.25,--,1704,1917000,卖盘
1403,09:40:52,11.25,-0.01,2178,2450250,卖盘
1404,09:40:48,11.26,--,3674,4136924,买盘
1405,09:40:42,11.26,0.01,1682,1893932,买盘
1406,09:40:37,11.25,--,1671,1879875,卖盘
1407,09:40:33,11.25,--,3000,3375596,卖盘
1408,09:40:27,11.25,--,4365,4910625,卖盘
1409,09:40:22,11.25,-0.01,1502,1689750,卖盘
1410,09:40:17,11.26,0.01,1185,1334310,买盘
1411,09:40:12,11.25,--,1367,1537875,卖盘
1412,09:40:07,11.25,--,1634,1838250,卖盘
1413,09:40:02,11.25,--,614,690750,卖盘
1414,09:39:57,11.25,-0.01,1769,1990462,卖盘
1415,09:39:52,11.26,--,7029,7915048,卖盘
1416,09:39:47,11.26,--,8957,10085582,卖盘
1417,09:39:42,11.26,--,1921,2163834,卖盘
1418,09:39:37,11.26,--,1053,1185678,卖盘
1419,09:39:32,11.26,--,1152,1297715,卖盘
1420,09:39:27,11.26,--,1253,1410878,卖盘
1421,09:39:22,11.26,--,514,578764,卖盘
1422,09:39:17,11.26,--,541,609166,卖盘
1423,09:39:12,11.26,--,7881,8874006,卖盘
1424,09:39:07,11.26,--,816,918816,卖盘
1425,09:39:02,11.26,--,192,216192,卖盘
1426,09:38:57,11.26,--,91,102466,卖盘
1427,09:38:52,11.26,--,967,1089517,卖盘
1428,09:38:47,11.26,--,495,557370,卖盘
1429,09:38:42,11.26,--,481,541606,卖盘
1430,09:38:37,11.26,--,411,462786,卖盘
1431,09:38:32,11.26,--,1310,1475060,卖盘
1432,09:38:27,11.26,--,121,136246,卖盘
1433,09:38:22,11.26,--,514,578764,卖盘
1434,09:38:17,11.26,--,1164,1310664,卖盘
1435,09:38:12,11.26,--,82,92332,卖盘
1436,09:38:07,11.26,--,729,820854,卖盘
1437,09:38:02,11.26,--,404,454904,卖盘
1438,09:37:57,11.26,--,552,621552,卖盘
1439,09:37:52,11.26,--,1330,1497580,卖盘
1440,09:37:47,11.26,--,4645,5230833,卖盘
1441,09:37:42,11.26,--,12075,13596506,卖盘
1442,09:37:37,11.26,--,10090,11361340,买盘
1443,09:37:32,11.26,--,23358,26301108,买盘
1444,09:37:27,11.26,--,1984,2233984,买盘
1445,09:37:22,11.26,0.01,7709,8680930,买盘
1446,09:37:16,11.25,--,8287,9322875,卖盘
1447,09:37:12,11.25,--,2979,3351375,卖盘
1448,09:37:07,11.25,--,3848,4329000,卖盘
1449,09:37:01,11.25,--,6045,6800625,买盘
1450,09:36:57,11.25,--,614,690750,买盘
1451,09:36:52,11.25,--,3394,3818250,买盘
1452,09:36:46,11.25,--,5993,6742878,买盘
1453,09:36:42,11.25,0.01,535,601875,买盘
1454,09:36:37,11.24,-0.01,1279,1437596,中性盘
1455,09:36:31,11.25,0.02,2480,2790000,买盘
1456,09:36:27,11.23,-0.02,655,735565,买盘
1457,09:36:22,11.25,0.01,3789,4262625,买盘
1458,09:36:16,11.24,-0.01,2793,3139332,中性盘
1459,09:36:12,11.25,0.03,1265,1423125,买盘
1460,09:36:06,11.22,-0.01,412,462264,卖盘
1461,09:36:01,11.23,0.03,3749,4210127,买盘
1462,09:35:57,11.2,--,960,1075860,卖盘
1463,09:35:51,11.2,0.01,606,678720,买盘
1464,09:35:46,11.19,--,428,479525,卖盘
1465,09:35:42,11.19,0.01,1303,1458057,买盘
1466,09:35:36,11.18,0.07,1592,1779856,买盘
1467,09:35:31,11.11,-0.04,897,996567,卖盘
1468,09:35:27,11.15,0.04,1913,2133585,买盘
1469,09:35:21,11.11,0.03,147,163317,卖盘
1470,09:35:16,11.08,-0.04,1007,1115756,卖盘
1471,09:35:12,11.12,0.07,794,882927,买盘
1472,09:35:06,11.05,-0.01,284,313820,卖盘
1473,09:35:01,11.06,-0.01,1045,1155770,卖盘
1474,09:34:57,11.07,0.07,197,218665,中性盘
1475,09:34:51,11.0,--,50,55000,卖盘
1476,09:34:46,11.0,-0.01,769,845900,卖盘
1477,09:34:42,11.01,0.03,1072,1180272,买盘
1478,09:34:36,10.98,-0.02,192,210816,卖盘
1479,09:34:31,11.0,--,102,112200,买盘
1480,09:34:27,11.0,-0.15,909,1000417,卖盘
1481,09:34:21,11.15,-0.02,297,331155,卖盘
1482,09:34:16,11.17,-0.01,11767,13144331,卖盘
1483,09:34:12,11.18,0.03,388,433784,买盘
1484,09:34:06,11.15,-0.04,126,140490,卖盘
1485,09:34:01,11.19,-0.01,928,1038432,卖盘
1486,09:33:57,11.2,-0.02,840,940799,卖盘
1487,09:33:51,11.22,-0.01,397,445434,卖盘
1488,09:33:46,11.23,-0.01,8880,9972240,卖盘
1489,09:33:42,11.24,--,1744,1960818,卖盘
1490,09:33:36,11.24,--,1986,2232264,卖盘
1491,09:33:31,11.24,--,5651,6351724,卖盘
1492,09:33:26,11.24,-0.01,1566,1760746,卖盘
1493,09:33:21,11.25,--,390,438750,买盘
1494,09:33:16,11.25,0.01,2336,2628000,买盘
1495,09:33:11,11.24,--,6170,6935080,买盘
1496,09:33:06,11.24,-0.01,388,436112,中性盘
1497,09:33:01,11.25,--,3939,4431375,卖盘
1498,09:32:57,11.25,0.03,16219,18246375,买盘
1499,09:32:51,11.22,-0.01,1392,1561824,卖盘
1500,09:32:46,11.23,0.01,3575,4014725,买盘
1501,09:32:41,11.22,-0.02,7439,8347119,卖盘
1502,09:32:36,11.24,0.01,6525,7334100,买盘
1503,09:32:31,11.23,0.01,1417,1591291,买盘
1504,09:32:26,11.22,--,1777,1994355,卖盘
1505,09:32:21,11.22,0.01,6108,6853737,买盘
1506,09:32:16,11.21,0.01,5740,6434540,买盘
1507,09:32:11,11.2,--,3959,4434080,卖盘
1508,09:32:06,11.2,-0.01,987,1105440,卖盘
1509,09:32:01,11.21,0.01,1409,1579489,中性盘
1510,09:31:56,11.2,--,3266,3657920,卖盘
1511,09:31:51,11.2,0.02,6652,7451113,买盘
1512,09:31:46,11.18,-0.01,3029,3386422,卖盘
1513,09:31:41,11.19,0.01,1543,1726617,买盘
1514,09:31:36,11.18,--,919,1027442,卖盘
1515,09:31:31,11.18,0.03,1579,1765322,买盘
1516,09:31:26,11.15,--,2117,2360455,卖盘
1517,09:31:21,11.15,0.04,623,694734,买盘
1518,09:31:16,11.11,0.11,6297,6995967,买盘
1519,09:31:11,11.0,-0.1,4213,4635202,卖盘
1520,09:31:06,11.1,--,636,705960,卖盘
1521,09:31:01,11.1,--,1691,1877010,卖盘
1522,09:30:56,11.1,0.1,1599,1774890,买盘
1523,09:30:51,11.0,--,1143,1257388,卖盘
1524,09:30:46,11.0,0.05,4033,4436410,买盘
1525,09:30:41,10.95,0.04,1168,1278960,买盘
1526,09:30:36,10.91,--,386,421126,买盘
1527,09:30:31,10.91,--,905,987355,买盘
1528,09:30:26,10.91,0.08,1385,1511035,买盘
1529,09:30:21,10.83,0.02,159,172197,买盘
1530,09:30:16,10.81,0.05,4144,4479664,买盘
1531,09:30:11,10.76,-0.02,2439,2624364,卖盘
1532,09:30:06,10.78,0.1,13536,14591808,买盘
1533,09:28:55,10.68,--,0,0,卖盘
1534,09:25:04,10.68,10.68,6129,6545782,买盘
