,time,price,change,volume,amount,type
0,15:00:00,3.78,--,0,0,卖盘
1,15:00:00,3.78,-0.01,0,0,卖盘
2,15:00:00,3.79,0.01,35,13265,买盘
3,14:59:54,3.78,--,75,28350,卖盘
4,14:59:48,3.78,--,65,24664,卖盘
5,14:59:45,3.78,--,65,24570,卖盘
6,14:59:39,3.78,--,5,1890,卖盘
7,14:59:33,3.78,--,200,75600,卖盘
8,14:59:30,3.78,--,80,30240,卖盘
9,14:59:24,3.78,0.01,56,21168,买盘
10,14:59:15,3.77,-0.01,174,65598,卖盘
11,14:59:09,3.78,--,104,39312,买盘
12,14:59:03,3.78,--,106,40068,买盘
13,14:59:00,3.78,--,191,72198,买盘
14,14:58:54,3.78,--,114,43092,买盘
15,14:58:48,3.78,0.01,80,30240,买盘
16,14:58:45,3.77,-0.01,1328,500656,卖盘
17,14:58:39,3.78,--,99,37422,买盘
18,14:58:33,3.78,0.01,20,7560,买盘
19,14:58:30,3.77,-0.01,1706,643162,卖盘
20,14:58:24,3.78,--,76,28728,买盘
21,14:58:15,3.78,0.01,1080,408240,买盘
22,14:58:09,3.77,--,45,16965,卖盘
23,14:58:03,3.77,--,524,197548,卖盘
24,14:58:00,3.77,-0.01,125,47125,卖盘
25,14:57:54,3.78,0.01,137,51786,买盘
26,14:57:48,3.77,--,16,6032,卖盘
27,14:57:45,3.77,--,39,14703,卖盘
28,14:57:39,3.77,--,74,27898,卖盘
29,14:57:33,3.77,--,55,20735,卖盘
30,14:57:30,3.77,-0.01,7,2639,卖盘
31,14:57:24,3.78,0.01,135,51030,买盘
32,14:57:18,3.77,--,11,4147,卖盘
33,14:57:15,3.77,--,60,22620,卖盘
34,14:57:09,3.77,--,129,48633,卖盘
35,14:57:03,3.77,-0.01,50,18850,卖盘
36,14:57:00,3.78,--,36,13608,买盘
37,14:56:54,3.78,--,215,81270,买盘
38,14:56:48,3.78,--,21,7938,买盘
39,14:56:45,3.78,--,20,7560,买盘
40,14:56:39,3.78,--,264,99792,买盘
41,14:56:33,3.78,0.01,15,5670,买盘
42,14:56:30,3.77,-0.01,274,103298,卖盘
43,14:56:24,3.78,0.01,679,256662,买盘
44,14:56:15,3.77,--,932,351364,卖盘
45,14:56:09,3.77,-0.01,25,9425,卖盘
46,14:56:03,3.78,0.01,853,322434,买盘
47,14:56:00,3.77,-0.01,205,77285,卖盘
48,14:55:54,3.78,--,1042,393876,买盘
49,14:55:48,3.78,--,222,83916,买盘
50,14:55:44,3.78,--,148,55944,买盘
51,14:55:39,3.78,--,451,170478,买盘
52,14:55:33,3.78,--,72,27216,买盘
53,14:55:30,3.78,--,137,51786,卖盘
54,14:55:24,3.78,--,427,161406,卖盘
55,14:55:18,3.78,--,100,37800,卖盘
56,14:55:14,3.78,--,80,30240,卖盘
57,14:55:09,3.78,0.01,427,161406,买盘
58,14:55:03,3.77,-0.01,1,377,卖盘
59,14:54:48,3.78,0.01,10,3780,买盘
60,14:54:45,3.77,-0.02,4021,1515917,卖盘
61,14:54:39,3.79,--,344,130376,买盘
62,14:54:33,3.79,0.01,31,11749,买盘
63,14:54:30,3.78,--,5169,1953882,卖盘
64,14:54:24,3.78,--,48,18144,卖盘
65,14:54:18,3.78,-0.01,2,756,卖盘
66,14:54:13,3.79,0.01,8,3032,买盘
67,14:54:09,3.78,--,314,118692,卖盘
68,14:54:03,3.78,-0.01,79,29862,卖盘
69,14:53:59,3.79,0.01,379,143641,买盘
70,14:53:54,3.78,--,160,60480,卖盘
71,14:53:48,3.78,--,264,99792,卖盘
72,14:53:44,3.78,--,253,95634,卖盘
73,14:53:39,3.78,-0.01,233,88074,卖盘
74,14:53:33,3.79,0.01,100,37900,买盘
75,14:53:27,3.78,--,10,3780,卖盘
76,14:53:24,3.78,--,253,95634,卖盘
77,14:53:18,3.78,--,4,1512,卖盘
78,14:53:13,3.78,-0.01,15,5670,卖盘
79,14:53:09,3.79,--,17,6443,买盘
80,14:53:03,3.79,--,127,48133,买盘
81,14:52:58,3.79,0.01,19,7201,买盘
82,14:52:54,3.78,--,10,3969,卖盘
83,14:52:48,3.78,-0.01,147,55566,卖盘
84,14:52:44,3.79,0.01,110,41690,买盘
85,14:52:39,3.78,--,732,276696,卖盘
86,14:52:33,3.78,-0.01,460,173880,卖盘
87,14:52:27,3.79,0.01,509,192911,买盘
88,14:52:24,3.78,--,43,16254,卖盘
89,14:52:18,3.78,--,434,164052,卖盘
90,14:52:12,3.78,--,84,31752,卖盘
91,14:52:09,3.78,--,37,13986,卖盘
92,14:52:03,3.78,--,216,81648,卖盘
93,14:51:59,3.78,--,59,22302,卖盘
94,14:51:48,3.78,-0.01,105,39690,卖盘
95,14:51:42,3.79,0.01,88,33352,买盘
96,14:51:39,3.78,--,270,102060,卖盘
97,14:51:33,3.78,--,772,291816,卖盘
98,14:51:27,3.78,--,25,9450,卖盘
99,14:51:24,3.78,--,519,196182,卖盘
100,14:51:18,3.78,--,34,12852,卖盘
101,14:51:12,3.78,--,553,209034,卖盘
102,14:51:08,3.78,--,267,100926,卖盘
103,14:51:02,3.78,--,109,41202,卖盘
104,14:50:53,3.78,--,379,143262,卖盘
105,14:50:48,3.78,-0.01,648,244944,卖盘
106,14:50:41,3.79,0.01,55,20845,买盘
107,14:50:38,3.78,-0.01,40,15120,卖盘
108,14:50:33,3.79,0.01,629,238391,买盘
109,14:50:27,3.78,--,1362,514836,卖盘
110,14:50:23,3.78,--,166,62748,卖盘
111,14:50:18,3.78,--,119,44982,卖盘
112,14:50:12,3.78,--,598,226161,卖盘
113,14:50:09,3.78,--,159,60102,卖盘
114,14:50:03,3.78,-0.01,60,22680,卖盘
115,14:49:56,3.79,--,471,178509,买盘
116,14:49:54,3.79,0.01,81,30699,买盘
117,14:49:48,3.78,-0.01,948,358344,卖盘
118,14:49:42,3.79,0.01,13,4927,买盘
119,14:49:38,3.78,--,526,198828,卖盘
120,14:49:33,3.78,--,276,104328,卖盘
121,14:49:27,3.78,-0.01,1972,745416,卖盘
122,14:49:24,3.79,0.01,274,103846,买盘
123,14:49:18,3.78,-0.01,94,35532,卖盘
124,14:49:08,3.79,0.01,2993,1134347,买盘
125,14:49:02,3.78,--,34,12852,卖盘
126,14:48:53,3.78,-0.01,141,53298,卖盘
127,14:48:48,3.79,0.01,272,103088,买盘
128,14:48:41,3.78,--,204,77112,卖盘
129,14:48:38,3.78,-0.01,10047,3797766,卖盘
130,14:48:27,3.79,0.01,280,106120,买盘
131,14:48:23,3.78,-0.01,103,38934,卖盘
132,14:48:18,3.79,--,136,51544,买盘
133,14:48:11,3.79,--,17,6443,买盘
134,14:48:08,3.79,0.01,193,73147,买盘
135,14:48:02,3.78,-0.01,450,170100,卖盘
136,14:47:53,3.79,0.01,53,20087,买盘
137,14:47:47,3.78,-0.01,1192,450576,卖盘
138,14:47:41,3.79,--,62,23498,买盘
139,14:47:38,3.79,0.01,20,7580,买盘
140,14:47:33,3.78,-0.01,1319,498903,卖盘
141,14:47:27,3.79,0.01,1327,502933,买盘
142,14:47:23,3.78,--,13,4914,卖盘
143,14:47:17,3.78,-0.01,476,179928,卖盘
144,14:47:12,3.79,--,10,3790,买盘
145,14:47:08,3.79,0.01,22,8338,买盘
146,14:46:57,3.78,--,17,6426,卖盘
147,14:46:42,3.78,--,20,7560,卖盘
148,14:46:38,3.78,--,210,79380,卖盘
149,14:46:33,3.78,-0.01,18,6804,卖盘
150,14:46:27,3.79,--,76,28804,买盘
151,14:46:17,3.79,--,154,58366,买盘
152,14:46:12,3.79,0.01,11,4169,买盘
153,14:46:06,3.78,--,107,40446,卖盘
154,14:46:02,3.78,--,30,11340,卖盘
155,14:45:56,3.78,--,90,34020,卖盘
156,14:45:48,3.78,-0.01,40,15120,卖盘
157,14:45:41,3.79,--,31,11749,买盘
158,14:45:33,3.79,--,128,48512,买盘
159,14:45:27,3.79,0.01,61,23119,买盘
160,14:45:21,3.78,-0.01,5,1890,卖盘
161,14:45:17,3.79,--,12,4548,买盘
162,14:45:11,3.79,--,339,128481,买盘
163,14:45:07,3.79,--,10,3790,买盘
164,14:45:03,3.79,--,1043,395297,买盘
165,14:44:57,3.79,0.01,44,16676,买盘
166,14:44:48,3.78,-0.01,192,72576,卖盘
167,14:44:42,3.79,--,32,12128,买盘
168,14:44:35,3.79,--,56,21224,买盘
169,14:44:32,3.79,--,59,22361,买盘
170,14:44:26,3.79,--,144,54576,买盘
171,14:44:22,3.79,0.01,166,62914,买盘
172,14:44:18,3.78,-0.01,23,8694,卖盘
173,14:44:06,3.79,--,20,7580,买盘
174,14:44:02,3.79,0.01,349,132271,买盘
175,14:43:57,3.78,-0.01,128,48384,卖盘
176,14:43:53,3.79,--,16,6064,买盘
177,14:43:47,3.79,--,63,23877,买盘
178,14:43:41,3.79,--,1462,554098,买盘
179,14:43:36,3.79,--,174,65946,买盘
180,14:43:32,3.79,--,87,32973,买盘
181,14:43:26,3.79,0.01,110,41690,买盘
182,14:43:21,3.78,--,100,37800,卖盘
183,14:43:17,3.78,--,57,21546,卖盘
184,14:43:12,3.78,--,212,80136,卖盘
185,14:43:06,3.78,--,8,3024,卖盘
186,14:42:47,3.78,-0.01,101,38178,卖盘
187,14:42:41,3.79,0.01,44,16676,买盘
188,14:42:35,3.78,--,184,69552,卖盘
189,14:42:32,3.78,-0.01,23,8694,卖盘
190,14:42:26,3.79,0.01,276,104604,买盘
191,14:42:21,3.78,--,80,30240,卖盘
192,14:42:17,3.78,--,73,27594,卖盘
193,14:42:11,3.78,-0.01,410,154980,卖盘
194,14:42:05,3.79,0.01,1564,592756,买盘
195,14:42:02,3.78,--,16,6048,卖盘
196,14:41:56,3.78,-0.01,5010,1893780,卖盘
197,14:41:50,3.79,--,247,93613,买盘
198,14:41:47,3.79,0.01,2,758,买盘
199,14:41:41,3.78,--,3236,1223559,卖盘
200,14:41:36,3.78,--,129,48762,卖盘
201,14:41:32,3.78,--,2672,1010016,卖盘
202,14:41:27,3.78,--,26,9828,卖盘
203,14:41:17,3.78,--,74,27972,卖盘
204,14:41:12,3.78,--,145,54832,卖盘
205,14:41:05,3.78,--,85,32130,卖盘
206,14:41:02,3.78,--,133,50274,卖盘
207,14:40:50,3.78,--,110,41580,卖盘
208,14:40:47,3.78,--,20,7560,卖盘
209,14:40:42,3.78,--,20,7560,卖盘
210,14:40:32,3.78,-0.01,1,378,卖盘
211,14:40:27,3.79,0.01,30,11370,买盘
212,14:40:21,3.78,-0.01,1,378,卖盘
213,14:40:17,3.79,0.01,174,65946,买盘
214,14:40:12,3.78,--,100,37800,卖盘
215,14:40:02,3.78,--,134,50652,卖盘
216,14:39:57,3.78,--,79,29862,卖盘
217,14:39:47,3.78,-0.01,214,80892,卖盘
218,14:39:41,3.79,--,88,33352,买盘
219,14:39:35,3.79,0.01,6,2274,买盘
220,14:39:32,3.78,-0.01,23,8694,卖盘
221,14:39:26,3.79,--,232,87928,买盘
222,14:39:20,3.79,--,5,1895,买盘
223,14:39:17,3.79,--,100,37900,买盘
224,14:39:11,3.79,0.01,153,57987,买盘
225,14:39:05,3.78,-0.01,133,50274,卖盘
226,14:39:02,3.79,--,445,168655,买盘
227,14:38:57,3.79,--,44,16676,买盘
228,14:38:47,3.79,--,30,11370,买盘
229,14:38:41,3.79,--,82,31078,买盘
230,14:38:36,3.79,-0.01,77,29183,卖盘
231,14:38:30,3.8,0.01,11,4180,买盘
232,14:38:26,3.79,-0.01,105,39795,中性盘
233,14:38:20,3.8,0.01,225,85500,买盘
234,14:38:16,3.79,--,63,23877,卖盘
235,14:38:11,3.79,--,109,41311,卖盘
236,14:38:06,3.79,--,44,16676,卖盘
237,14:38:01,3.79,--,20,7580,卖盘
238,14:37:57,3.79,--,19,7201,买盘
239,14:37:50,3.79,--,22,8338,买盘
240,14:37:45,3.79,--,145,54955,买盘
241,14:37:41,3.79,--,6,2274,买盘
242,14:37:35,3.79,--,13,4927,买盘
243,14:37:32,3.79,--,168,63672,买盘
244,14:37:26,3.79,--,3017,1143443,买盘
245,14:37:21,3.79,--,816,309264,买盘
246,14:37:12,3.79,--,76,28804,买盘
247,14:37:05,3.79,--,323,122417,买盘
248,14:36:56,3.79,--,44,16676,买盘
249,14:36:46,3.79,0.01,1,379,买盘
250,14:36:42,3.78,-0.01,13,4914,卖盘
251,14:36:26,3.79,--,56,21224,买盘
252,14:36:21,3.79,--,20,7580,买盘
253,14:36:14,3.79,0.01,6,2274,买盘
254,14:36:11,3.78,--,100,37800,卖盘
255,14:36:06,3.78,-0.01,3961,1497258,卖盘
256,14:36:02,3.79,--,424,160696,买盘
257,14:35:57,3.79,0.01,87,32973,买盘
258,14:35:50,3.78,--,5,1890,卖盘
259,14:35:42,3.78,-0.01,59,22302,卖盘
260,14:35:35,3.79,0.01,7,2653,买盘
261,14:35:26,3.78,-0.01,174,65772,卖盘
262,14:35:20,3.79,0.01,109,41311,买盘
263,14:35:15,3.78,-0.01,11,4158,卖盘
264,14:35:11,3.79,--,83,31457,买盘
265,14:35:05,3.79,0.01,20,7580,买盘
266,14:34:56,3.78,--,49,18522,卖盘
267,14:34:41,3.78,-0.01,7,2646,卖盘
268,14:34:36,3.79,0.01,31,11749,买盘
269,14:34:26,3.78,--,267,100926,卖盘
270,14:34:21,3.78,-0.01,1201,453978,卖盘
271,14:34:11,3.79,--,11,4169,买盘
272,14:34:05,3.79,0.01,157,59503,买盘
273,14:33:56,3.78,-0.01,48,18144,卖盘
274,14:33:51,3.79,0.01,285,108015,买盘
275,14:33:36,3.78,--,209,79002,卖盘
276,14:33:26,3.78,--,1249,472122,卖盘
277,14:33:20,3.78,--,21,7938,卖盘
278,14:33:14,3.78,--,2,756,卖盘
279,14:33:11,3.78,--,1,378,卖盘
280,14:33:05,3.78,-0.01,173,65394,卖盘
281,14:32:56,3.79,--,59,22361,买盘
282,14:32:51,3.79,0.01,31,11749,买盘
283,14:32:41,3.78,--,2,756,卖盘
284,14:32:35,3.78,-0.01,223,84294,卖盘
285,14:32:26,3.79,--,110,41690,买盘
286,14:32:14,3.79,--,251,95129,买盘
287,14:32:11,3.79,0.01,207,78453,买盘
288,14:32:06,3.78,--,2544,961632,卖盘
289,14:31:59,3.78,-0.01,1378,520884,卖盘
290,14:31:51,3.79,--,316,119764,买盘
291,14:31:41,3.79,0.01,16,6064,买盘
292,14:31:35,3.78,-0.01,228,86184,卖盘
293,14:31:30,3.79,--,279,105741,买盘
294,14:31:26,3.79,--,10,3790,买盘
295,14:31:21,3.79,0.01,2,758,买盘
296,14:31:11,3.78,-0.02,227,85995,卖盘
297,14:30:56,3.8,0.01,5009,1903420,买盘
298,14:30:50,3.79,--,2631,997149,卖盘
299,14:30:41,3.79,--,148,56092,卖盘
300,14:30:35,3.79,--,20,7580,卖盘
301,14:30:29,3.79,--,40,15160,卖盘
302,14:30:25,3.79,-0.01,30,11370,卖盘
303,14:30:20,3.8,0.01,369,140220,买盘
304,14:30:14,3.79,--,202,76558,卖盘
305,14:30:05,3.79,-0.01,4288,1625152,卖盘
306,14:29:59,3.8,0.01,59,22420,买盘
307,14:29:55,3.79,--,110,41690,卖盘
308,14:29:50,3.79,--,477,180783,卖盘
309,14:29:44,3.79,-0.01,70,26530,卖盘
310,14:29:40,3.8,--,2164,822320,买盘
311,14:29:35,3.8,0.01,87,33060,买盘
312,14:29:29,3.79,-0.01,56,21224,卖盘
313,14:29:20,3.8,--,87,33060,买盘
314,14:29:14,3.8,--,280,106400,买盘
315,14:29:08,3.8,0.01,480,182400,买盘
316,14:29:05,3.79,-0.01,209,79211,卖盘
317,14:28:59,3.8,0.01,20,7600,买盘
318,14:28:53,3.79,--,166,62914,卖盘
319,14:28:50,3.79,--,1387,525673,卖盘
320,14:28:45,3.79,--,264,100056,卖盘
321,14:28:35,3.79,--,44,16676,卖盘
322,14:28:30,3.79,--,193,73147,卖盘
323,14:28:24,3.79,-0.01,9,3411,卖盘
324,14:28:20,3.8,0.01,15,5700,买盘
325,14:28:10,3.79,--,390,147810,卖盘
326,14:28:05,3.79,-0.01,90,34110,卖盘
327,14:27:59,3.8,0.01,41,15580,买盘
328,14:27:54,3.79,--,10,3790,卖盘
329,14:27:51,3.79,--,183,69357,卖盘
330,14:27:44,3.79,--,2645,1002455,卖盘
331,14:27:35,3.79,--,289,109531,卖盘
332,14:27:29,3.79,--,520,197269,卖盘
333,14:27:20,3.79,--,167,63293,卖盘
334,14:27:14,3.79,-0.01,232,87928,卖盘
335,14:27:05,3.8,--,20,7600,买盘
336,14:26:53,3.8,0.01,27,10260,买盘
337,14:26:50,3.79,-0.01,10,3790,卖盘
338,14:26:44,3.8,--,49,18620,买盘
339,14:26:35,3.8,0.01,282,107160,买盘
340,14:26:29,3.79,--,305,115595,卖盘
341,14:26:23,3.79,-0.01,83,31457,卖盘
342,14:26:20,3.8,--,532,202160,买盘
343,14:26:14,3.8,--,15,5700,买盘
344,14:26:09,3.8,--,19,7220,买盘
345,14:26:05,3.8,0.01,368,139840,买盘
346,14:25:59,3.79,-0.01,8,3032,卖盘
347,14:25:50,3.8,0.01,300,114000,买盘
348,14:25:44,3.79,-0.01,15,5685,卖盘
349,14:25:38,3.8,--,10,3800,买盘
350,14:25:35,3.8,0.01,232,88160,买盘
351,14:25:29,3.79,-0.01,415,157285,卖盘
352,14:25:23,3.8,0.01,20,7600,买盘
353,14:25:20,3.79,-0.01,80,30320,卖盘
354,14:25:08,3.8,0.01,50,19000,买盘
355,14:25:05,3.79,-0.01,50,18950,卖盘
356,14:24:59,3.8,--,10,3800,买盘
357,14:24:50,3.8,0.01,75,28500,买盘
358,14:24:44,3.79,-0.01,100,37900,卖盘
359,14:24:38,3.8,--,10,3800,买盘
360,14:24:35,3.8,0.01,10,3800,买盘
361,14:24:29,3.79,-0.01,2,758,卖盘
362,14:24:20,3.8,--,17,6460,买盘
363,14:24:14,3.8,--,94,35720,买盘
364,14:24:08,3.8,--,87,33060,买盘
365,14:24:05,3.8,--,50,19000,买盘
366,14:23:53,3.8,0.01,145,55100,买盘
367,14:23:50,3.79,-0.01,278,105362,卖盘
368,14:23:44,3.8,0.01,642,243960,买盘
369,14:23:38,3.79,-0.01,329,124691,卖盘
370,14:23:35,3.8,0.01,101,38380,买盘
371,14:23:29,3.79,-0.01,827,313433,卖盘
372,14:23:23,3.8,--,174,66120,买盘
373,14:23:20,3.8,--,17,6460,买盘
374,14:23:14,3.8,0.01,232,88160,买盘
375,14:23:08,3.79,-0.01,255,96645,卖盘
376,14:23:05,3.8,0.01,184,69920,买盘
377,14:22:59,3.79,-0.01,245,92855,卖盘
378,14:22:50,3.8,--,662,251560,买盘
379,14:22:44,3.8,--,179,68020,买盘
380,14:22:38,3.8,--,195,74100,买盘
381,14:22:29,3.8,--,672,255360,买盘
382,14:22:23,3.8,0.01,24,9120,买盘
383,14:22:20,3.79,-0.01,745,282355,卖盘
384,14:22:14,3.8,--,48,18240,买盘
385,14:22:08,3.8,--,108,41040,买盘
386,14:22:05,3.8,--,170,64600,买盘
387,14:21:59,3.8,--,76,28880,买盘
388,14:21:53,3.8,--,87,33060,买盘
389,14:21:48,3.8,0.01,205,77900,买盘
390,14:21:44,3.79,--,448,169792,卖盘
391,14:21:38,3.79,-0.01,19,7201,卖盘
392,14:21:34,3.8,0.01,97,36860,买盘
393,14:21:24,3.79,--,93,35247,卖盘
394,14:21:18,3.79,-0.01,100,37900,卖盘
395,14:21:08,3.8,0.01,124,47120,买盘
396,14:21:02,3.79,--,50,18950,卖盘
397,14:20:59,3.79,--,20,7580,卖盘
398,14:20:53,3.79,--,31,11749,卖盘
399,14:20:50,3.79,-0.01,150,56850,卖盘
400,14:20:44,3.8,0.01,430,163400,买盘
401,14:20:38,3.79,--,295,111805,卖盘
402,14:20:30,3.79,--,295,111805,卖盘
403,14:20:23,3.79,-0.01,27,10233,卖盘
404,14:20:19,3.8,--,9,3420,买盘
405,14:20:08,3.8,--,74,28120,买盘
406,14:20:04,3.8,--,46,17480,买盘
407,14:19:59,3.8,--,11,4180,买盘
408,14:19:49,3.8,0.01,588,223440,买盘
409,14:19:44,3.79,--,0,3,卖盘
410,14:19:38,3.79,-0.01,181,68599,卖盘
411,14:19:29,3.8,0.01,232,88160,买盘
412,14:19:23,3.79,-0.01,272,103088,卖盘
413,14:19:08,3.8,--,97,36860,买盘
414,14:18:59,3.8,--,122,46360,买盘
415,14:18:53,3.8,--,553,210140,买盘
416,14:18:47,3.8,--,24,9120,买盘
417,14:18:44,3.8,0.01,135,51300,买盘
418,14:18:38,3.79,--,1506,570774,卖盘
419,14:18:29,3.79,-0.01,818,310022,卖盘
420,14:18:23,3.8,0.01,412,156560,买盘
421,14:18:17,3.79,-0.01,187,70873,卖盘
422,14:18:14,3.8,--,3,1140,买盘
423,14:18:08,3.8,--,567,215460,买盘
424,14:18:02,3.8,--,20,7600,买盘
425,14:17:59,3.8,--,168,63840,买盘
426,14:17:53,3.8,--,51,19380,买盘
427,14:17:47,3.8,--,145,55100,买盘
428,14:17:44,3.8,--,518,196840,买盘
429,14:17:38,3.8,--,46,17480,买盘
430,14:17:32,3.8,--,92,34960,买盘
431,14:17:29,3.8,--,26,9880,买盘
432,14:17:23,3.8,--,48,18240,买盘
433,14:17:14,3.8,--,100,38000,买盘
434,14:17:08,3.8,0.01,25,9500,买盘
435,14:17:02,3.79,--,3778,1431862,卖盘
436,14:16:59,3.79,--,153,57987,卖盘
437,14:16:38,3.79,--,301,114079,卖盘
438,14:16:32,3.79,--,6,2274,卖盘
439,14:16:29,3.79,-0.01,331,125449,卖盘
440,14:16:23,3.8,0.01,9,3420,买盘
441,14:16:17,3.79,-0.01,10,3790,卖盘
442,14:16:14,3.8,0.01,263,99940,买盘
443,14:16:02,3.79,--,220,83380,卖盘
444,14:15:53,3.79,-0.01,218,82622,卖盘
445,14:15:47,3.8,--,4,1520,买盘
446,14:15:44,3.8,0.01,269,102220,买盘
447,14:15:38,3.79,-0.01,22,8338,卖盘
448,14:15:29,3.8,--,163,61940,买盘
449,14:15:23,3.8,--,55,20900,买盘
450,14:15:17,3.8,--,88,33440,买盘
451,14:15:14,3.8,--,637,242060,买盘
452,14:15:08,3.8,--,480,182400,买盘
453,14:14:59,3.8,--,338,128440,买盘
454,14:14:53,3.8,--,253,96140,买盘
455,14:14:44,3.8,--,253,96140,买盘
456,14:14:38,3.8,--,95,36100,买盘
457,14:14:32,3.8,--,138,52440,买盘
458,14:14:29,3.8,0.01,83,31540,买盘
459,14:14:23,3.79,-0.01,220,83380,卖盘
460,14:14:13,3.8,--,509,193420,买盘
461,14:14:08,3.8,--,1021,387980,买盘
462,14:14:02,3.8,--,120,45600,买盘
463,14:13:59,3.8,--,1277,485260,买盘
464,14:13:53,3.8,0.01,1781,676780,买盘
465,14:13:47,3.79,-0.01,602,228158,卖盘
466,14:13:43,3.8,--,54,20520,买盘
467,14:13:38,3.8,--,49,18620,买盘
468,14:13:32,3.8,--,150,57000,买盘
469,14:13:27,3.8,--,76,28880,买盘
470,14:13:23,3.8,--,17,6460,买盘
471,14:13:17,3.8,--,178,67640,买盘
472,14:13:13,3.8,0.01,63,23940,买盘
473,14:13:08,3.79,-0.01,90,34110,卖盘
474,14:13:02,3.8,--,240,91200,买盘
475,14:12:56,3.8,--,283,107540,买盘
476,14:12:53,3.8,--,165,62700,买盘
477,14:12:47,3.8,0.01,127,48260,买盘
478,14:12:43,3.79,-0.01,554,209966,卖盘
479,14:12:38,3.8,0.01,178,67640,买盘
480,14:12:32,3.79,--,28,10612,卖盘
481,14:12:26,3.79,-0.01,1,379,卖盘
482,14:12:23,3.8,--,55,20900,买盘
483,14:12:17,3.8,--,57,21660,买盘
484,14:12:13,3.8,0.01,9,3420,买盘
485,14:12:08,3.79,-0.01,175,66325,卖盘
486,14:12:02,3.8,--,12,4560,买盘
487,14:11:56,3.8,0.01,7,2660,买盘
488,14:11:53,3.79,--,103,39037,卖盘
489,14:11:47,3.79,-0.01,287,108773,卖盘
490,14:11:38,3.8,--,66,25080,买盘
491,14:11:32,3.8,--,53,20140,买盘
492,14:11:28,3.8,--,10,3800,买盘
493,14:11:23,3.8,0.01,129,49020,买盘
494,14:11:17,3.79,-0.01,138,52302,卖盘
495,14:11:11,3.8,--,121,45980,买盘
496,14:11:08,3.8,--,50,19000,买盘
497,14:11:02,3.8,--,39,14820,买盘
498,14:10:53,3.8,--,125,47500,买盘
499,14:10:47,3.8,0.01,30,11400,买盘
500,14:10:41,3.79,-0.01,39,14781,卖盘
501,14:10:37,3.8,0.01,64,24320,买盘
502,14:10:32,3.79,-0.01,9,3411,卖盘
503,14:10:26,3.8,-0.01,12,4560,中性盘
504,14:10:23,3.81,0.01,293,111633,买盘
505,14:10:17,3.8,--,839,318820,买盘
506,14:10:11,3.8,--,20,7600,买盘
507,14:10:08,3.8,--,251,95380,买盘
508,14:10:02,3.8,-0.01,798,303566,卖盘
509,14:09:56,3.81,--,28,10668,买盘
510,14:09:53,3.81,0.01,725,276225,买盘
511,14:09:47,3.8,--,1314,499320,卖盘
512,14:09:41,3.8,-0.01,704,267520,卖盘
513,14:09:38,3.81,--,155,59055,买盘
514,14:09:32,3.81,0.01,151,57531,买盘
515,14:09:26,3.8,-0.01,220,83600,卖盘
516,14:09:23,3.81,0.01,1024,390144,买盘
517,14:09:17,3.8,-0.01,2760,1048800,卖盘
518,14:09:11,3.81,0.01,361,137541,买盘
519,14:09:08,3.8,-0.01,137,52060,卖盘
520,14:09:02,3.81,--,211,80391,买盘
521,14:08:56,3.81,--,38,14478,买盘
522,14:08:53,3.81,--,120,45720,买盘
523,14:08:47,3.81,--,704,268224,买盘
524,14:08:41,3.81,0.01,38,14478,买盘
525,14:08:38,3.8,-0.01,1556,591280,卖盘
526,14:08:32,3.81,--,394,150114,买盘
527,14:08:26,3.81,--,9,3429,买盘
528,14:08:23,3.81,--,129,49149,买盘
529,14:08:17,3.81,--,247,94107,买盘
530,14:08:11,3.81,--,202,76962,买盘
531,14:08:08,3.81,--,120,45720,买盘
532,14:08:02,3.81,--,236,89916,买盘
533,14:07:56,3.81,--,26,9906,买盘
534,14:07:53,3.81,0.01,361,137541,买盘
535,14:07:47,3.8,-0.01,303,115140,卖盘
536,14:07:41,3.81,--,13,4953,买盘
537,14:07:37,3.81,0.01,593,225933,买盘
538,14:07:32,3.8,-0.01,42,15960,卖盘
539,14:07:26,3.81,--,5,1905,买盘
540,14:07:23,3.81,--,72,27432,买盘
541,14:07:17,3.81,--,151,57531,买盘
542,14:07:11,3.81,--,13,4953,买盘
543,14:07:08,3.81,0.01,246,93726,买盘
544,14:07:02,3.8,--,379,144020,卖盘
545,14:06:56,3.8,--,101,38380,卖盘
546,14:06:53,3.8,-0.01,565,214700,卖盘
547,14:06:47,3.81,--,172,65532,买盘
548,14:06:41,3.81,--,93,35433,买盘
549,14:06:38,3.81,0.01,226,86106,买盘
550,14:06:32,3.8,-0.01,463,175940,卖盘
551,14:06:26,3.81,--,6,2286,买盘
552,14:06:23,3.81,--,142,54102,买盘
553,14:06:17,3.81,--,391,148971,买盘
554,14:06:11,3.81,0.01,132,50292,买盘
555,14:06:08,3.8,-0.01,62,23560,卖盘
556,14:06:02,3.81,--,100,38100,买盘
557,14:05:56,3.81,0.01,48,18288,买盘
558,14:05:53,3.8,-0.01,249,94620,卖盘
559,14:05:46,3.81,--,100,38100,买盘
560,14:05:41,3.81,--,197,75057,买盘
561,14:05:36,3.81,0.01,18,6858,买盘
562,14:05:32,3.8,-0.01,154,58520,卖盘
563,14:05:26,3.81,--,352,134112,买盘
564,14:05:21,3.81,--,1,381,买盘
565,14:05:17,3.81,0.01,120,45720,买盘
566,14:05:11,3.8,-0.01,79,30020,卖盘
567,14:05:05,3.81,0.01,132,50292,买盘
568,14:05:02,3.8,--,39,14820,卖盘
569,14:04:56,3.8,-0.01,130,49400,卖盘
570,14:04:47,3.81,0.01,40,15240,买盘
571,14:04:36,3.8,-0.01,1,380,卖盘
572,14:04:32,3.81,--,172,65532,买盘
573,14:04:26,3.81,--,1,381,买盘
574,14:04:21,3.81,--,47,17907,买盘
575,14:04:17,3.81,0.01,85,32385,买盘
576,14:04:11,3.8,--,37,14060,卖盘
577,14:04:01,3.8,--,5,1900,卖盘
578,14:03:56,3.8,-0.01,58,22040,卖盘
579,14:03:47,3.81,--,40,15240,买盘
580,14:03:41,3.81,0.01,174,66294,买盘
581,14:03:34,3.8,--,426,161880,卖盘
582,14:03:26,3.8,--,16,6080,卖盘
583,14:03:20,3.8,-0.01,27,10260,卖盘
584,14:03:17,3.81,--,312,118872,买盘
585,14:03:11,3.81,0.01,524,199644,买盘
586,14:03:07,3.8,--,1,380,卖盘
587,14:03:02,3.8,--,250,95000,卖盘
588,14:02:56,3.8,-0.01,1693,643340,卖盘
589,14:02:49,3.81,--,172,65532,买盘
590,14:02:47,3.81,--,425,161925,买盘
591,14:02:41,3.81,0.01,9,3429,买盘
592,14:02:35,3.8,--,58,22040,卖盘
593,14:02:32,3.8,-0.01,482,183160,卖盘
594,14:02:26,3.81,--,217,82677,买盘
595,14:02:20,3.81,0.01,1,381,买盘
596,14:02:16,3.8,-0.01,174,66120,卖盘
597,14:02:11,3.81,0.01,149,56769,买盘
598,14:02:05,3.8,--,20,7600,卖盘
599,14:02:02,3.8,--,113,42940,卖盘
600,14:01:56,3.8,--,62,23560,卖盘
601,14:01:50,3.8,--,3,1140,卖盘
602,14:01:47,3.8,-0.01,81,30780,卖盘
603,14:01:41,3.81,0.01,38,14478,买盘
604,14:01:32,3.8,-0.01,1,380,卖盘
605,14:01:26,3.81,0.01,363,138303,买盘
606,14:01:17,3.8,-0.01,348,132240,卖盘
607,14:01:11,3.81,0.01,71,27051,买盘
608,14:01:01,3.8,0.01,4548,1728293,买盘
609,14:00:56,3.79,-0.01,97,36763,卖盘
610,14:00:50,3.8,0.01,23,8740,买盘
611,14:00:31,3.79,-0.01,17,6443,卖盘
612,14:00:16,3.8,--,27,10260,买盘
613,14:00:11,3.8,0.01,10,3800,买盘
614,14:00:01,3.79,-0.01,8,3032,卖盘
615,13:59:56,3.8,--,9,3420,买盘
616,13:59:47,3.8,0.01,195,74100,买盘
617,13:59:41,3.79,-0.01,143,54197,卖盘
618,13:59:31,3.8,--,5,1900,买盘
619,13:59:26,3.8,--,30,11400,买盘
620,13:59:17,3.8,0.01,230,87400,买盘
621,13:59:11,3.79,-0.01,3,1137,卖盘
622,13:59:05,3.8,0.01,1184,449920,买盘
623,13:59:01,3.79,--,10,3790,卖盘
624,13:58:56,3.79,-0.01,8,3032,卖盘
625,13:58:46,3.8,--,373,141740,买盘
626,13:58:41,3.8,0.01,129,49020,买盘
627,13:58:35,3.79,-0.01,103,39037,卖盘
628,13:58:31,3.8,--,10,3800,买盘
629,13:58:26,3.8,--,100,38000,买盘
630,13:58:20,3.8,--,32,12160,买盘
631,13:58:17,3.8,--,822,312686,卖盘
632,13:58:10,3.8,--,201,76433,买盘
633,13:58:05,3.8,--,815,309700,买盘
634,13:58:02,3.8,--,1263,479940,买盘
635,13:57:56,3.8,--,54,20520,买盘
636,13:57:46,3.8,--,490,186200,买盘
637,13:57:41,3.8,--,212,80560,买盘
638,13:57:35,3.8,--,812,308560,买盘
639,13:57:31,3.8,--,30,11400,买盘
640,13:57:26,3.8,--,322,122360,买盘
641,13:57:20,3.8,--,49,18620,买盘
642,13:57:16,3.8,--,371,140980,买盘
643,13:57:10,3.8,--,204,77520,买盘
644,13:57:05,3.8,--,143,54340,买盘
645,13:57:01,3.8,--,1073,407740,买盘
646,13:56:55,3.8,--,6,2280,买盘
647,13:56:50,3.8,--,178,67640,买盘
648,13:56:44,3.8,--,1238,470440,买盘
649,13:56:40,3.8,--,269,102220,买盘
650,13:56:34,3.8,--,706,268280,买盘
651,13:56:31,3.8,--,58,22040,买盘
652,13:56:26,3.8,--,142,53960,买盘
653,13:56:19,3.8,--,236,89680,买盘
654,13:56:10,3.8,--,22,8360,买盘
655,13:56:04,3.8,--,38,14440,买盘
656,13:55:55,3.8,--,117,44460,买盘
657,13:55:49,3.8,--,83,31540,买盘
658,13:55:44,3.8,--,153,58140,买盘
659,13:55:41,3.8,--,1205,457900,买盘
660,13:55:34,3.8,--,33,12540,买盘
661,13:55:30,3.8,--,21,7980,买盘
662,13:55:26,3.8,--,216,82080,买盘
663,13:55:19,3.8,--,116,44080,买盘
664,13:55:13,3.8,--,111,42180,买盘
665,13:55:11,3.8,0.01,70,26600,买盘
666,13:55:04,3.79,-0.01,13,4927,卖盘
667,13:54:58,3.8,--,419,159220,买盘
668,13:54:55,3.8,--,1455,552900,买盘
669,13:54:49,3.8,--,36,13680,买盘
670,13:54:40,3.8,--,34,12920,买盘
671,13:54:34,3.8,--,10000,3800000,买盘
672,13:54:29,3.8,0.01,36,13680,买盘
673,13:54:25,3.79,--,210,79590,卖盘
674,13:54:20,3.79,-0.01,10,3790,卖盘
675,13:54:14,3.8,--,50,19000,买盘
676,13:54:10,3.8,--,40,15200,买盘
677,13:54:05,3.8,--,500,190000,买盘
678,13:53:59,3.8,0.01,20900,7942250,买盘
679,13:53:55,3.79,-0.01,70,26530,卖盘
680,13:53:50,3.8,--,19,7220,买盘
681,13:53:40,3.8,0.01,41,15580,买盘
682,13:53:29,3.79,-0.01,91,34489,卖盘
683,13:53:25,3.8,--,94,35720,买盘
684,13:53:13,3.8,0.01,10012,3804560,买盘
685,13:53:10,3.79,-0.01,15,5685,卖盘
686,13:52:50,3.8,--,996,378480,买盘
687,13:52:43,3.8,0.01,10,3800,买盘
688,13:52:40,3.79,--,30,11370,卖盘
689,13:52:34,3.79,-0.01,50,18950,卖盘
690,13:52:29,3.8,0.01,8,3040,买盘
691,13:52:13,3.79,-0.01,1544,585176,卖盘
692,13:52:10,3.8,--,60,22800,买盘
693,13:51:59,3.8,--,100,38000,买盘
694,13:51:55,3.8,0.01,19,7220,买盘
695,13:51:49,3.79,-0.01,1030,390370,卖盘
696,13:51:35,3.8,--,100,38000,买盘
697,13:51:25,3.8,0.01,16,6080,买盘
698,13:51:19,3.79,--,7,2653,卖盘
699,13:51:10,3.79,-0.01,70,26530,卖盘
700,13:51:04,3.8,0.01,43,16340,买盘
701,13:50:55,3.79,-0.01,419,158801,卖盘
702,13:50:50,3.8,0.01,379,144020,买盘
703,13:50:43,3.79,-0.01,160,60640,卖盘
704,13:50:40,3.8,0.01,10,3800,买盘
705,13:50:34,3.79,--,100,37900,卖盘
706,13:50:29,3.79,-0.01,150,56850,卖盘
707,13:50:25,3.8,0.01,2,760,买盘
708,13:50:19,3.79,-0.01,30,11370,卖盘
709,13:50:10,3.8,0.01,234,88920,买盘
710,13:50:04,3.79,-0.01,1,379,卖盘
711,13:49:58,3.8,0.01,62,23560,买盘
712,13:49:55,3.79,-0.01,1,379,卖盘
713,13:49:50,3.8,--,31,11780,买盘
714,13:49:40,3.8,--,109,41420,买盘
715,13:49:28,3.8,--,1,380,买盘
716,13:49:25,3.8,0.01,31,11780,买盘
717,13:49:19,3.79,--,3,1137,卖盘
718,13:49:14,3.79,-0.01,504,191016,卖盘
719,13:49:08,3.8,0.01,455,172900,买盘
720,13:49:05,3.79,--,375,142125,卖盘
721,13:48:58,3.79,-0.01,8,3032,卖盘
722,13:48:54,3.8,--,24,9120,买盘
723,13:48:49,3.8,--,45,17100,买盘
724,13:48:43,3.8,--,30,11400,买盘
725,13:48:37,3.8,0.01,6,2280,买盘
726,13:48:34,3.79,-0.01,1,379,卖盘
727,13:48:29,3.8,--,110,41800,买盘
728,13:48:23,3.8,--,133,50540,买盘
729,13:48:19,3.8,--,24,9120,买盘
730,13:48:13,3.8,--,50,19000,买盘
731,13:48:04,3.8,--,1066,405080,买盘
732,13:47:59,3.8,--,447,169860,买盘
733,13:47:50,3.8,--,145,55100,买盘
734,13:47:43,3.8,--,130,49400,买盘
735,13:47:39,3.8,--,320,121600,买盘
736,13:47:34,3.8,0.01,76,28880,买盘
737,13:47:28,3.79,-0.01,665,252035,卖盘
738,13:47:23,3.8,--,10,3800,买盘
739,13:47:20,3.8,--,231,87780,买盘
740,13:47:13,3.8,--,1327,504260,买盘
741,13:47:07,3.8,--,114,43320,买盘
742,13:47:05,3.8,--,132,50160,买盘
743,13:46:58,3.8,--,10115,3843700,买盘
744,13:46:44,3.8,--,1,380,买盘
745,13:46:34,3.8,0.01,73,27740,买盘
746,13:46:28,3.79,-0.01,400,151600,卖盘
747,13:46:20,3.8,--,423,160740,买盘
748,13:46:13,3.8,--,214,81320,买盘
749,13:46:05,3.8,0.01,11,4180,买盘
750,13:45:58,3.79,-0.01,75,28425,卖盘
751,13:45:49,3.8,0.01,210,79800,买盘
752,13:45:43,3.79,-0.01,556,210724,卖盘
753,13:45:34,3.8,0.01,2366,899080,买盘
754,13:45:28,3.79,-0.01,942,357018,卖盘
755,13:45:22,3.8,0.01,214,81320,买盘
756,13:45:19,3.79,-0.01,261,98919,卖盘
757,13:45:14,3.8,--,257,97660,买盘
758,13:45:07,3.8,--,78,29640,买盘
759,13:45:04,3.8,--,1849,702620,买盘
760,13:44:59,3.8,--,669,254220,买盘
761,13:44:52,3.8,--,95,36100,买盘
762,13:44:49,3.8,--,159,60420,买盘
763,13:44:34,3.8,--,22,8360,买盘
764,13:44:28,3.8,--,200,76000,买盘
765,13:44:22,3.8,--,20,7600,买盘
766,13:44:19,3.8,--,1415,537700,买盘
767,13:44:13,3.8,--,29,11020,买盘
768,13:44:07,3.8,--,465,176700,买盘
769,13:44:04,3.8,--,355,134900,买盘
770,13:43:58,3.8,--,566,215270,买盘
771,13:43:53,3.8,--,83,31540,买盘
772,13:43:49,3.8,--,1749,664620,买盘
773,13:43:43,3.8,--,149,56620,买盘
774,13:43:37,3.8,0.01,133,50540,买盘
775,13:43:34,3.79,-0.01,711,269469,卖盘
776,13:43:28,3.8,--,841,319580,买盘
777,13:43:22,3.8,--,123,46740,买盘
778,13:43:19,3.8,--,1876,712880,买盘
779,13:43:13,3.8,0.01,2482,943160,买盘
780,13:43:04,3.79,-0.01,510,193290,卖盘
781,13:42:58,3.8,--,1527,580260,买盘
782,13:42:52,3.8,0.01,36,13680,买盘
783,13:42:49,3.79,--,118,44722,卖盘
784,13:42:43,3.79,-0.01,104,39416,卖盘
785,13:42:38,3.8,--,127,48260,买盘
786,13:42:34,3.8,0.01,306,116280,买盘
787,13:42:28,3.79,-0.01,1957,741703,卖盘
788,13:42:23,3.8,0.01,38,14440,买盘
789,13:42:19,3.79,-0.01,560,212240,卖盘
790,13:42:13,3.8,0.01,499,189620,买盘
791,13:42:04,3.79,--,64,24256,卖盘
792,13:41:59,3.79,--,428,162212,卖盘
793,13:41:52,3.79,--,250,94750,卖盘
794,13:41:49,3.79,-0.01,163,61777,卖盘
795,13:41:44,3.8,0.01,83,31540,买盘
796,13:41:37,3.79,--,46,17434,卖盘
797,13:41:34,3.79,-0.01,95,36005,卖盘
798,13:41:29,3.8,--,260,98800,买盘
799,13:41:22,3.8,--,82,31160,买盘
800,13:41:17,3.8,--,24,9120,买盘
801,13:41:14,3.8,--,293,111340,买盘
802,13:41:07,3.8,0.01,745,283100,买盘
803,13:41:03,3.79,--,95,36005,卖盘
804,13:40:59,3.79,-0.01,515,195185,卖盘
805,13:40:52,3.8,--,76,28880,买盘
806,13:40:47,3.8,0.01,172,65360,买盘
807,13:40:44,3.79,-0.01,364,137956,卖盘
808,13:40:38,3.8,--,293,111340,买盘
809,13:40:28,3.8,--,175,66500,买盘
810,13:40:22,3.8,--,117,44460,买盘
811,13:40:13,3.8,--,349,132620,买盘
812,13:40:07,3.8,0.01,1514,575320,买盘
813,13:39:58,3.79,--,10,3790,卖盘
814,13:39:53,3.79,-0.01,29,10991,卖盘
815,13:39:43,3.8,--,32,12160,买盘
816,13:39:37,3.8,--,20,7600,买盘
817,13:39:31,3.8,--,100,38000,买盘
818,13:39:29,3.8,--,149,56620,买盘
819,13:39:22,3.8,0.01,50,19000,买盘
820,13:39:16,3.79,-0.01,1327,502933,卖盘
821,13:39:13,3.8,--,110,41800,买盘
822,13:39:07,3.8,-0.01,8,3040,中性盘
823,13:39:02,3.81,0.01,2081,793040,买盘
824,13:38:58,3.8,--,17,6460,卖盘
825,13:38:52,3.8,--,10002,3800760,卖盘
826,13:38:43,3.8,--,10265,3900700,卖盘
827,13:38:38,3.8,--,70,26600,卖盘
828,13:38:32,3.8,-0.01,10,3800,卖盘
829,13:38:22,3.81,--,136,51816,买盘
830,13:38:16,3.81,0.01,1377,524637,买盘
831,13:38:13,3.8,-0.01,623,236740,卖盘
832,13:38:08,3.81,--,371,141351,买盘
833,13:37:58,3.81,--,200,76200,买盘
834,13:37:53,3.81,--,804,306324,买盘
835,13:37:46,3.81,--,24,9144,买盘
836,13:37:43,3.81,0.01,152,57912,买盘
837,13:37:37,3.8,-0.01,22,8360,卖盘
838,13:37:32,3.81,--,3,1143,买盘
839,13:37:22,3.81,--,87,33147,买盘
840,13:37:16,3.81,--,817,311277,买盘
841,13:37:13,3.81,--,609,232029,买盘
842,13:37:07,3.81,--,55,20955,买盘
843,13:36:58,3.81,--,80,30480,买盘
844,13:36:52,3.81,--,368,140208,买盘
845,13:36:46,3.81,--,19,7239,买盘
846,13:36:43,3.81,--,166,63246,买盘
847,13:36:37,3.81,0.01,1489,567309,买盘
848,13:36:28,3.8,--,8,3040,卖盘
849,13:36:22,3.8,-0.01,65,24700,卖盘
850,13:36:16,3.81,--,16,6096,买盘
851,13:36:13,3.81,--,284,108204,买盘
852,13:36:07,3.81,0.01,10,3810,买盘
853,13:36:01,3.8,--,2,760,卖盘
854,13:35:58,3.8,-0.01,1,380,卖盘
855,13:35:52,3.81,--,6,2286,买盘
856,13:35:43,3.81,--,554,211074,买盘
857,13:35:31,3.81,--,4,1524,买盘
858,13:35:28,3.81,--,63,24003,买盘
859,13:35:22,3.81,0.01,447,170307,买盘
860,13:35:16,3.8,-0.01,22,8360,卖盘
861,13:35:13,3.81,--,68,25908,买盘
862,13:35:07,3.81,--,317,120777,买盘
863,13:34:58,3.81,--,112,42672,买盘
864,13:34:52,3.81,--,13,4953,买盘
865,13:34:46,3.81,--,11,4191,买盘
866,13:34:42,3.81,--,20,7620,买盘
867,13:34:37,3.81,--,113,43053,买盘
868,13:34:31,3.81,--,15,5715,买盘
869,13:34:26,3.81,--,37,14097,买盘
870,13:34:22,3.81,--,332,126492,买盘
871,13:34:16,3.81,--,144,54864,买盘
872,13:34:07,3.81,--,69,26289,买盘
873,13:34:01,3.81,--,115,43815,买盘
874,13:33:56,3.81,--,13,4953,买盘
875,13:33:52,3.81,--,28,10668,买盘
876,13:33:46,3.81,--,276,105156,买盘
877,13:33:42,3.81,--,4,1524,买盘
878,13:33:37,3.81,--,42,16002,买盘
879,13:33:31,3.81,0.01,11,4191,买盘
880,13:33:25,3.8,-0.01,100,38000,卖盘
881,13:33:16,3.81,0.01,33,12573,买盘
882,13:33:12,3.8,-0.01,191,72580,卖盘
883,13:33:07,3.81,--,389,148209,买盘
884,13:33:02,3.81,--,13,4953,买盘
885,13:32:52,3.81,--,277,105537,买盘
886,13:32:46,3.81,--,118,44958,买盘
887,13:32:38,3.81,--,14,5334,买盘
888,13:32:31,3.81,--,1843,702183,买盘
889,13:32:22,3.81,--,10,3810,买盘
890,13:32:16,3.81,--,88,33528,买盘
891,13:32:12,3.81,0.01,4,1524,买盘
892,13:32:07,3.8,-0.01,51,19380,卖盘
893,13:32:01,3.81,--,1,381,买盘
894,13:31:55,3.81,--,23,8763,买盘
895,13:31:52,3.81,--,11,4191,买盘
896,13:31:47,3.81,0.01,37,14097,买盘
897,13:31:40,3.8,-0.01,21,7980,卖盘
898,13:31:37,3.81,--,8,3048,买盘
899,13:31:31,3.81,--,1488,566928,买盘
900,13:31:22,3.81,--,488,185928,买盘
901,13:31:16,3.81,0.01,36,13716,买盘
902,13:31:11,3.8,--,329,125020,卖盘
903,13:31:07,3.8,-0.01,152,57760,卖盘
904,13:31:01,3.81,0.01,84,32004,买盘
905,13:30:52,3.8,-0.01,9,3420,卖盘
906,13:30:47,3.81,0.01,10,3810,买盘
907,13:30:37,3.8,--,969,368220,卖盘
908,13:30:31,3.8,--,6,2280,卖盘
909,13:30:22,3.8,-0.01,311,118180,卖盘
910,13:30:16,3.81,--,34,12954,买盘
911,13:30:01,3.81,--,501,190881,买盘
912,13:29:52,3.81,--,318,121158,买盘
913,13:29:37,3.81,--,113,43053,买盘
914,13:29:31,3.81,0.01,351,133731,买盘
915,13:29:25,3.8,--,265,100700,卖盘
916,13:29:22,3.8,--,276,104880,卖盘
917,13:29:16,3.8,-0.01,11,4180,卖盘
918,13:29:07,3.81,0.01,393,149733,买盘
919,13:28:52,3.8,--,34,12920,卖盘
920,13:28:46,3.8,--,19,7220,卖盘
921,13:28:40,3.8,-0.01,350,133000,卖盘
922,13:28:37,3.81,0.01,54,20574,买盘
923,13:28:31,3.8,--,200,76000,卖盘
924,13:28:16,3.8,-0.01,5,1900,卖盘
925,13:28:10,3.81,0.01,6,2286,买盘
926,13:28:07,3.8,--,246,93480,卖盘
927,13:28:01,3.8,--,80,30400,卖盘
928,13:27:55,3.8,-0.01,30,11400,卖盘
929,13:27:52,3.81,0.01,34,12954,买盘
930,13:27:46,3.8,-0.01,26,9880,卖盘
931,13:27:41,3.81,0.01,402,153162,买盘
932,13:27:36,3.8,--,5,1900,卖盘
933,13:27:25,3.8,--,20,7600,卖盘
934,13:27:16,3.8,--,1,380,卖盘
935,13:27:10,3.8,--,792,300960,卖盘
936,13:27:01,3.8,--,2002,760760,卖盘
937,13:26:55,3.8,--,10,3800,卖盘
938,13:26:49,3.8,--,30,11400,卖盘
939,13:26:46,3.8,-0.01,20,7600,卖盘
940,13:26:40,3.81,--,37,14097,买盘
941,13:26:35,3.81,--,4,1524,买盘
942,13:26:31,3.81,0.01,270,102870,买盘
943,13:26:25,3.8,--,5,1900,卖盘
944,13:26:19,3.8,--,236,89680,卖盘
945,13:26:16,3.8,--,50,19000,卖盘
946,13:26:10,3.8,-0.01,204,77520,卖盘
947,13:26:05,3.81,0.01,9,3429,买盘
948,13:26:01,3.8,--,31,11780,卖盘
949,13:25:46,3.8,--,86,32680,卖盘
950,13:25:40,3.8,-0.01,28,10640,卖盘
951,13:25:36,3.81,--,6,2286,买盘
952,13:25:31,3.81,--,237,90297,买盘
953,13:25:16,3.81,--,248,94488,买盘
954,13:25:10,3.81,--,297,113157,买盘
955,13:25:05,3.81,--,56,21336,买盘
956,13:25:01,3.81,0.01,216,82296,买盘
957,13:24:55,3.8,-0.01,209,79420,卖盘
958,13:24:49,3.81,--,24,9144,买盘
959,13:24:46,3.81,--,147,56007,买盘
960,13:24:40,3.81,--,269,102489,买盘
961,13:24:34,3.81,--,3,1143,买盘
962,13:24:31,3.81,0.01,1031,392811,买盘
963,13:24:25,3.8,-0.01,280,106400,卖盘
964,13:24:19,3.81,--,1854,706374,买盘
965,13:24:01,3.81,0.01,10002,3810762,买盘
966,13:23:55,3.8,--,201,76380,卖盘
967,13:23:46,3.8,-0.01,5,1900,卖盘
968,13:23:40,3.81,0.01,55,20955,买盘
969,13:23:31,3.8,--,38,14440,卖盘
970,13:23:25,3.8,-0.01,1,380,卖盘
971,13:23:19,3.81,--,11,4191,买盘
972,13:23:16,3.81,--,110,41910,买盘
973,13:23:10,3.81,--,270,102870,买盘
974,13:23:04,3.81,0.01,4,1524,买盘
975,13:23:01,3.8,-0.01,85,32300,卖盘
976,13:22:55,3.81,0.01,187,71247,买盘
977,13:22:49,3.8,-0.01,144,54720,卖盘
978,13:22:46,3.81,--,1387,528447,买盘
979,13:22:40,3.81,--,6,2286,买盘
980,13:22:34,3.81,0.01,18,6858,买盘
981,13:22:31,3.8,-0.01,17,6460,卖盘
982,13:22:19,3.81,--,39,14859,买盘
983,13:22:16,3.81,--,18,6858,买盘
984,13:22:10,3.81,--,601,228981,买盘
985,13:22:00,3.81,--,6,2286,买盘
986,13:21:55,3.81,--,41,15621,买盘
987,13:21:49,3.81,--,60,22860,买盘
988,13:21:46,3.81,--,100,38100,买盘
989,13:21:40,3.81,--,862,328422,买盘
990,13:21:34,3.81,0.01,403,153543,买盘
991,13:21:31,3.8,-0.01,10,3800,卖盘
992,13:21:25,3.81,--,82,31242,买盘
993,13:21:16,3.81,0.01,47,17907,买盘
994,13:21:10,3.8,-0.01,344,130720,卖盘
995,13:21:04,3.81,--,100,38100,买盘
996,13:21:01,3.81,--,1,381,买盘
997,13:20:49,3.81,--,50,19050,买盘
998,13:20:46,3.81,--,39,14859,买盘
999,13:20:40,3.81,--,158,60198,买盘
1000,13:20:34,3.81,--,52,19812,买盘
1001,13:20:29,3.81,--,60,22860,买盘
1002,13:20:25,3.81,--,40,15240,买盘
1003,13:20:19,3.81,0.01,356,135636,买盘
1004,13:20:14,3.8,--,172,65360,卖盘
1005,13:20:10,3.8,-0.01,1026,389880,卖盘
1006,13:20:04,3.81,--,18,6858,买盘
1007,13:19:49,3.81,--,402,153162,买盘
1008,13:19:40,3.81,--,163,62103,买盘
1009,13:19:34,3.81,--,5171,1970151,买盘
1010,13:19:28,3.81,--,52,19812,买盘
1011,13:19:25,3.81,0.01,189,72009,买盘
1012,13:19:19,3.8,-0.01,50,19000,卖盘
1013,13:19:10,3.81,--,270,102870,买盘
1014,13:19:04,3.81,0.01,1,381,买盘
1015,13:18:55,3.8,--,16,6080,卖盘
1016,13:18:49,3.8,-0.01,91,34580,卖盘
1017,13:18:40,3.81,--,200,76200,买盘
1018,13:18:28,3.81,--,125,47625,买盘
1019,13:18:19,3.81,--,25,9525,买盘
1020,13:18:10,3.81,0.01,336,128016,买盘
1021,13:18:04,3.8,--,399,151620,卖盘
1022,13:17:55,3.8,--,5,1900,卖盘
1023,13:17:49,3.8,--,1,380,卖盘
1024,13:17:40,3.8,-0.01,25,9500,卖盘
1025,13:17:34,3.81,0.01,160,60960,买盘
1026,13:17:28,3.8,-0.01,11,4180,卖盘
1027,13:17:25,3.81,--,6,2286,买盘
1028,13:17:19,3.81,0.01,209,79629,买盘
1029,13:17:13,3.8,-0.01,11,4180,卖盘
1030,13:17:04,3.81,--,19,7239,买盘
1031,13:16:58,3.81,--,46,17526,买盘
1032,13:16:55,3.81,0.01,171,65151,买盘
1033,13:16:49,3.8,--,59,22420,卖盘
1034,13:16:43,3.8,-0.01,10,3800,卖盘
1035,13:16:40,3.81,--,295,112395,买盘
1036,13:16:34,3.81,0.01,1328,505968,买盘
1037,13:16:19,3.8,-0.01,16,6080,卖盘
1038,13:16:13,3.81,--,10,3810,买盘
1039,13:16:10,3.81,0.01,394,150114,买盘
1040,13:16:04,3.8,-0.01,5,1900,卖盘
1041,13:15:49,3.81,--,1244,473964,买盘
1042,13:15:43,3.81,0.01,313,119253,买盘
1043,13:15:34,3.8,--,3,1140,卖盘
1044,13:15:28,3.8,-0.01,28,10640,卖盘
1045,13:15:24,3.81,--,217,82677,买盘
1046,13:15:19,3.81,0.01,50,19050,买盘
1047,13:15:13,3.8,-0.01,64,24320,卖盘
1048,13:15:10,3.81,--,24,9144,买盘
1049,13:15:04,3.81,--,907,345567,买盘
1050,13:14:57,3.81,0.01,38,14478,买盘
1051,13:14:55,3.8,-0.01,113,42940,卖盘
1052,13:14:49,3.81,--,133,50673,买盘
1053,13:14:40,3.81,0.01,257,97917,买盘
1054,13:14:34,3.8,-0.01,500,190000,卖盘
1055,13:14:28,3.81,--,150,57150,买盘
1056,13:14:25,3.81,--,475,180975,买盘
1057,13:14:19,3.81,--,827,315121,卖盘
1058,13:14:13,3.81,--,19,7239,卖盘
1059,13:14:10,3.81,--,13,4953,卖盘
1060,13:14:04,3.81,--,200,76546,卖盘
1061,13:13:58,3.81,--,305,116205,卖盘
1062,13:13:55,3.81,--,659,251079,卖盘
1063,13:13:48,3.81,--,112,42672,卖盘
1064,13:13:43,3.81,-0.01,76,28956,卖盘
1065,13:13:40,3.82,0.01,21,8022,买盘
1066,13:13:34,3.81,--,129,49149,卖盘
1067,13:13:28,3.81,--,26,9906,卖盘
1068,13:13:24,3.81,-0.01,13,4953,卖盘
1069,13:13:19,3.82,0.01,203,77546,买盘
1070,13:13:13,3.81,--,47,17907,卖盘
1071,13:13:09,3.81,-0.01,10,3810,卖盘
1072,13:13:04,3.82,0.01,63,24066,买盘
1073,13:12:58,3.81,--,238,90678,卖盘
1074,13:12:52,3.81,--,184,70104,卖盘
1075,13:12:49,3.81,--,196,74676,卖盘
1076,13:12:42,3.81,--,100,38100,卖盘
1077,13:12:38,3.81,--,24,9144,卖盘
1078,13:12:34,3.81,--,139,52959,卖盘
1079,13:12:28,3.81,--,59,22479,卖盘
1080,13:12:22,3.81,--,4,1524,卖盘
1081,13:12:19,3.81,--,33,12573,卖盘
1082,13:12:13,3.81,--,1528,582168,卖盘
1083,13:12:07,3.81,-0.01,47,17907,卖盘
1084,13:12:04,3.82,--,24,9168,买盘
1085,13:11:58,3.82,0.01,122,46604,买盘
1086,13:11:53,3.81,--,19,7239,卖盘
1087,13:11:49,3.81,--,3939,1500759,卖盘
1088,13:11:42,3.81,--,822,313182,卖盘
1089,13:11:37,3.81,--,555,211455,卖盘
1090,13:11:33,3.81,--,16381,6241161,买盘
1091,13:11:28,3.81,--,8218,3131058,买盘
1092,13:11:24,3.81,--,728,277368,买盘
1093,13:11:19,3.81,0.01,2798,1066038,买盘
1094,13:11:13,3.8,-0.01,344,130720,卖盘
1095,13:11:09,3.81,--,69,26289,买盘
1096,13:11:04,3.81,--,102,38862,买盘
1097,13:10:57,3.81,--,836,318516,买盘
1098,13:10:52,3.81,--,741,282321,买盘
1099,13:10:49,3.81,--,1345,512445,买盘
1100,13:10:43,3.81,0.01,351,133731,买盘
1101,13:10:37,3.8,-0.01,110,41800,卖盘
1102,13:10:33,3.81,--,921,350901,买盘
1103,13:10:28,3.81,--,3903,1487043,买盘
1104,13:10:22,3.81,--,6035,2299335,买盘
1105,13:10:18,3.81,--,2041,777621,买盘
1106,13:10:13,3.81,--,11371,4332351,买盘
1107,13:10:07,3.81,--,3596,1370076,买盘
1108,13:10:03,3.81,--,10,3810,买盘
1109,13:09:57,3.81,--,21,8001,买盘
1110,13:09:52,3.81,--,196,74676,买盘
1111,13:09:48,3.81,--,10,3810,买盘
1112,13:09:37,3.81,--,1358,517398,买盘
1113,13:09:34,3.81,--,25,9525,买盘
1114,13:09:28,3.81,--,52,19812,买盘
1115,13:09:22,3.81,0.01,102,38862,买盘
1116,13:09:18,3.8,-0.01,10,3800,卖盘
1117,13:09:12,3.81,0.01,300,114300,买盘
1118,13:09:07,3.8,--,800,304000,卖盘
1119,13:09:04,3.8,-0.01,2,760,卖盘
1120,13:08:57,3.81,--,200,76200,买盘
1121,13:08:52,3.81,--,50,19050,买盘
1122,13:08:43,3.81,0.01,125,47625,买盘
1123,13:08:37,3.8,-0.01,12,4560,卖盘
1124,13:08:22,3.81,--,24,9144,买盘
1125,13:08:18,3.81,--,629,239649,买盘
1126,13:08:13,3.81,--,511,194691,买盘
1127,13:08:07,3.81,--,554,211074,买盘
1128,13:08:04,3.81,0.01,52,19812,买盘
1129,13:07:58,3.8,-0.01,989,375820,卖盘
1130,13:07:49,3.81,0.01,52,19812,买盘
1131,13:07:42,3.8,-0.01,12,4560,卖盘
1132,13:07:34,3.81,--,52,19812,买盘
1133,13:07:28,3.81,--,1327,505587,买盘
1134,13:07:22,3.81,--,40,15240,买盘
1135,13:07:19,3.81,0.01,124,47244,买盘
1136,13:07:13,3.8,-0.01,20,7600,卖盘
1137,13:07:07,3.81,0.01,257,97917,买盘
1138,13:07:03,3.8,--,220,83600,卖盘
1139,13:06:58,3.8,--,31,11780,卖盘
1140,13:06:51,3.8,-0.01,95,36100,卖盘
1141,13:06:48,3.81,--,2,762,买盘
1142,13:06:43,3.81,--,1,381,买盘
1143,13:06:36,3.81,--,180,68580,买盘
1144,13:06:33,3.81,0.01,86,32766,买盘
1145,13:06:22,3.8,--,6,2280,卖盘
1146,13:06:16,3.8,--,5,1900,卖盘
1147,13:06:13,3.8,--,417,158460,卖盘
1148,13:06:01,3.8,-0.01,20,7600,卖盘
1149,13:05:57,3.81,0.01,54,20574,买盘
1150,13:05:52,3.8,--,9,3610,卖盘
1151,13:05:43,3.8,--,210,79800,卖盘
1152,13:05:36,3.8,--,40,15200,卖盘
1153,13:05:30,3.8,--,9,3420,卖盘
1154,13:05:27,3.8,--,4,1520,卖盘
1155,13:05:21,3.8,-0.01,557,211660,卖盘
1156,13:05:16,3.81,0.01,2199,837819,买盘
1157,13:05:12,3.8,--,48,18240,卖盘
1158,13:04:58,3.8,-0.01,122,46360,卖盘
1159,13:04:51,3.81,0.01,824,313944,买盘
1160,13:04:46,3.8,--,60,22800,卖盘
1161,13:04:36,3.8,-0.01,100,38000,卖盘
1162,13:04:31,3.81,0.01,50,19050,买盘
1163,13:04:27,3.8,--,209,79420,卖盘
1164,13:04:21,3.8,-0.01,120,45600,卖盘
1165,13:04:18,3.81,0.01,40,15240,买盘
1166,13:04:07,3.8,--,35,13300,卖盘
1167,13:04:01,3.8,--,1,380,卖盘
1168,13:03:57,3.8,-0.01,100,38000,卖盘
1169,13:03:51,3.81,0.01,90,34290,买盘
1170,13:03:43,3.8,--,56,21280,卖盘
1171,13:03:36,3.8,--,120,45600,卖盘
1172,13:03:30,3.8,-0.01,11,4180,卖盘
1173,13:03:27,3.81,0.01,25,9525,买盘
1174,13:03:21,3.8,--,18,6840,卖盘
1175,13:03:12,3.8,--,10,3800,卖盘
1176,13:03:06,3.8,-0.01,307,116660,卖盘
1177,13:03:00,3.81,--,11,4191,买盘
1178,13:02:57,3.81,0.01,6,2286,买盘
1179,13:02:51,3.8,--,21,7980,卖盘
1180,13:02:36,3.8,-0.01,5,1900,卖盘
1181,13:02:30,3.81,0.01,65,24765,买盘
1182,13:02:27,3.8,-0.01,100,38000,卖盘
1183,13:02:16,3.81,0.01,84,32004,买盘
1184,13:02:12,3.8,-0.01,11,4180,卖盘
1185,13:02:06,3.81,0.01,72,27432,买盘
1186,13:01:57,3.8,--,591,224580,卖盘
1187,13:01:51,3.8,-0.01,315,119700,卖盘
1188,13:01:42,3.81,--,41,15621,买盘
1189,13:01:35,3.81,0.01,1327,505587,买盘
1190,13:01:30,3.8,-0.01,10,3800,卖盘
1191,13:01:27,3.81,--,9,3429,买盘
1192,13:01:21,3.81,--,11,4191,买盘
1193,13:01:06,3.81,--,16,6096,买盘
1194,13:01:00,3.81,--,3,1143,买盘
1195,13:00:57,3.81,0.01,511,194691,买盘
1196,13:00:52,3.8,-0.01,200,76000,卖盘
1197,13:00:27,3.81,--,18,6858,买盘
1198,13:00:22,3.81,--,54,20574,买盘
1199,13:00:14,3.81,0.01,1,381,买盘
1200,13:00:11,3.8,-0.01,370,140600,卖盘
1201,13:00:06,3.81,0.01,4842,1844992,买盘
1202,13:00:01,3.8,-0.01,40,15200,卖盘
1203,11:30:00,3.81,--,0,0,买盘
1204,11:29:59,3.81,--,0,0,买盘
1205,11:29:56,3.81,--,109,41529,买盘
1206,11:29:47,3.81,--,690,262890,买盘
1207,11:29:41,3.81,0.01,140,53340,买盘
1208,11:29:38,3.8,-0.01,225,85500,卖盘
1209,11:29:32,3.81,--,50,19050,买盘
1210,11:29:28,3.81,--,116,44196,买盘
1211,11:29:23,3.81,0.01,16,6096,买盘
1212,11:29:16,3.8,--,60,22800,卖盘
1213,11:29:12,3.8,-0.01,245,93100,卖盘
1214,11:29:08,3.81,0.01,21,8001,买盘
1215,11:29:02,3.8,--,104,39520,卖盘
1216,11:28:47,3.8,--,635,241300,卖盘
1217,11:28:41,3.8,--,2,760,卖盘
1218,11:28:38,3.8,--,107,40660,卖盘
1219,11:28:32,3.8,--,85,32300,卖盘
1220,11:28:25,3.8,--,42,15960,卖盘
1221,11:28:17,3.8,--,58,22040,卖盘
1222,11:28:11,3.8,--,32,12160,卖盘
1223,11:28:07,3.8,--,344,130720,卖盘
1224,11:28:02,3.8,--,438,166440,卖盘
1225,11:27:56,3.8,-0.01,120,45600,卖盘
1226,11:27:53,3.81,0.01,1470,560070,买盘
1227,11:27:47,3.8,--,18,6840,卖盘
1228,11:27:41,3.8,--,2,760,卖盘
1229,11:27:37,3.8,--,25,9500,卖盘
1230,11:27:31,3.8,--,80,30400,卖盘
1231,11:27:25,3.8,--,30,11400,卖盘
1232,11:27:23,3.8,--,123,46740,卖盘
1233,11:27:16,3.8,--,107,40660,卖盘
1234,11:27:08,3.8,--,3,1140,卖盘
1235,11:27:02,3.8,--,120,45600,卖盘
1236,11:26:53,3.8,--,516,196080,卖盘
1237,11:26:46,3.8,--,1405,533900,卖盘
1238,11:26:41,3.8,--,340,129200,卖盘
1239,11:26:38,3.8,-0.01,932,354160,卖盘
1240,11:26:26,3.81,0.01,16,6096,买盘
1241,11:26:22,3.8,--,20,7600,卖盘
1242,11:26:17,3.8,--,488,185440,卖盘
1243,11:26:10,3.8,--,65,24700,卖盘
1244,11:26:07,3.8,-0.01,284,107920,卖盘
1245,11:26:02,3.81,0.01,27,10287,买盘
1246,11:25:56,3.8,--,284,107920,卖盘
1247,11:25:47,3.8,--,21,7980,卖盘
1248,11:25:40,3.8,-0.01,66,25080,卖盘
1249,11:25:37,3.81,0.01,14,5334,买盘
1250,11:25:23,3.8,--,51,19646,卖盘
1251,11:25:17,3.8,--,20,7600,卖盘
1252,11:25:11,3.8,--,20,7600,卖盘
1253,11:25:08,3.8,-0.01,10,3800,卖盘
1254,11:25:02,3.81,0.01,50,19050,买盘
1255,11:24:52,3.8,--,37,14060,卖盘
1256,11:24:38,3.8,-0.01,303,115254,卖盘
1257,11:24:32,3.81,0.01,109,41529,买盘
1258,11:24:25,3.8,--,169,64220,卖盘
1259,11:24:22,3.8,--,9,3420,卖盘
1260,11:24:16,3.8,--,300,114000,卖盘
1261,11:24:01,3.8,-0.01,574,218120,卖盘
1262,11:23:56,3.81,0.01,27,10287,买盘
1263,11:23:46,3.8,-0.01,718,272840,卖盘
1264,11:23:41,3.81,--,1270,483870,买盘
1265,11:23:32,3.81,0.01,240,91440,买盘
1266,11:23:26,3.8,--,24,9120,卖盘
1267,11:23:19,3.8,--,123,46740,卖盘
1268,11:23:17,3.8,--,167,63460,卖盘
1269,11:23:11,3.8,--,5,1900,卖盘
1270,11:23:06,3.8,--,120,45600,卖盘
1271,11:23:02,3.8,--,72,27360,卖盘
1272,11:22:56,3.8,--,15,5700,卖盘
1273,11:22:46,3.8,--,130,49400,卖盘
1274,11:22:40,3.8,--,364,138320,卖盘
1275,11:22:31,3.8,--,15,5700,卖盘
1276,11:22:26,3.8,--,2,760,卖盘
1277,11:22:22,3.8,--,80,30400,卖盘
1278,11:22:17,3.8,--,500,190000,卖盘
1279,11:22:10,3.8,--,559,212420,卖盘
1280,11:22:02,3.8,-0.01,211,80180,卖盘
1281,11:21:56,3.81,--,137,52197,买盘
1282,11:21:51,3.81,0.01,2,762,买盘
1283,11:21:47,3.8,--,33,12540,卖盘
1284,11:21:41,3.8,--,10,3800,卖盘
1285,11:21:36,3.8,--,14,5487,卖盘
1286,11:21:32,3.8,-0.01,100,38000,卖盘
1287,11:21:25,3.81,0.01,12,4572,买盘
1288,11:21:16,3.8,-0.01,502,190760,卖盘
1289,11:21:11,3.81,0.01,166,63246,买盘
1290,11:21:05,3.8,--,1413,536940,卖盘
1291,11:21:01,3.8,--,173,65740,卖盘
1292,11:20:56,3.8,--,5,1900,卖盘
1293,11:20:49,3.8,--,134,50920,卖盘
1294,11:20:47,3.8,--,10,3800,卖盘
1295,11:20:41,3.8,--,281,106989,卖盘
1296,11:20:34,3.8,--,131,49780,卖盘
1297,11:20:31,3.8,--,631,239780,卖盘
1298,11:20:25,3.8,--,49,18620,卖盘
1299,11:20:16,3.8,--,129,49020,卖盘
1300,11:20:10,3.8,--,200,76000,卖盘
1301,11:20:02,3.8,-0.01,15,5700,卖盘
1302,11:19:50,3.81,0.01,93,35433,买盘
1303,11:19:46,3.8,-0.01,17,6460,卖盘
1304,11:19:41,3.81,0.01,11,4191,买盘
1305,11:19:32,3.8,--,500,190000,卖盘
1306,11:19:26,3.8,--,264,100320,卖盘
1307,11:19:20,3.8,-0.01,1,380,卖盘
1308,11:19:16,3.81,--,69,26289,买盘
1309,11:19:10,3.81,0.01,55,20955,买盘
1310,11:18:55,3.8,--,394,149720,卖盘
1311,11:18:50,3.8,--,8,3040,卖盘
1312,11:18:47,3.8,--,207,78660,卖盘
1313,11:18:40,3.8,--,11,4180,卖盘
1314,11:18:31,3.8,--,320,121600,卖盘
1315,11:18:26,3.8,-0.01,109,41420,卖盘
1316,11:18:19,3.81,--,54,20574,买盘
1317,11:18:16,3.81,--,88,33528,买盘
1318,11:18:10,3.81,--,210,80010,买盘
1319,11:18:04,3.81,--,519,197739,买盘
1320,11:18:01,3.81,--,1678,639318,买盘
1321,11:17:55,3.81,0.01,92,35052,买盘
1322,11:17:49,3.8,--,62,23560,卖盘
1323,11:17:46,3.8,--,382,145160,卖盘
1324,11:17:40,3.8,--,7,2660,卖盘
1325,11:17:31,3.8,--,247,93860,卖盘
1326,11:17:25,3.8,--,122,46360,卖盘
1327,11:17:20,3.8,--,16,6080,卖盘
1328,11:17:16,3.8,--,121,45980,卖盘
1329,11:17:11,3.8,-0.01,112,42560,卖盘
1330,11:17:05,3.81,--,153,58293,买盘
1331,11:17:01,3.81,--,322,122682,买盘
1332,11:16:56,3.81,0.01,3011,1147396,买盘
1333,11:16:49,3.8,0.01,50,19000,买盘
1334,11:16:40,3.79,-0.01,1023,387717,卖盘
1335,11:16:35,3.8,--,7706,2928280,买盘
1336,11:16:19,3.8,--,25,9500,买盘
1337,11:16:11,3.8,--,139,52820,买盘
1338,11:16:04,3.8,--,160,60800,买盘
1339,11:15:56,3.8,--,401,152380,买盘
1340,11:15:49,3.8,0.01,5,1900,买盘
1341,11:15:40,3.79,-0.01,25,9475,卖盘
1342,11:15:35,3.8,--,2010,763800,买盘
1343,11:15:25,3.8,--,172,65360,买盘
1344,11:15:19,3.8,--,3,1140,买盘
1345,11:15:15,3.8,--,50,19000,买盘
1346,11:15:11,3.8,--,100,38000,买盘
1347,11:14:50,3.8,--,1374,522294,卖盘
1348,11:14:45,3.8,-0.01,10,3800,卖盘
1349,11:14:40,3.81,0.01,101,38481,买盘
1350,11:14:31,3.8,-0.01,10,3800,卖盘
1351,11:14:26,3.81,0.01,81,30861,买盘
1352,11:14:19,3.8,--,37,14060,卖盘
1353,11:14:14,3.8,--,26,9880,卖盘
1354,11:14:11,3.8,--,81,30780,卖盘
1355,11:14:04,3.8,--,11,4180,卖盘
1356,11:13:55,3.8,--,26,9880,卖盘
1357,11:13:50,3.8,--,29,11020,卖盘
1358,11:13:40,3.8,-0.01,117,44460,卖盘
1359,11:13:34,3.81,0.01,258,98298,买盘
1360,11:13:28,3.8,--,5809,2207420,卖盘
1361,11:13:25,3.8,--,322,122360,卖盘
1362,11:13:13,3.8,--,10000,3800000,卖盘
1363,11:13:10,3.8,-0.01,105,39900,卖盘
1364,11:12:58,3.81,0.01,171,65151,买盘
1365,11:12:55,3.8,--,240,91200,卖盘
1366,11:12:49,3.8,--,273,103740,卖盘
1367,11:12:40,3.8,--,452,171760,卖盘
1368,11:12:35,3.8,--,180,68400,卖盘
1369,11:12:29,3.8,--,50,19000,卖盘
1370,11:12:25,3.8,-0.01,3,1140,卖盘
1371,11:12:19,3.81,0.01,58,22098,买盘
1372,11:12:10,3.8,--,14,5320,卖盘
1373,11:12:05,3.8,-0.01,372,141360,卖盘
1374,11:11:58,3.81,0.01,90,34290,买盘
1375,11:11:55,3.8,--,227,86260,卖盘
1376,11:11:49,3.8,-0.01,399,151620,卖盘
1377,11:11:44,3.81,0.01,52,19812,买盘
1378,11:11:40,3.8,-0.01,204,77520,卖盘
1379,11:11:35,3.81,--,341,129921,买盘
1380,11:11:29,3.81,0.01,179,68214,买盘
1381,11:11:25,3.8,-0.01,942,357960,卖盘
1382,11:11:20,3.81,--,235,89535,买盘
1383,11:11:14,3.81,0.01,54,20574,买盘
1384,11:11:10,3.8,--,564,214320,卖盘
1385,11:11:04,3.8,--,268,101840,卖盘
1386,11:10:58,3.8,-0.01,200,76000,卖盘
1387,11:10:55,3.81,0.01,7524,2866834,买盘
1388,11:10:49,3.8,--,1791,680580,买盘
1389,11:10:43,3.8,--,141,53580,买盘
1390,11:10:40,3.8,--,216,82080,买盘
1391,11:10:34,3.8,--,150,57000,买盘
1392,11:10:28,3.8,0.01,25,9500,买盘
1393,11:10:25,3.79,-0.01,661,250519,卖盘
1394,11:10:19,3.8,--,149,56620,买盘
1395,11:10:10,3.8,--,58,22040,买盘
1396,11:10:05,3.8,0.01,126,47880,买盘
1397,11:09:58,3.79,-0.01,10,3790,卖盘
1398,11:09:55,3.8,--,216,82080,买盘
1399,11:09:49,3.8,--,9,3420,买盘
1400,11:09:39,3.8,--,19,7220,买盘
1401,11:09:34,3.8,0.01,94,35720,买盘
1402,11:09:29,3.79,-0.01,300,113700,卖盘
1403,11:09:19,3.8,--,3,1140,买盘
1404,11:09:05,3.8,--,1685,640300,买盘
1405,11:08:59,3.8,--,1126,427880,买盘
1406,11:08:55,3.8,--,87,33060,买盘
1407,11:08:49,3.8,--,85,32300,买盘
1408,11:08:40,3.8,--,19,7220,买盘
1409,11:08:34,3.8,--,230,87400,买盘
1410,11:08:28,3.8,--,22,8360,买盘
1411,11:08:20,3.8,--,3,1140,买盘
1412,11:08:13,3.8,0.01,10,3800,买盘
1413,11:08:04,3.79,--,200,75800,卖盘
1414,11:07:58,3.79,--,2,758,卖盘
1415,11:07:50,3.79,--,170,64430,卖盘
1416,11:07:44,3.79,-0.01,132,50028,卖盘
1417,11:07:28,3.8,0.01,9,3420,买盘
1418,11:07:19,3.79,-0.01,126,47754,卖盘
1419,11:07:14,3.8,0.01,3,1140,买盘
1420,11:07:04,3.79,--,33,12507,卖盘
1421,11:06:59,3.79,--,8,3221,卖盘
1422,11:06:52,3.79,-0.01,64,24256,卖盘
1423,11:06:50,3.8,--,162,61560,买盘
1424,11:06:44,3.8,--,109,41420,买盘
1425,11:06:38,3.8,--,162,61560,买盘
1426,11:06:28,3.8,--,142,53960,买盘
1427,11:06:23,3.8,--,237,90060,买盘
1428,11:06:19,3.8,--,207,78660,买盘
1429,11:06:13,3.8,--,116,44080,买盘
1430,11:06:09,3.8,--,54,20520,买盘
1431,11:06:05,3.8,--,10,3800,买盘
1432,11:05:55,3.8,--,50,19000,买盘
1433,11:05:49,3.8,0.01,60,22800,买盘
1434,11:05:38,3.79,--,40,15160,卖盘
1435,11:05:34,3.79,-0.01,2,758,卖盘
1436,11:05:28,3.8,0.01,127,48260,买盘
1437,11:05:20,3.79,-0.01,157,59503,卖盘
1438,11:05:13,3.8,--,87,33060,买盘
1439,11:05:07,3.8,0.01,87,33060,买盘
1440,11:05:04,3.79,-0.01,220,83380,卖盘
1441,11:04:58,3.8,0.01,2,760,买盘
1442,11:04:49,3.79,-0.01,12,4548,卖盘
1443,11:04:44,3.8,--,73,27740,买盘
1444,11:04:34,3.8,--,1,380,买盘
1445,11:04:22,3.8,--,20,7600,买盘
1446,11:04:19,3.8,0.01,3,1140,买盘
1447,11:04:04,3.79,-0.01,7,2653,卖盘
1448,11:03:58,3.8,--,25,9500,买盘
1449,11:03:49,3.8,--,42,15960,买盘
1450,11:03:34,3.8,--,19,7220,买盘
1451,11:03:28,3.8,--,9,3420,买盘
1452,11:03:22,3.8,--,294,111720,买盘
1453,11:03:19,3.8,--,800,304000,买盘
1454,11:03:07,3.8,0.01,21,7980,买盘
1455,11:03:04,3.79,-0.01,1,379,卖盘
1456,11:02:58,3.8,--,308,117040,买盘
1457,11:02:53,3.8,--,34,12920,买盘
1458,11:02:37,3.8,--,449,170810,卖盘
1459,11:02:34,3.8,--,163,61940,卖盘
1460,11:02:28,3.8,--,550,209000,卖盘
1461,11:02:21,3.8,--,221,83980,卖盘
1462,11:02:19,3.8,--,21,7980,卖盘
1463,11:02:13,3.8,--,20,7600,卖盘
1464,11:02:07,3.8,--,524,199120,卖盘
1465,11:02:04,3.8,--,19,7220,卖盘
1466,11:01:59,3.8,-0.01,117,44460,卖盘
1467,11:01:52,3.81,--,3,1143,买盘
1468,11:01:49,3.81,0.01,417,158877,买盘
1469,11:01:43,3.8,--,108,41040,卖盘
1470,11:01:37,3.8,--,30,11400,卖盘
1471,11:01:34,3.8,--,50,19000,卖盘
1472,11:01:28,3.8,--,692,262960,卖盘
1473,11:01:22,3.8,--,160,60800,卖盘
1474,11:01:19,3.8,-0.01,29,11020,卖盘
1475,11:01:13,3.81,0.01,459,174879,买盘
1476,11:01:08,3.8,--,25,9500,卖盘
1477,11:01:04,3.8,--,355,135090,卖盘
1478,11:00:58,3.8,--,20,7600,卖盘
1479,11:00:52,3.8,--,79,30020,卖盘
1480,11:00:48,3.8,--,41,15580,卖盘
1481,11:00:44,3.8,--,125,47500,卖盘
1482,11:00:38,3.8,--,76,28880,卖盘
1483,11:00:34,3.8,--,30,11590,卖盘
1484,11:00:29,3.8,--,640,243200,卖盘
1485,11:00:22,3.8,-0.01,856,325280,卖盘
1486,11:00:19,3.81,0.01,8062,3071622,买盘
1487,11:00:14,3.8,--,20,7790,卖盘
1488,11:00:07,3.8,--,10,3800,卖盘
1489,11:00:04,3.8,--,80,30400,卖盘
1490,10:59:59,3.8,-0.01,50,19000,卖盘
1491,10:59:52,3.81,0.01,77,29337,买盘
1492,10:59:47,3.8,--,200,76000,卖盘
1493,10:59:43,3.8,--,54,20520,卖盘
1494,10:59:37,3.8,-0.01,16,6080,卖盘
1495,10:59:29,3.81,0.01,28,10668,买盘
1496,10:59:23,3.8,--,457,173660,卖盘
1497,10:59:07,3.8,-0.01,50,19000,卖盘
1498,10:59:03,3.81,0.01,278,105918,买盘
1499,10:58:59,3.8,-0.01,34,12920,卖盘
1500,10:58:52,3.81,0.01,39,14859,买盘
1501,10:58:47,3.8,-0.01,207,78660,卖盘
1502,10:58:43,3.81,0.01,183,69723,买盘
1503,10:58:37,3.8,-0.01,15,5700,卖盘
1504,10:58:33,3.81,--,32,12192,买盘
1505,10:58:28,3.81,0.01,819,312039,买盘
1506,10:58:22,3.8,--,74,28120,卖盘
1507,10:58:13,3.8,--,600,228000,卖盘
1508,10:58:07,3.8,-0.01,541,205580,卖盘
1509,10:58:03,3.81,0.01,1212,461772,买盘
1510,10:57:59,3.8,--,130,49400,卖盘
1511,10:57:53,3.8,--,1000,380000,卖盘
1512,10:57:43,3.8,--,135,51300,卖盘
1513,10:57:38,3.8,-0.01,1204,457520,卖盘
1514,10:57:31,3.81,0.01,494,188214,买盘
1515,10:57:29,3.8,--,3288,1249440,卖盘
1516,10:57:23,3.8,--,828,314640,卖盘
1517,10:57:13,3.8,--,425,161500,卖盘
1518,10:57:07,3.8,--,770,292600,卖盘
1519,10:56:58,3.8,-0.01,11,4180,卖盘
1520,10:56:52,3.81,0.01,606,230886,买盘
1521,10:56:46,3.8,--,148,56240,卖盘
1522,10:56:43,3.8,--,346,131480,卖盘
1523,10:56:37,3.8,--,5,1900,卖盘
1524,10:56:28,3.8,-0.01,263,99940,卖盘
1525,10:56:22,3.81,--,125,47625,买盘
1526,10:56:17,3.81,0.01,65,24765,买盘
1527,10:56:13,3.8,--,249,94620,卖盘
1528,10:56:07,3.8,--,501,190380,卖盘
1529,10:56:01,3.8,-0.01,90,34200,卖盘
1530,10:55:58,3.81,0.01,474,180594,买盘
1531,10:55:52,3.8,--,77,29260,卖盘
1532,10:55:46,3.8,-0.01,22,8360,卖盘
1533,10:55:43,3.81,0.01,172,65532,买盘
1534,10:55:37,3.8,-0.01,419,159220,卖盘
1535,10:55:31,3.81,0.01,142,54102,买盘
1536,10:55:28,3.8,--,769,292220,卖盘
1537,10:55:22,3.8,--,929,353020,卖盘
1538,10:55:16,3.8,-0.01,187,71060,卖盘
1539,10:55:13,3.81,0.01,693,264033,买盘
1540,10:55:07,3.8,--,325,123500,卖盘
1541,10:55:01,3.8,-0.01,182,69160,卖盘
1542,10:54:58,3.81,--,87,33147,买盘
1543,10:54:52,3.81,0.01,218,83058,买盘
1544,10:54:46,3.8,--,124,47310,卖盘
1545,10:54:43,3.8,--,273,103740,卖盘
1546,10:54:37,3.8,--,177,67260,卖盘
1547,10:54:31,3.8,--,302,114760,卖盘
1548,10:54:28,3.8,--,5790,2200200,买盘
1549,10:54:22,3.8,--,66,25080,买盘
1550,10:54:16,3.8,--,174,66120,买盘
1551,10:54:13,3.8,--,522,198360,买盘
1552,10:54:07,3.8,--,801,304380,买盘
1553,10:54:01,3.8,0.01,285,108300,买盘
1554,10:53:58,3.79,-0.01,89,33731,卖盘
1555,10:53:52,3.8,0.01,117,44460,买盘
1556,10:53:46,3.79,--,1,379,卖盘
1557,10:53:37,3.79,-0.01,19,7201,卖盘
1558,10:53:31,3.8,--,23,8740,买盘
1559,10:53:28,3.8,--,1480,562400,买盘
1560,10:53:22,3.8,0.01,1063,403940,买盘
1561,10:53:13,3.79,-0.01,40,15160,卖盘
1562,10:53:07,3.8,--,223,84740,买盘
1563,10:53:01,3.8,--,376,142880,买盘
1564,10:52:58,3.8,--,176,66880,买盘
1565,10:52:52,3.8,--,187,71060,买盘
1566,10:52:46,3.8,0.01,87,33060,买盘
1567,10:52:37,3.79,-0.01,398,150842,卖盘
1568,10:52:31,3.8,0.01,350,133000,买盘
1569,10:52:28,3.79,--,94,35626,卖盘
1570,10:52:22,3.79,-0.01,63,23877,卖盘
1571,10:52:16,3.8,--,23,8740,买盘
1572,10:52:07,3.8,--,1374,522120,买盘
1573,10:52:01,3.8,--,554,210520,买盘
1574,10:51:58,3.8,--,100,38000,买盘
1575,10:51:46,3.8,--,475,180500,买盘
1576,10:51:42,3.8,0.01,1,380,买盘
1577,10:51:37,3.79,-0.01,96,36384,卖盘
1578,10:51:31,3.8,--,282,107160,买盘
1579,10:51:25,3.8,--,1006,382280,买盘
1580,10:51:22,3.8,--,75,28500,买盘
1581,10:51:16,3.8,0.01,179,68020,买盘
1582,10:51:12,3.79,-0.01,30,11370,卖盘
1583,10:51:06,3.8,--,1533,582540,买盘
1584,10:51:01,3.8,--,177,67260,买盘
1585,10:50:57,3.8,--,204,77520,买盘
1586,10:50:52,3.8,0.01,275,104500,买盘
1587,10:50:46,3.79,-0.01,585,221715,卖盘
1588,10:50:40,3.8,--,101,38380,买盘
1589,10:50:37,3.8,--,181,68780,买盘
1590,10:50:31,3.8,0.01,128,48640,买盘
1591,10:50:27,3.79,-0.01,13,5063,卖盘
1592,10:50:22,3.8,0.01,758,288040,买盘
1593,10:50:16,3.79,-0.01,265,100435,卖盘
1594,10:50:10,3.8,0.01,162,61560,买盘
1595,10:50:07,3.79,-0.01,361,136819,卖盘
1596,10:50:01,3.8,--,622,236360,买盘
1597,10:49:55,3.8,--,309,117420,买盘
1598,10:49:52,3.8,0.01,1620,615600,买盘
1599,10:49:46,3.79,-0.01,1196,453284,卖盘
1600,10:49:41,3.8,0.01,1,380,买盘
1601,10:49:37,3.79,-0.01,9,3411,卖盘
1602,10:49:31,3.8,--,661,251180,买盘
1603,10:49:16,3.8,--,29,11020,买盘
1604,10:49:10,3.8,0.01,871,330980,买盘
1605,10:49:07,3.79,-0.01,211,79969,卖盘
1606,10:49:01,3.8,0.01,293,111340,买盘
1607,10:48:52,3.79,-0.01,107,40553,卖盘
1608,10:48:46,3.8,0.01,142,53960,买盘
1609,10:48:37,3.79,--,501,189879,卖盘
1610,10:48:31,3.79,--,347,131513,卖盘
1611,10:48:25,3.79,--,117,44343,卖盘
1612,10:48:22,3.79,-0.01,613,232327,卖盘
1613,10:48:16,3.8,0.01,1402,532760,买盘
1614,10:48:10,3.79,-0.01,1,379,卖盘
1615,10:48:07,3.8,--,8445,3209100,买盘
1616,10:48:01,3.8,0.01,483,183540,买盘
1617,10:47:55,3.79,-0.01,207,78453,卖盘
1618,10:47:52,3.8,--,523,198740,买盘
1619,10:47:46,3.8,0.01,464,176320,买盘
1620,10:47:40,3.79,-0.01,237,89823,卖盘
1621,10:47:37,3.8,--,421,159980,买盘
1622,10:47:31,3.8,--,74,28120,买盘
1623,10:47:22,3.8,--,142,53960,买盘
1624,10:47:16,3.8,0.01,64,24320,买盘
1625,10:47:01,3.79,-0.01,107,40553,卖盘
1626,10:46:52,3.8,0.01,1,380,买盘
1627,10:46:46,3.79,-0.01,174,65946,卖盘
1628,10:46:40,3.8,0.01,187,71060,买盘
1629,10:46:37,3.79,-0.01,162,61398,卖盘
1630,10:46:31,3.8,--,13,4940,买盘
1631,10:46:24,3.8,0.01,62,23560,买盘
1632,10:46:16,3.79,--,3,1137,卖盘
1633,10:46:10,3.79,--,31,11749,卖盘
1634,10:46:07,3.79,--,40,15160,卖盘
1635,10:46:01,3.79,--,63,23877,卖盘
1636,10:45:55,3.79,--,1,379,卖盘
1637,10:45:46,3.79,-0.01,12,4548,卖盘
1638,10:45:40,3.8,0.01,51,19380,买盘
1639,10:45:37,3.79,--,27,10233,卖盘
1640,10:45:31,3.79,--,9,3411,卖盘
1641,10:45:25,3.79,-0.01,56,21224,卖盘
1642,10:45:21,3.8,0.01,283,107540,买盘
1643,10:45:10,3.79,-0.01,116,43964,卖盘
1644,10:44:55,3.8,--,75,28500,买盘
1645,10:44:52,3.8,--,262,99560,卖盘
1646,10:44:46,3.8,--,1118,424840,卖盘
1647,10:44:40,3.8,-0.01,5933,2254540,卖盘
1648,10:44:37,3.81,0.01,50,19050,买盘
1649,10:44:31,3.8,--,291,110580,卖盘
1650,10:44:25,3.8,--,446,169480,卖盘
1651,10:44:21,3.8,--,401,152380,卖盘
1652,10:44:16,3.8,-0.01,2538,964440,卖盘
1653,10:44:10,3.81,0.01,1306,497586,买盘
1654,10:44:07,3.8,--,28,10640,卖盘
1655,10:44:00,3.8,--,1705,647900,卖盘
1656,10:43:55,3.8,--,5434,2064920,卖盘
1657,10:43:51,3.8,--,38,14440,卖盘
1658,10:43:46,3.8,-0.01,38,14440,卖盘
1659,10:43:40,3.81,0.01,462,176022,买盘
1660,10:43:36,3.8,--,106,40625,卖盘
1661,10:43:31,3.8,-0.01,16,6080,卖盘
1662,10:43:25,3.81,0.01,54,20574,买盘
1663,10:43:20,3.8,--,67,25460,卖盘
1664,10:43:16,3.8,--,273,103740,卖盘
1665,10:43:10,3.8,--,905,343900,卖盘
1666,10:43:06,3.8,-0.01,32,12160,卖盘
1667,10:43:01,3.81,0.01,60,22860,买盘
1668,10:42:55,3.8,-0.01,7,3002,卖盘
1669,10:42:46,3.81,0.01,134,51054,买盘
1670,10:42:40,3.8,-0.01,771,292980,卖盘
1671,10:42:36,3.81,--,57,21717,买盘
1672,10:42:31,3.81,0.01,65,24765,买盘
1673,10:42:25,3.8,--,24,9120,卖盘
1674,10:42:21,3.8,-0.01,35,13300,卖盘
1675,10:42:16,3.81,--,20,7620,买盘
1676,10:42:10,3.81,0.01,316,120396,买盘
1677,10:42:05,3.8,-0.01,306,116280,卖盘
1678,10:42:01,3.81,0.01,813,309753,买盘
1679,10:41:55,3.8,--,54,20520,卖盘
1680,10:41:51,3.8,--,104,39520,卖盘
1681,10:41:46,3.8,-0.01,112,42560,卖盘
1682,10:41:40,3.81,--,1062,404622,买盘
1683,10:41:36,3.81,--,1446,550926,买盘
1684,10:41:31,3.81,--,443,168783,买盘
1685,10:41:25,3.81,0.01,766,291846,买盘
1686,10:41:19,3.8,--,53,20140,卖盘
1687,10:41:16,3.8,-0.01,142,53960,卖盘
1688,10:41:10,3.81,--,99,37719,买盘
1689,10:41:04,3.81,--,146,55626,买盘
1690,10:41:01,3.81,--,212,80772,买盘
1691,10:40:55,3.81,--,399,152019,买盘
1692,10:40:49,3.81,0.01,109,41529,买盘
1693,10:40:46,3.8,-0.01,241,91580,卖盘
1694,10:40:40,3.81,--,376,143256,买盘
1695,10:40:34,3.81,--,70,26670,买盘
1696,10:40:31,3.81,--,283,107823,买盘
1697,10:40:25,3.81,--,280,106680,买盘
1698,10:40:19,3.81,0.01,5,1905,买盘
1699,10:40:16,3.8,--,269,102220,卖盘
1700,10:40:10,3.8,--,859,326420,卖盘
1701,10:40:04,3.8,-0.01,196,74480,卖盘
1702,10:40:01,3.81,--,960,365760,买盘
1703,10:39:55,3.81,--,674,256794,买盘
1704,10:39:49,3.81,--,14,5334,买盘
1705,10:39:46,3.81,--,419,159639,买盘
1706,10:39:40,3.81,--,468,178308,买盘
1707,10:39:33,3.81,--,205,78105,买盘
1708,10:39:31,3.81,0.01,487,185547,买盘
1709,10:39:25,3.8,--,751,285380,卖盘
1710,10:39:19,3.8,-0.01,690,262200,卖盘
1711,10:39:16,3.81,--,107,40767,买盘
1712,10:39:10,3.81,--,172,65532,买盘
1713,10:39:04,3.81,--,49,18669,买盘
1714,10:39:01,3.81,0.01,703,267843,买盘
1715,10:38:55,3.8,--,373,141740,卖盘
1716,10:38:49,3.8,--,75,28500,卖盘
1717,10:38:46,3.8,-0.01,674,256120,卖盘
1718,10:38:40,3.81,0.01,140,53340,买盘
1719,10:38:34,3.8,--,42,15960,卖盘
1720,10:38:31,3.8,--,92,34960,卖盘
1721,10:38:25,3.8,--,203,77140,卖盘
1722,10:38:19,3.8,--,190,72200,卖盘
1723,10:38:16,3.8,--,50,19000,卖盘
1724,10:38:10,3.8,--,245,93100,卖盘
1725,10:38:04,3.8,--,38,14440,卖盘
1726,10:38:01,3.8,--,657,249660,卖盘
1727,10:37:55,3.8,--,107,40660,卖盘
1728,10:37:49,3.8,-0.01,20,7600,卖盘
1729,10:37:46,3.81,--,138,52578,买盘
1730,10:37:40,3.81,0.01,65,24765,买盘
1731,10:37:34,3.8,--,127,48260,卖盘
1732,10:37:31,3.8,-0.01,289,109820,卖盘
1733,10:37:25,3.81,0.01,10284,3918204,买盘
1734,10:37:19,3.8,--,212,80560,卖盘
1735,10:37:16,3.8,--,250,95000,卖盘
1736,10:37:10,3.8,-0.01,472,179360,卖盘
1737,10:37:04,3.81,0.01,507,193167,买盘
1738,10:37:01,3.8,--,2200,836000,卖盘
1739,10:36:55,3.8,--,820,311600,卖盘
1740,10:36:49,3.8,--,209,79420,卖盘
1741,10:36:46,3.8,--,139,52820,卖盘
1742,10:36:40,3.8,--,180,68400,卖盘
1743,10:36:34,3.8,--,315,119700,卖盘
1744,10:36:30,3.8,--,559,212420,卖盘
1745,10:36:25,3.8,--,43,16340,卖盘
1746,10:36:18,3.8,-0.01,397,150860,卖盘
1747,10:36:10,3.81,--,1520,579120,买盘
1748,10:36:04,3.81,--,1023,389763,买盘
1749,10:36:00,3.81,0.01,10146,3865626,买盘
1750,10:35:55,3.8,--,182,69160,卖盘
1751,10:35:49,3.8,--,1172,445360,卖盘
1752,10:35:45,3.8,--,266,101080,卖盘
1753,10:35:40,3.8,--,26,9880,卖盘
1754,10:35:34,3.8,-0.01,362,137560,卖盘
1755,10:35:30,3.81,--,43,16383,买盘
1756,10:35:25,3.81,--,408,155448,买盘
1757,10:35:18,3.81,0.01,65,24765,买盘
1758,10:35:15,3.8,-0.01,88,33440,卖盘
1759,10:35:10,3.81,0.01,561,213741,买盘
1760,10:35:04,3.8,--,297,112860,卖盘
1761,10:34:59,3.8,--,73,27740,卖盘
1762,10:34:55,3.8,-0.01,391,148580,卖盘
1763,10:34:49,3.81,--,68,25908,买盘
1764,10:34:45,3.81,0.01,32,12192,买盘
1765,10:34:40,3.8,-0.01,1285,488300,卖盘
1766,10:34:34,3.81,--,165,62865,买盘
1767,10:34:29,3.81,0.01,62,23622,买盘
1768,10:34:25,3.8,-0.01,86,32680,卖盘
1769,10:34:19,3.81,0.01,318,121158,买盘
1770,10:34:10,3.8,--,326,123880,卖盘
1771,10:34:04,3.8,--,126,47880,卖盘
1772,10:34:00,3.8,--,45,17100,卖盘
1773,10:33:55,3.8,-0.01,2260,858800,卖盘
1774,10:33:49,3.81,0.01,202,76962,买盘
1775,10:33:43,3.8,--,571,216980,卖盘
1776,10:33:39,3.8,--,244,92720,卖盘
1777,10:33:34,3.8,--,369,140220,卖盘
1778,10:33:28,3.8,--,20,7600,卖盘
1779,10:33:25,3.8,-0.01,603,229140,卖盘
1780,10:33:18,3.81,0.01,1210,461010,买盘
1781,10:33:13,3.8,--,158,60040,卖盘
1782,10:33:10,3.8,--,466,177080,卖盘
1783,10:33:04,3.8,--,117,44460,卖盘
1784,10:32:58,3.8,--,66,25080,卖盘
1785,10:32:54,3.8,--,43,16340,卖盘
1786,10:32:49,3.8,--,1211,460180,卖盘
1787,10:32:43,3.8,--,339,128820,卖盘
1788,10:32:39,3.8,--,111,42180,卖盘
1789,10:32:34,3.8,-0.01,147,55860,卖盘
1790,10:32:27,3.81,--,439,167259,买盘
1791,10:32:25,3.81,--,827,315087,买盘
1792,10:32:19,3.81,0.01,135,51435,买盘
1793,10:32:13,3.8,--,105,39900,卖盘
1794,10:32:10,3.8,--,17,6460,卖盘
1795,10:32:04,3.8,--,25,9500,卖盘
1796,10:31:58,3.8,-0.01,212,80560,卖盘
1797,10:31:55,3.81,0.01,615,234315,买盘
1798,10:31:49,3.8,--,119,45220,卖盘
1799,10:31:43,3.8,-0.01,154,58520,卖盘
1800,10:31:40,3.81,0.01,1224,466344,买盘
1801,10:31:34,3.8,--,1354,514520,卖盘
1802,10:31:28,3.8,-0.01,134,50920,卖盘
1803,10:31:24,3.81,--,60,22860,买盘
1804,10:31:19,3.81,--,1509,574929,买盘
1805,10:31:13,3.81,--,61,23241,买盘
1806,10:31:10,3.81,0.01,849,323469,买盘
1807,10:31:03,3.8,-0.01,526,199880,卖盘
1808,10:30:58,3.81,--,86,32766,买盘
1809,10:30:54,3.81,--,1258,479298,买盘
1810,10:30:49,3.81,--,584,222504,买盘
1811,10:30:43,3.81,--,528,201168,买盘
1812,10:30:40,3.81,--,321,122301,买盘
1813,10:30:33,3.81,--,1208,460248,买盘
1814,10:30:28,3.81,0.01,779,296799,买盘
1815,10:30:25,3.8,-0.01,402,152760,卖盘
1816,10:30:19,3.81,--,2465,939165,买盘
1817,10:30:13,3.81,--,5260,2004060,买盘
1818,10:30:10,3.81,0.01,451,171831,买盘
1819,10:30:04,3.8,--,589,223820,卖盘
1820,10:29:57,3.8,-0.01,465,176700,卖盘
1821,10:29:54,3.81,0.01,296,112776,买盘
1822,10:29:49,3.8,--,1364,518320,买盘
1823,10:29:43,3.8,--,1716,652080,买盘
1824,10:29:39,3.8,--,967,367460,买盘
1825,10:29:34,3.8,--,2712,1030560,买盘
1826,10:29:28,3.8,--,300,114000,买盘
1827,10:29:24,3.8,0.01,458,174040,买盘
1828,10:29:18,3.79,-0.01,91,34489,卖盘
1829,10:29:12,3.8,--,4873,1851740,买盘
1830,10:29:09,3.8,--,209,79420,买盘
1831,10:29:04,3.8,--,296,112480,买盘
1832,10:28:58,3.8,--,170,64600,买盘
1833,10:28:54,3.8,0.01,138,52440,买盘
1834,10:28:49,3.79,-0.01,393,148947,卖盘
1835,10:28:42,3.8,--,732,278160,买盘
1836,10:28:39,3.8,0.01,338,128440,买盘
1837,10:28:34,3.79,-0.01,19,7201,卖盘
1838,10:28:28,3.8,--,1558,592040,买盘
1839,10:28:24,3.8,--,5000,1900000,买盘
1840,10:28:18,3.8,--,45,17100,买盘
1841,10:28:12,3.8,--,833,316540,买盘
1842,10:28:09,3.8,--,723,274740,买盘
1843,10:28:04,3.8,--,133,50540,买盘
1844,10:27:57,3.8,--,533,202540,买盘
1845,10:27:54,3.8,--,405,153900,买盘
1846,10:27:49,3.8,--,173,65740,买盘
1847,10:27:42,3.8,--,115,43700,买盘
1848,10:27:39,3.8,0.01,5,1900,买盘
1849,10:27:34,3.79,-0.01,91,34489,卖盘
1850,10:27:28,3.8,--,926,351880,买盘
1851,10:27:23,3.8,0.01,100,38000,买盘
1852,10:27:19,3.79,--,382,144778,卖盘
1853,10:27:13,3.79,-0.01,5212,1975348,卖盘
1854,10:27:08,3.8,--,10,3800,买盘
1855,10:27:03,3.8,0.01,4071,1546980,买盘
1856,10:26:57,3.79,--,1132,429028,卖盘
1857,10:26:52,3.79,-0.01,20,7580,卖盘
1858,10:26:49,3.8,0.01,402,152760,买盘
1859,10:26:43,3.79,--,146,55334,卖盘
1860,10:26:38,3.79,-0.01,104,39416,卖盘
1861,10:26:34,3.8,--,123,46740,买盘
1862,10:26:28,3.8,0.01,543,206340,买盘
1863,10:26:23,3.79,-0.01,255,96645,卖盘
1864,10:26:19,3.8,0.01,434,164920,买盘
1865,10:26:13,3.79,--,1926,729954,卖盘
1866,10:26:08,3.79,-0.01,110,41690,卖盘
1867,10:26:04,3.8,--,706,268280,买盘
1868,10:25:53,3.8,0.01,1020,387600,买盘
1869,10:25:49,3.79,-0.01,59,22361,卖盘
1870,10:25:43,3.8,--,1017,386460,买盘
1871,10:25:37,3.8,0.01,32,12160,买盘
1872,10:25:34,3.79,-0.01,34,12886,卖盘
1873,10:25:28,3.8,--,37,14060,买盘
1874,10:25:19,3.8,--,50,19000,买盘
1875,10:25:13,3.8,0.01,210,79800,买盘
1876,10:25:07,3.79,-0.01,30,11370,卖盘
1877,10:25:04,3.8,--,1377,523260,买盘
1878,10:24:58,3.8,--,683,259540,买盘
1879,10:24:52,3.8,--,30,11400,买盘
1880,10:24:48,3.8,--,149,56620,买盘
1881,10:24:43,3.8,0.01,110,41800,买盘
1882,10:24:36,3.79,-0.01,17,6443,卖盘
1883,10:24:33,3.8,--,1129,429020,买盘
1884,10:24:27,3.8,--,493,187340,买盘
1885,10:24:21,3.8,--,50,19000,买盘
1886,10:24:13,3.8,--,333,126540,买盘
1887,10:24:03,3.8,0.01,167,63460,买盘
1888,10:23:57,3.79,-0.01,303,114837,卖盘
1889,10:23:48,3.8,--,191,72580,买盘
1890,10:23:42,3.8,--,12,4560,买盘
1891,10:23:36,3.8,--,103,39140,买盘
1892,10:23:33,3.8,--,82,31160,买盘
1893,10:23:27,3.8,0.01,192,72960,买盘
1894,10:23:22,3.79,-0.01,175,66325,卖盘
1895,10:23:18,3.8,0.01,1680,638400,买盘
1896,10:23:13,3.79,-0.01,35,13265,卖盘
1897,10:23:06,3.8,--,145,55100,买盘
1898,10:23:03,3.8,--,718,272840,买盘
1899,10:22:58,3.8,--,2023,768740,买盘
1900,10:22:52,3.8,--,47,17860,买盘
1901,10:22:48,3.8,--,636,241680,买盘
1902,10:22:42,3.8,--,226,85880,买盘
1903,10:22:36,3.8,0.01,58,22040,买盘
1904,10:22:33,3.79,-0.01,2069,784151,卖盘
1905,10:22:27,3.8,--,426,161880,买盘
1906,10:22:21,3.8,0.01,115,43700,买盘
1907,10:22:18,3.79,--,211,79969,卖盘
1908,10:22:12,3.79,-0.01,651,246729,卖盘
1909,10:22:07,3.8,--,84,31920,买盘
1910,10:22:03,3.8,0.01,903,343140,买盘
1911,10:21:57,3.79,--,290,109910,卖盘
1912,10:21:51,3.79,--,2,758,卖盘
1913,10:21:48,3.79,--,213,80727,买盘
1914,10:21:43,3.79,--,2204,835316,卖盘
1915,10:21:33,3.79,--,1038,393402,卖盘
1916,10:21:28,3.79,--,283,107257,买盘
1917,10:21:21,3.79,-0.01,894,339087,卖盘
1918,10:21:18,3.8,0.02,3469,1318220,买盘
1919,10:21:12,3.78,-0.01,1933,730674,卖盘
1920,10:21:06,3.79,--,93,35247,买盘
1921,10:21:03,3.79,--,54,20466,买盘
1922,10:20:58,3.79,--,675,255825,买盘
1923,10:20:51,3.79,--,684,259236,买盘
1924,10:20:43,3.79,--,1050,397950,买盘
1925,10:20:37,3.79,--,407,154253,买盘
1926,10:20:33,3.79,--,35,13265,买盘
1927,10:20:22,3.79,--,14,5306,买盘
1928,10:20:18,3.79,--,55,20845,买盘
1929,10:20:12,3.79,--,153,57987,买盘
1930,10:20:07,3.79,--,185,70115,买盘
1931,10:20:02,3.79,--,75,28425,卖盘
1932,10:19:57,3.79,--,152,57608,卖盘
1933,10:19:52,3.79,--,636,241044,卖盘
1934,10:19:48,3.79,--,17,6443,卖盘
1935,10:19:42,3.79,--,218,82622,卖盘
1936,10:19:36,3.79,--,26,9854,卖盘
1937,10:19:33,3.79,-0.01,55,20845,卖盘
1938,10:19:27,3.8,0.01,102,38760,买盘
1939,10:19:22,3.79,--,175,66325,买盘
1940,10:19:18,3.79,--,22,8338,卖盘
1941,10:19:12,3.79,--,328,124312,买盘
1942,10:19:06,3.79,--,137,51923,卖盘
1943,10:19:03,3.79,--,1,379,卖盘
1944,10:18:57,3.79,--,357,135303,买盘
1945,10:18:51,3.79,0.01,548,207692,中性盘
1946,10:18:46,3.78,-0.01,114,43092,卖盘
1947,10:18:42,3.79,--,22,8338,卖盘
1948,10:18:37,3.79,--,85,32548,买盘
1949,10:18:30,3.79,--,1292,489668,买盘
1950,10:18:28,3.79,0.01,482,182678,买盘
1951,10:18:15,3.78,--,309,116802,卖盘
1952,10:18:13,3.78,-0.01,151,57078,卖盘
1953,10:18:06,3.79,--,209,79211,买盘
1954,10:17:57,3.79,--,276,104649,卖盘
1955,10:17:51,3.79,--,178,67462,卖盘
1956,10:17:43,3.79,-0.01,10,3790,卖盘
1957,10:17:36,3.8,0.01,348,132240,买盘
1958,10:17:30,3.79,--,40,15160,卖盘
1959,10:17:27,3.79,--,266,100814,卖盘
1960,10:17:22,3.79,-0.01,5517,2090943,卖盘
1961,10:17:15,3.8,--,95,36100,买盘
1962,10:17:12,3.8,--,1098,417240,买盘
1963,10:17:07,3.8,--,511,194180,买盘
1964,10:17:00,3.8,--,1217,462460,买盘
1965,10:16:58,3.8,--,662,251560,买盘
1966,10:16:51,3.8,--,712,270560,买盘
1967,10:16:45,3.8,--,241,91580,买盘
1968,10:16:42,3.8,--,640,243200,买盘
1969,10:16:36,3.8,--,557,211660,买盘
1970,10:16:30,3.8,--,79,30020,买盘
1971,10:16:27,3.8,--,263,99940,买盘
1972,10:16:22,3.8,--,40,15200,买盘
1973,10:16:12,3.8,--,437,166060,买盘
1974,10:16:06,3.8,0.01,482,183160,买盘
1975,10:16:01,3.79,-0.01,74,28046,卖盘
1976,10:15:57,3.8,--,15,5700,买盘
1977,10:15:51,3.8,0.01,213,80940,买盘
1978,10:15:45,3.79,-0.01,116,43964,卖盘
1979,10:15:42,3.8,0.01,222,84360,买盘
1980,10:15:36,3.79,-0.01,30,11370,卖盘
1981,10:15:27,3.8,--,253,96140,买盘
1982,10:15:22,3.8,--,640,243200,买盘
1983,10:15:15,3.8,0.01,43,16340,买盘
1984,10:15:12,3.79,-0.01,627,237633,卖盘
1985,10:15:06,3.8,--,700,266000,买盘
1986,10:15:00,3.8,--,920,349600,买盘
1987,10:14:57,3.8,0.01,134,50920,买盘
1988,10:14:52,3.79,-0.01,142,53818,卖盘
1989,10:14:45,3.8,0.01,13,4940,买盘
1990,10:14:42,3.79,-0.01,42,15918,卖盘
1991,10:14:36,3.8,0.01,1343,510340,买盘
1992,10:14:30,3.79,-0.01,151,57229,卖盘
1993,10:14:27,3.8,0.01,3696,1404480,买盘
1994,10:14:21,3.79,--,603,228537,卖盘
1995,10:14:15,3.79,--,4847,1837013,卖盘
1996,10:14:12,3.79,--,51,19329,卖盘
1997,10:14:07,3.79,-0.01,1039,393781,卖盘
1998,10:14:00,3.8,--,165,62700,买盘
1999,10:13:57,3.8,--,179,68020,买盘
2000,10:13:52,3.8,--,1246,473480,买盘
2001,10:13:45,3.8,--,543,206340,买盘
2002,10:13:42,3.8,--,1067,405460,买盘
2003,10:13:37,3.8,--,344,130720,买盘
2004,10:13:30,3.8,0.01,50,19000,买盘
2005,10:13:27,3.79,-0.01,3402,1289358,卖盘
2006,10:13:22,3.8,0.01,916,348080,买盘
2007,10:13:15,3.79,--,1070,405530,卖盘
2008,10:13:12,3.79,-0.01,30,11370,卖盘
2009,10:13:07,3.8,--,660,250800,买盘
2010,10:13:00,3.8,--,10048,3818240,买盘
2011,10:12:57,3.8,0.01,2084,791920,买盘
2012,10:12:52,3.79,--,891,337689,卖盘
2013,10:12:45,3.79,-0.01,1563,592377,卖盘
2014,10:12:42,3.8,--,337,128060,买盘
2015,10:12:36,3.8,0.01,1632,620160,买盘
2016,10:12:30,3.79,-0.01,13516,5122564,卖盘
2017,10:12:27,3.8,0.01,54,20520,买盘
2018,10:12:22,3.79,-0.01,11252,4264508,卖盘
2019,10:12:16,3.8,--,271,102980,买盘
2020,10:12:12,3.8,--,668,253840,买盘
2021,10:12:06,3.8,--,137,52060,买盘
2022,10:12:00,3.8,0.01,513,194940,买盘
2023,10:11:51,3.79,-0.01,1000,379000,卖盘
2024,10:11:46,3.8,0.01,1180,448400,买盘
2025,10:11:42,3.79,--,196,74284,卖盘
2026,10:11:37,3.79,--,583,220957,卖盘
2027,10:11:30,3.79,--,410,155390,卖盘
2028,10:11:25,3.79,--,105,39795,卖盘
2029,10:11:22,3.79,--,5441,2062472,买盘
2030,10:11:15,3.79,0.01,534,202386,买盘
2031,10:11:12,3.78,-0.01,10035,3793230,卖盘
2032,10:11:06,3.79,0.01,1262,478298,买盘
2033,10:11:00,3.78,-0.01,4400,1663200,卖盘
2034,10:10:56,3.79,--,325,123175,买盘
2035,10:10:52,3.79,--,194,73526,买盘
2036,10:10:45,3.79,--,290,109910,买盘
2037,10:10:42,3.79,--,2532,959628,买盘
2038,10:10:36,3.79,--,1188,450252,买盘
2039,10:10:30,3.79,--,30,11370,买盘
2040,10:10:26,3.79,--,247,93613,买盘
2041,10:10:21,3.79,--,3218,1219622,买盘
2042,10:10:15,3.79,0.01,133,50407,买盘
2043,10:10:10,3.78,-0.01,1365,515970,卖盘
2044,10:10:07,3.79,--,179,67841,买盘
2045,10:10:00,3.79,--,1399,530221,买盘
2046,10:09:57,3.79,--,4,1516,买盘
2047,10:09:52,3.79,--,588,222852,买盘
2048,10:09:46,3.79,--,1585,600715,买盘
2049,10:09:39,3.79,--,111,42069,买盘
2050,10:09:36,3.79,--,6,2274,买盘
2051,10:09:30,3.79,--,790,299410,买盘
2052,10:09:24,3.79,0.01,383,145157,买盘
2053,10:09:21,3.78,-0.01,201,75978,卖盘
2054,10:09:15,3.79,--,137,51923,买盘
2055,10:09:09,3.79,--,368,139472,买盘
2056,10:09:06,3.79,--,106,40174,买盘
2057,10:09:01,3.79,0.01,37,14023,买盘
2058,10:08:54,3.78,-0.01,373,140994,卖盘
2059,10:08:51,3.79,--,238,90202,买盘
2060,10:08:45,3.79,--,68,25772,买盘
2061,10:08:39,3.79,--,10,3790,买盘
2062,10:08:36,3.79,--,267,101193,买盘
2063,10:08:30,3.79,--,165,62535,买盘
2064,10:08:24,3.79,0.01,24,9096,买盘
2065,10:08:21,3.78,-0.01,352,133056,卖盘
2066,10:08:15,3.79,--,530,200870,买盘
2067,10:08:09,3.79,--,141,53439,买盘
2068,10:08:06,3.79,--,2,758,买盘
2069,10:08:00,3.79,0.01,660,250140,买盘
2070,10:07:54,3.78,-0.01,27,10206,卖盘
2071,10:07:51,3.79,0.01,26,9854,买盘
2072,10:07:45,3.78,-0.01,92,34776,卖盘
2073,10:07:39,3.79,--,32,12128,买盘
2074,10:07:36,3.79,--,580,219820,买盘
2075,10:07:30,3.79,0.01,20,7580,买盘
2076,10:07:24,3.78,-0.01,5,1890,卖盘
2077,10:07:21,3.79,--,597,226263,买盘
2078,10:07:15,3.79,--,484,183436,买盘
2079,10:07:09,3.79,0.01,336,127344,买盘
2080,10:07:06,3.78,--,140,52920,卖盘
2081,10:07:00,3.78,-0.01,373,140994,卖盘
2082,10:06:54,3.79,--,1,379,买盘
2083,10:06:51,3.79,0.01,152,57608,买盘
2084,10:06:46,3.78,-0.01,518,195804,卖盘
2085,10:06:36,3.79,--,2441,925139,买盘
2086,10:06:30,3.79,0.01,516,195564,买盘
2087,10:06:21,3.78,--,1445,546210,卖盘
2088,10:06:09,3.78,--,4,1512,卖盘
2089,10:06:06,3.78,-0.01,989,373842,卖盘
2090,10:06:00,3.79,0.01,80,30320,买盘
2091,10:05:54,3.78,--,84,31752,卖盘
2092,10:05:51,3.78,--,125,47250,卖盘
2093,10:05:45,3.78,--,52,19656,卖盘
2094,10:05:39,3.78,-0.01,134,50652,卖盘
2095,10:05:36,3.79,--,468,177372,买盘
2096,10:05:30,3.79,--,100,37900,买盘
2097,10:05:24,3.79,--,3,1137,买盘
2098,10:05:21,3.79,0.01,461,174719,买盘
2099,10:05:15,3.78,-0.01,1278,483084,卖盘
2100,10:05:09,3.79,--,241,91339,买盘
2101,10:05:06,3.79,0.01,346,131134,买盘
2102,10:05:00,3.78,--,166,62748,卖盘
2103,10:04:54,3.78,-0.01,782,295596,卖盘
2104,10:04:51,3.79,0.01,63,23877,买盘
2105,10:04:45,3.78,-0.01,247,93366,卖盘
2106,10:04:39,3.79,--,574,217546,买盘
2107,10:04:36,3.79,--,20,7580,买盘
2108,10:04:30,3.79,--,823,311917,买盘
2109,10:04:24,3.79,--,266,100814,买盘
2110,10:04:21,3.79,--,70,26530,买盘
2111,10:04:15,3.79,0.01,250,94750,买盘
2112,10:04:09,3.78,-0.01,105,39690,卖盘
2113,10:04:06,3.79,--,2,758,买盘
2114,10:04:00,3.79,--,172,65188,买盘
2115,10:03:54,3.79,0.01,340,128860,买盘
2116,10:03:50,3.78,-0.01,100,37800,卖盘
2117,10:03:45,3.79,--,100,37900,买盘
2118,10:03:39,3.79,0.01,10000,3790000,买盘
2119,10:03:33,3.78,--,176,66528,卖盘
2120,10:03:30,3.78,--,10243,3871854,卖盘
2121,10:03:24,3.78,--,130,49140,卖盘
2122,10:03:19,3.78,--,10009,3783402,卖盘
2123,10:03:15,3.78,--,309,116802,卖盘
2124,10:03:09,3.78,--,680,257040,卖盘
2125,10:03:05,3.78,--,55,20790,卖盘
2126,10:03:00,3.78,--,4595,1737272,买盘
2127,10:02:54,3.78,--,60,22680,买盘
2128,10:02:51,3.78,0.01,10345,3910410,买盘
2129,10:02:45,3.77,-0.01,55,20735,卖盘
2130,10:02:39,3.78,--,10094,3815532,买盘
2131,10:02:34,3.78,0.01,2218,838404,买盘
2132,10:02:30,3.77,-0.01,2174,819598,卖盘
2133,10:02:24,3.78,--,10082,3810996,买盘
2134,10:02:18,3.78,--,167,63126,买盘
2135,10:02:15,3.78,0.01,10131,3829518,买盘
2136,10:02:09,3.77,-0.01,92,34684,卖盘
2137,10:02:03,3.78,--,10012,3784536,买盘
2138,10:02:00,3.78,--,346,130788,买盘
2139,10:01:54,3.78,--,10322,3901716,买盘
2140,10:01:48,3.78,0.01,28,10584,买盘
2141,10:01:45,3.77,--,918,346086,卖盘
2142,10:01:39,3.77,-0.01,92,34684,卖盘
2143,10:01:33,3.78,0.01,1373,518994,买盘
2144,10:01:30,3.77,--,620,233740,卖盘
2145,10:01:24,3.77,-0.01,223,84071,卖盘
2146,10:01:18,3.78,0.01,288,108864,买盘
2147,10:01:15,3.77,-0.01,3343,1260311,卖盘
2148,10:01:09,3.78,--,793,299754,买盘
2149,10:01:03,3.78,--,186,70308,买盘
2150,10:01:00,3.78,--,215,81270,买盘
2151,10:00:54,3.78,--,1059,400302,买盘
2152,10:00:48,3.78,--,172,65016,买盘
2153,10:00:45,3.78,0.01,668,252504,买盘
2154,10:00:39,3.77,-0.01,10524,3967548,卖盘
2155,10:00:33,3.78,--,139,52542,买盘
2156,10:00:30,3.78,--,9655,3649590,买盘
2157,10:00:24,3.78,--,789,298242,买盘
2158,10:00:18,3.78,--,799,302022,买盘
2159,10:00:15,3.78,--,989,373842,买盘
2160,10:00:09,3.78,0.01,642,242676,买盘
2161,10:00:00,3.77,-0.01,151,56927,卖盘
2162,09:59:54,3.78,0.01,511,193158,买盘
2163,09:59:45,3.77,--,15,5655,卖盘
2164,09:59:39,3.77,--,234,88218,卖盘
2165,09:59:33,3.77,-0.01,610,229970,卖盘
2166,09:59:30,3.78,--,222,83916,买盘
2167,09:59:24,3.78,0.01,637,240786,买盘
2168,09:59:18,3.77,-0.01,276,104052,卖盘
2169,09:59:15,3.78,0.01,139,52542,买盘
2170,09:59:09,3.77,-0.01,35,13195,卖盘
2171,09:59:00,3.78,0.01,148,55944,买盘
2172,09:58:54,3.77,--,219,82563,卖盘
2173,09:58:48,3.77,--,348,131196,卖盘
2174,09:58:45,3.77,-0.01,67,25259,卖盘
2175,09:58:39,3.78,--,762,288036,买盘
2176,09:58:33,3.78,--,44,16632,买盘
2177,09:58:30,3.78,0.01,54,20412,买盘
2178,09:58:24,3.77,-0.01,489,184353,卖盘
2179,09:58:18,3.78,--,454,171612,买盘
2180,09:58:15,3.78,0.01,797,301266,买盘
2181,09:58:09,3.77,-0.01,160,60320,卖盘
2182,09:58:03,3.78,--,382,144396,买盘
2183,09:57:59,3.78,0.01,1,378,买盘
2184,09:57:48,3.77,--,578,217906,卖盘
2185,09:57:45,3.77,-0.01,20,7540,卖盘
2186,09:57:39,3.78,0.01,338,127764,买盘
2187,09:57:30,3.77,--,358,134966,卖盘
2188,09:57:24,3.77,-0.01,6,2262,卖盘
2189,09:57:18,3.78,0.01,333,125874,买盘
2190,09:57:09,3.77,-0.01,419,157963,卖盘
2191,09:57:03,3.78,0.01,633,239274,买盘
2192,09:57:00,3.77,-0.01,31,11687,卖盘
2193,09:56:48,3.78,--,1431,540918,买盘
2194,09:56:44,3.78,--,10,3780,买盘
2195,09:56:39,3.78,--,203,76734,买盘
2196,09:56:33,3.78,0.01,1903,719334,买盘
2197,09:56:29,3.77,--,28,10556,卖盘
2198,09:56:24,3.77,-0.01,180,67860,卖盘
2199,09:56:18,3.78,--,174,65772,买盘
2200,09:56:14,3.78,--,27,10206,买盘
2201,09:56:09,3.78,--,921,348138,买盘
2202,09:56:03,3.78,--,80,30240,买盘
2203,09:55:59,3.78,--,105,39690,买盘
2204,09:55:54,3.78,--,290,109620,买盘
2205,09:55:48,3.78,--,31,11718,买盘
2206,09:55:39,3.78,--,1846,697788,买盘
2207,09:55:33,3.78,0.01,355,134190,买盘
2208,09:55:29,3.77,--,84,31668,卖盘
2209,09:55:24,3.77,--,783,295191,卖盘
2210,09:55:18,3.77,-0.01,168,63336,卖盘
2211,09:55:14,3.78,--,20,7560,买盘
2212,09:55:09,3.78,--,111,41958,买盘
2213,09:55:03,3.78,--,954,360612,买盘
2214,09:54:59,3.78,--,1033,390474,买盘
2215,09:54:54,3.78,0.01,305,115290,买盘
2216,09:54:48,3.77,-0.01,1211,456547,卖盘
2217,09:54:44,3.78,--,200,75600,买盘
2218,09:54:39,3.78,--,1873,707994,买盘
2219,09:54:33,3.78,--,860,325080,买盘
2220,09:54:27,3.78,--,777,293706,买盘
2221,09:54:24,3.78,--,424,160272,买盘
2222,09:54:18,3.78,--,1678,634284,买盘
2223,09:54:12,3.78,0.01,69,26082,买盘
2224,09:54:09,3.77,--,3435,1295149,买盘
2225,09:54:03,3.77,--,7614,2870478,买盘
2226,09:53:57,3.77,--,1383,521391,买盘
2227,09:53:54,3.77,--,7064,2663128,买盘
2228,09:53:48,3.77,--,1037,390949,买盘
2229,09:53:42,3.77,0.01,838,315926,买盘
2230,09:53:39,3.76,-0.01,917,344792,卖盘
2231,09:53:33,3.77,--,754,284258,买盘
2232,09:53:27,3.77,0.01,416,156832,买盘
2233,09:53:23,3.76,-0.01,2567,965192,卖盘
2234,09:53:18,3.77,--,307,115739,买盘
2235,09:53:09,3.77,0.01,586,220922,买盘
2236,09:53:03,3.76,-0.01,552,207552,卖盘
2237,09:52:57,3.77,0.01,624,235248,买盘
2238,09:52:54,3.76,--,224,84224,卖盘
2239,09:52:48,3.76,-0.01,90,33840,卖盘
2240,09:52:42,3.77,--,101,38077,买盘
2241,09:52:39,3.77,0.01,1694,638638,买盘
2242,09:52:33,3.76,-0.01,20,7520,卖盘
2243,09:52:27,3.77,0.01,165,62205,买盘
2244,09:52:23,3.76,--,250,94000,卖盘
2245,09:52:18,3.76,--,148,55648,卖盘
2246,09:52:12,3.76,--,529,198904,卖盘
2247,09:52:09,3.76,-0.01,444,166944,卖盘
2248,09:52:03,3.77,0.01,200,75400,买盘
2249,09:51:57,3.76,-0.01,703,264328,卖盘
2250,09:51:54,3.77,--,231,87087,买盘
2251,09:51:48,3.77,--,234,88218,买盘
2252,09:51:42,3.77,--,949,357773,买盘
2253,09:51:39,3.77,--,818,308386,买盘
2254,09:51:33,3.77,--,421,158717,买盘
2255,09:51:27,3.77,--,780,294060,买盘
2256,09:51:24,3.77,--,347,130819,买盘
2257,09:51:18,3.77,--,341,128557,买盘
2258,09:51:12,3.77,--,624,235248,买盘
2259,09:51:09,3.77,--,1031,388687,买盘
2260,09:51:03,3.77,--,4004,1509508,买盘
2261,09:50:57,3.77,--,86,32422,买盘
2262,09:50:54,3.77,--,74,27898,买盘
2263,09:50:48,3.77,--,113,42601,买盘
2264,09:50:42,3.77,0.01,197,74269,买盘
2265,09:50:39,3.76,--,1347,506472,卖盘
2266,09:50:33,3.76,-0.01,3906,1468656,卖盘
2267,09:50:27,3.77,--,157,59189,买盘
2268,09:50:24,3.77,--,323,121771,买盘
2269,09:50:18,3.77,--,1,377,买盘
2270,09:50:12,3.77,--,160,60320,买盘
2271,09:50:08,3.77,--,18,6786,买盘
2272,09:50:03,3.77,--,1163,438451,买盘
2273,09:49:57,3.77,--,831,313287,买盘
2274,09:49:54,3.77,0.01,2813,1060501,买盘
2275,09:49:48,3.76,-0.01,227,85551,卖盘
2276,09:49:42,3.77,--,10,3770,买盘
2277,09:49:38,3.77,--,303,114231,买盘
2278,09:49:33,3.77,0.01,30,11310,买盘
2279,09:49:27,3.76,-0.01,157,59032,卖盘
2280,09:49:24,3.77,0.01,149,56173,买盘
2281,09:49:18,3.76,-0.01,65,24440,卖盘
2282,09:49:12,3.77,--,794,299338,买盘
2283,09:49:08,3.77,0.01,562,211874,买盘
2284,09:49:03,3.76,-0.01,2725,1024600,卖盘
2285,09:48:57,3.77,--,2271,856167,买盘
2286,09:48:53,3.77,--,3,1131,买盘
2287,09:48:48,3.77,--,173,65221,买盘
2288,09:48:42,3.77,--,192,72384,买盘
2289,09:48:38,3.77,--,2992,1127984,买盘
2290,09:48:33,3.77,--,10,3770,买盘
2291,09:48:27,3.77,--,985,371345,买盘
2292,09:48:22,3.77,--,1050,395850,买盘
2293,09:48:18,3.77,--,3,1131,买盘
2294,09:48:12,3.77,--,202,76154,买盘
2295,09:48:08,3.77,0.01,145,54665,买盘
2296,09:48:03,3.76,-0.01,424,159424,卖盘
2297,09:47:57,3.77,--,3265,1230905,买盘
2298,09:47:48,3.77,--,548,206596,买盘
2299,09:47:41,3.77,--,1002,377754,买盘
2300,09:47:38,3.77,--,952,358904,买盘
2301,09:47:33,3.77,--,519,195663,买盘
2302,09:47:27,3.77,--,2022,762294,买盘
2303,09:47:23,3.77,--,824,310648,买盘
2304,09:47:18,3.77,0.01,2942,1109134,买盘
2305,09:47:12,3.76,-0.01,785,295160,卖盘
2306,09:47:08,3.77,0.01,109,41093,买盘
2307,09:47:03,3.76,-0.01,954,358704,卖盘
2308,09:46:57,3.77,--,73,27521,买盘
2309,09:46:53,3.77,--,513,193401,买盘
2310,09:46:48,3.77,--,2149,810173,买盘
2311,09:46:42,3.77,--,485,182845,买盘
2312,09:46:36,3.77,--,2196,827892,买盘
2313,09:46:33,3.77,0.01,3054,1151358,买盘
2314,09:46:27,3.76,--,5656,2126656,买盘
2315,09:46:21,3.76,-0.01,2497,938872,卖盘
2316,09:46:18,3.77,--,385,145145,买盘
2317,09:46:12,3.77,--,250,94250,买盘
2318,09:46:06,3.77,--,1271,479167,买盘
2319,09:46:03,3.77,0.01,1235,465595,买盘
2320,09:45:57,3.76,-0.01,553,207928,卖盘
2321,09:45:51,3.77,0.01,1033,389441,买盘
2322,09:45:48,3.76,-0.01,895,336520,买盘
2323,09:45:42,3.77,--,2152,811304,买盘
2324,09:45:36,3.77,--,1217,458809,买盘
2325,09:45:33,3.77,--,3502,1320254,买盘
2326,09:45:27,3.77,0.01,2167,816959,买盘
2327,09:45:21,3.76,-0.01,355,133480,卖盘
2328,09:45:18,3.77,--,1139,429403,买盘
2329,09:45:12,3.77,--,1886,711025,买盘
2330,09:45:06,3.77,0.01,1989,749853,买盘
2331,09:45:03,3.76,0.01,1086,408336,中性盘
2332,09:44:57,3.75,-0.01,3206,1202253,卖盘
2333,09:44:51,3.76,0.01,1603,602728,买盘
2334,09:44:48,3.75,-0.01,7,2625,卖盘
2335,09:44:42,3.76,--,202,75952,买盘
2336,09:44:36,3.76,--,192,72192,买盘
2337,09:44:32,3.76,0.01,104,39104,买盘
2338,09:44:27,3.75,--,380,142500,卖盘
2339,09:44:21,3.75,-0.01,59,22125,卖盘
2340,09:44:18,3.76,0.01,410,154160,买盘
2341,09:44:12,3.75,-0.01,49,18375,卖盘
2342,09:44:05,3.76,--,37,13912,买盘
2343,09:44:03,3.76,--,1469,552344,买盘
2344,09:43:57,3.76,--,100,37600,买盘
2345,09:43:51,3.76,--,2,752,买盘
2346,09:43:48,3.76,--,54,20304,买盘
2347,09:43:42,3.76,0.01,590,221840,买盘
2348,09:43:35,3.75,-0.01,3,1125,卖盘
2349,09:43:33,3.76,--,265,99640,买盘
2350,09:43:27,3.76,--,107,40232,买盘
2351,09:43:20,3.76,--,16,6016,买盘
2352,09:43:18,3.76,-0.01,1009,379756,卖盘
2353,09:43:12,3.77,0.01,172,64844,买盘
2354,09:43:06,3.76,--,120,45120,卖盘
2355,09:43:03,3.76,--,816,306816,卖盘
2356,09:42:51,3.76,--,108,40608,卖盘
2357,09:42:48,3.76,--,231,86856,卖盘
2358,09:42:42,3.76,--,66,24816,卖盘
2359,09:42:35,3.76,-0.01,195,73320,卖盘
2360,09:42:33,3.77,0.01,79,29783,买盘
2361,09:42:27,3.76,-0.01,86,32335,卖盘
2362,09:42:21,3.77,0.01,840,316680,买盘
2363,09:42:12,3.76,--,488,183488,卖盘
2364,09:42:06,3.76,--,118,44368,卖盘
2365,09:42:02,3.76,--,336,126336,卖盘
2366,09:41:57,3.76,-0.01,506,190256,卖盘
2367,09:41:51,3.77,--,3,1131,买盘
2368,09:41:42,3.77,--,1820,686140,买盘
2369,09:41:36,3.77,--,172,64844,买盘
2370,09:41:32,3.77,0.01,344,129688,买盘
2371,09:41:27,3.76,-0.01,116,43616,卖盘
2372,09:41:21,3.77,--,711,268047,买盘
2373,09:41:17,3.77,0.01,270,101790,买盘
2374,09:41:12,3.76,-0.01,1168,439168,卖盘
2375,09:41:06,3.77,--,598,225446,买盘
2376,09:41:02,3.77,0.01,128,48256,买盘
2377,09:40:56,3.76,-0.01,532,200032,卖盘
2378,09:40:51,3.77,0.01,200,75400,买盘
2379,09:40:46,3.76,--,549,206424,卖盘
2380,09:40:42,3.76,--,479,180107,卖盘
2381,09:40:36,3.76,-0.01,1107,416232,卖盘
2382,09:40:32,3.77,--,146,55042,买盘
2383,09:40:27,3.77,--,187,70499,买盘
2384,09:40:21,3.77,--,390,147030,买盘
2385,09:40:17,3.77,--,36,13572,买盘
2386,09:40:12,3.77,--,2354,887458,买盘
2387,09:40:06,3.77,0.01,1021,384917,买盘
2388,09:40:02,3.76,-0.01,157,59032,卖盘
2389,09:39:56,3.77,--,72,27144,买盘
2390,09:39:51,3.77,--,726,273702,买盘
2391,09:39:46,3.77,0.01,53,19981,买盘
2392,09:39:42,3.76,--,612,230112,卖盘
2393,09:39:30,3.76,-0.01,6,2256,卖盘
2394,09:39:27,3.77,--,84,31668,买盘
2395,09:39:21,3.77,--,6,2262,买盘
2396,09:39:12,3.77,0.01,8,3016,买盘
2397,09:39:06,3.76,--,614,230864,卖盘
2398,09:38:51,3.76,-0.01,284,106784,卖盘
2399,09:38:42,3.77,--,108,40716,买盘
2400,09:38:36,3.77,--,114,42978,买盘
2401,09:38:30,3.77,0.01,1489,561353,买盘
2402,09:38:27,3.76,--,125,47000,卖盘
2403,09:38:21,3.76,--,70,26320,卖盘
2404,09:38:15,3.76,-0.01,230,86480,卖盘
2405,09:38:12,3.77,--,80,30160,买盘
2406,09:38:06,3.77,--,884,333268,买盘
2407,09:37:59,3.77,--,62,23374,买盘
2408,09:37:57,3.77,0.01,361,136097,买盘
2409,09:37:51,3.76,-0.01,484,181984,卖盘
2410,09:37:45,3.77,0.01,400,150800,买盘
2411,09:37:41,3.76,-0.01,269,101144,卖盘
2412,09:37:36,3.77,--,199,75023,买盘
2413,09:37:30,3.77,--,61,22997,买盘
2414,09:37:26,3.77,--,1939,731003,买盘
2415,09:37:21,3.77,0.01,1073,404521,买盘
2416,09:37:11,3.76,-0.01,703,264328,卖盘
2417,09:37:06,3.77,--,10,3770,买盘
2418,09:36:59,3.77,--,11,4147,买盘
2419,09:36:56,3.77,0.01,952,358904,买盘
2420,09:36:50,3.76,--,80,30080,卖盘
2421,09:36:45,3.76,--,1,376,卖盘
2422,09:36:42,3.76,-0.01,712,267712,卖盘
2423,09:36:36,3.77,--,565,213005,买盘
2424,09:36:29,3.77,0.01,202,76154,买盘
2425,09:36:26,3.76,--,87,32711,卖盘
2426,09:36:20,3.76,--,328,123328,卖盘
2427,09:36:15,3.76,-0.01,73,27448,卖盘
2428,09:36:11,3.77,0.01,35,13195,买盘
2429,09:36:06,3.76,-0.01,34,12784,卖盘
2430,09:35:57,3.77,--,123,46371,买盘
2431,09:35:51,3.77,--,140,52780,买盘
2432,09:35:45,3.77,0.01,2,754,买盘
2433,09:35:42,3.76,-0.01,124,46624,卖盘
2434,09:35:36,3.77,--,74,27898,买盘
2435,09:35:30,3.77,--,21,7917,买盘
2436,09:35:27,3.77,--,198,74646,买盘
2437,09:35:21,3.77,--,652,245804,买盘
2438,09:35:14,3.77,0.01,471,177567,买盘
2439,09:35:12,3.76,-0.01,454,170704,卖盘
2440,09:35:06,3.77,--,380,143260,买盘
2441,09:35:00,3.77,--,672,253344,买盘
2442,09:34:56,3.77,--,823,310271,买盘
2443,09:34:51,3.77,0.01,536,202072,买盘
2444,09:34:45,3.76,--,38,14288,卖盘
2445,09:34:41,3.76,--,5234,1967984,卖盘
2446,09:34:36,3.76,-0.01,1376,517375,卖盘
2447,09:34:30,3.77,0.01,499,188123,买盘
2448,09:34:26,3.76,-0.01,1425,535800,卖盘
2449,09:34:20,3.77,0.01,278,104806,买盘
2450,09:34:15,3.76,-0.01,220,82720,卖盘
2451,09:34:11,3.77,--,389,146653,买盘
2452,09:34:05,3.77,0.01,1161,437697,买盘
2453,09:34:00,3.76,--,434,163184,卖盘
2454,09:33:56,3.76,-0.01,470,176720,卖盘
2455,09:33:51,3.77,0.01,404,152308,买盘
2456,09:33:45,3.76,-0.01,174,65423,卖盘
2457,09:33:41,3.77,--,72,27144,买盘
2458,09:33:35,3.77,--,92,34684,买盘
2459,09:33:30,3.77,0.01,513,193401,买盘
2460,09:33:26,3.76,--,22,8272,卖盘
2461,09:33:20,3.76,-0.01,163,61288,卖盘
2462,09:33:15,3.77,0.01,1126,424502,买盘
2463,09:33:11,3.76,-0.01,8,3008,卖盘
2464,09:33:06,3.77,--,423,159471,买盘
2465,09:32:59,3.77,--,198,74646,买盘
2466,09:32:53,3.77,--,23,8671,买盘
2467,09:32:51,3.77,0.01,369,139113,买盘
2468,09:32:45,3.76,--,38,14288,卖盘
2469,09:32:41,3.76,-0.01,70,26320,卖盘
2470,09:32:35,3.77,0.01,604,227708,买盘
2471,09:32:29,3.76,--,425,159800,卖盘
2472,09:32:25,3.76,--,42,15792,卖盘
2473,09:32:20,3.76,-0.01,45,16920,卖盘
2474,09:32:15,3.77,0.01,914,344578,买盘
2475,09:32:05,3.76,--,1716,645216,卖盘
2476,09:32:00,3.76,--,200,75200,卖盘
2477,09:31:51,3.76,-0.01,356,133856,卖盘
2478,09:31:45,3.77,0.01,104,39208,买盘
2479,09:31:39,3.76,-0.01,37,13912,卖盘
2480,09:31:35,3.77,0.01,561,211497,买盘
2481,09:31:29,3.76,-0.01,245,92120,中性盘
2482,09:31:26,3.77,--,198,74646,买盘
2483,09:31:21,3.77,--,330,124410,买盘
2484,09:31:11,3.77,0.01,355,133835,买盘
2485,09:31:06,3.76,--,606,227856,卖盘
2486,09:30:59,3.76,-0.01,381,143256,卖盘
2487,09:30:50,3.77,0.01,87,32799,买盘
2488,09:30:44,3.76,--,474,178224,卖盘
2489,09:30:38,3.76,-0.01,537,201912,卖盘
2490,09:30:36,3.77,0.01,562,211874,买盘
2491,09:30:29,3.76,--,195,73320,买盘
2492,09:30:23,3.76,--,1909,717784,买盘
2493,09:30:20,3.76,--,2494,937744,买盘
2494,09:30:14,3.76,--,1510,567760,买盘
2495,09:30:08,3.76,0.01,653,245528,买盘
2496,09:30:06,3.75,-0.01,11909,4466032,卖盘
2497,09:28:56,3.76,--,0,0,买盘
2498,09:25:02,3.76,3.76,6038,2270288,买盘
