,time,price,change,volume,amount,type
0,15:00:00,17.57,--,0,0,买盘
1,15:00:00,17.57,0.02,0,0,买盘
2,15:00:00,17.55,--,11,19305,卖盘
3,14:59:55,17.55,-0.02,2,3510,卖盘
4,14:59:50,17.57,0.01,3,5271,买盘
5,14:59:45,17.56,--,0,0,卖盘
6,14:59:40,17.56,-0.02,13,22828,卖盘
7,14:59:35,17.58,--,0,0,买盘
8,14:59:30,17.58,0.03,30,52739,买盘
9,14:59:25,17.55,-0.01,41,71955,卖盘
10,14:59:20,17.56,-0.02,36,63215,卖盘
11,14:59:15,17.58,--,26,45707,买盘
12,14:59:10,17.58,0.01,212,372695,买盘
13,14:59:00,17.57,--,13,22841,买盘
14,14:58:55,17.57,-0.01,135,237195,卖盘
15,14:58:45,17.58,0.01,35,61529,买盘
16,14:58:40,17.57,--,5,8785,卖盘
17,14:58:34,17.57,--,16,28112,卖盘
18,14:58:30,17.57,--,55,96635,卖盘
19,14:58:25,17.57,--,62,108934,买盘
20,14:58:19,17.57,--,15,26355,买盘
21,14:58:15,17.57,0.01,14,24598,买盘
22,14:58:10,17.56,--,4,7023,卖盘
23,14:58:04,17.56,--,20,35120,卖盘
24,14:58:00,17.56,--,22,38632,卖盘
25,14:57:55,17.56,0.01,46,80776,买盘
26,14:57:49,17.55,--,20,35100,卖盘
27,14:57:45,17.55,-0.01,21,36855,卖盘
28,14:57:34,17.56,0.01,11,19316,买盘
29,14:57:30,17.55,-0.01,58,101790,卖盘
30,14:57:25,17.56,--,23,40388,卖盘
31,14:57:19,17.56,--,4,7023,卖盘
32,14:57:15,17.56,-0.02,41,71996,卖盘
33,14:57:10,17.58,--,36,63287,买盘
34,14:57:04,17.58,0.02,8,14063,买盘
35,14:57:00,17.56,-0.02,64,112383,卖盘
36,14:56:55,17.58,--,38,66804,卖盘
37,14:56:49,17.58,--,2,3515,卖盘
38,14:56:39,17.58,--,13,22853,卖盘
39,14:56:34,17.58,0.01,11,19337,买盘
40,14:56:30,17.57,-0.01,42,73794,卖盘
41,14:56:24,17.58,--,22,38675,买盘
42,14:56:19,17.58,--,0,0,买盘
43,14:56:15,17.58,--,99,174041,买盘
44,14:56:09,17.58,--,8,14063,买盘
45,14:56:00,17.58,0.02,15,26369,中性盘
46,14:55:54,17.56,-0.02,10,17560,卖盘
47,14:55:49,17.58,--,30,52739,买盘
48,14:55:45,17.58,0.03,14,24611,买盘
49,14:55:39,17.55,--,33,57915,卖盘
50,14:55:34,17.55,--,32,56160,卖盘
51,14:55:30,17.55,--,9,15795,卖盘
52,14:55:24,17.55,-0.01,43,75465,卖盘
53,14:55:19,17.56,0.01,60,105359,买盘
54,14:55:15,17.55,0.01,108,189838,买盘
55,14:55:09,17.54,-0.01,28,49112,卖盘
56,14:55:04,17.55,--,14,24570,买盘
57,14:55:00,17.55,--,22,38610,买盘
58,14:54:54,17.55,0.01,6,10530,买盘
59,14:54:49,17.54,--,1,1754,卖盘
60,14:54:39,17.54,--,52,91208,买盘
61,14:54:34,17.54,--,11,19294,买盘
62,14:54:30,17.54,0.01,61,106994,买盘
63,14:54:24,17.53,--,13,22789,卖盘
64,14:54:19,17.53,-0.01,20,35060,卖盘
65,14:54:04,17.54,0.01,5,8770,买盘
66,14:54:00,17.53,--,48,84144,买盘
67,14:53:49,17.53,--,10,17530,买盘
68,14:53:45,17.53,--,15,26295,买盘
69,14:53:34,17.53,--,29,50837,买盘
70,14:53:29,17.53,--,31,54343,买盘
71,14:53:24,17.53,0.03,19,33307,买盘
72,14:53:14,17.5,-0.02,27,47250,卖盘
73,14:53:09,17.52,-0.01,10,17520,卖盘
74,14:53:04,17.53,--,22,38566,买盘
75,14:52:59,17.53,--,10,17530,买盘
76,14:52:54,17.53,0.05,34,59602,买盘
77,14:52:49,17.48,--,0,0,卖盘
78,14:52:44,17.48,-0.05,860,1503280,卖盘
79,14:52:39,17.53,0.01,2,3506,买盘
80,14:52:34,17.52,--,2,3504,卖盘
81,14:52:29,17.52,0.01,5,8760,买盘
82,14:52:19,17.51,--,60,105060,卖盘
83,14:52:14,17.51,-0.02,25,43775,卖盘
84,14:52:09,17.53,--,1,1753,买盘
85,14:51:59,17.53,0.02,96,168288,买盘
86,14:51:54,17.51,-0.01,100,175100,卖盘
87,14:51:49,17.52,--,9,15768,买盘
88,14:51:39,17.52,--,51,89352,买盘
89,14:51:34,17.52,--,4,7008,买盘
90,14:51:29,17.52,0.01,10,17520,买盘
91,14:51:24,17.51,--,1,1751,卖盘
92,14:51:19,17.51,--,68,119068,卖盘
93,14:51:14,17.51,--,18,31518,卖盘
94,14:51:09,17.51,--,12,21012,卖盘
95,14:51:04,17.51,--,11,19261,卖盘
96,14:50:59,17.51,--,14,24514,卖盘
97,14:50:54,17.51,-0.01,17,29767,卖盘
98,14:50:49,17.52,0.01,26,45552,买盘
99,14:50:43,17.51,--,17,29767,卖盘
100,14:50:39,17.51,-0.01,12,21012,卖盘
101,14:50:34,17.52,0.01,27,47304,买盘
102,14:50:28,17.51,--,8,14008,卖盘
103,14:50:23,17.51,--,40,70040,卖盘
104,14:50:19,17.51,--,13,22763,卖盘
105,14:50:13,17.51,--,6,10506,卖盘
106,14:50:09,17.51,-0.01,24,42024,卖盘
107,14:50:04,17.52,--,14,24528,买盘
108,14:49:48,17.52,0.01,36,63072,买盘
109,14:49:43,17.51,--,10,17510,卖盘
110,14:49:39,17.51,--,53,92803,卖盘
111,14:49:33,17.51,0.01,21,36771,买盘
112,14:49:28,17.5,--,4,7000,卖盘
113,14:49:18,17.5,--,62,108500,卖盘
114,14:49:13,17.5,--,2,3500,卖盘
115,14:49:08,17.5,--,2,3500,卖盘
116,14:49:03,17.5,0.01,75,131250,中性盘
117,14:48:58,17.49,-0.03,15,26234,卖盘
118,14:48:54,17.52,0.02,8,14016,买盘
119,14:48:48,17.5,--,16,28000,卖盘
120,14:48:43,17.5,--,1,1750,卖盘
121,14:48:39,17.5,-0.01,48,85330,卖盘
122,14:48:33,17.51,--,6,10506,买盘
123,14:48:28,17.51,-0.01,57,99807,卖盘
124,14:48:23,17.52,--,22,38544,卖盘
125,14:48:18,17.52,-0.01,5,8760,卖盘
126,14:48:13,17.53,--,2,3506,买盘
127,14:48:09,17.53,0.01,2,3506,买盘
128,14:48:03,17.52,--,13,22776,卖盘
129,14:47:53,17.52,--,1,1752,卖盘
130,14:47:48,17.52,0.01,4,7008,中性盘
131,14:47:43,17.51,-0.01,35,61285,卖盘
132,14:47:38,17.52,0.01,4,7008,买盘
133,14:47:28,17.51,--,15,26265,卖盘
134,14:47:23,17.51,0.01,3,5253,买盘
135,14:47:18,17.5,--,3,5250,卖盘
136,14:47:13,17.5,--,18,31500,卖盘
137,14:47:08,17.5,0.01,35,62265,买盘
138,14:47:03,17.49,-0.01,10,17490,卖盘
139,14:46:58,17.5,--,5,8750,买盘
140,14:46:53,17.5,0.01,59,103250,买盘
141,14:46:48,17.49,--,5,8745,卖盘
142,14:46:38,17.49,-0.01,61,107650,卖盘
143,14:46:33,17.5,--,18,31500,卖盘
144,14:46:23,17.5,--,12,21000,卖盘
145,14:46:18,17.5,--,18,31500,卖盘
146,14:46:13,17.5,--,28,49000,卖盘
147,14:46:08,17.5,--,43,75250,卖盘
148,14:46:03,17.5,--,63,111527,卖盘
149,14:45:53,17.5,-0.01,6,10500,卖盘
150,14:45:48,17.51,0.02,117,206127,买盘
151,14:45:43,17.49,0.01,8,13991,卖盘
152,14:45:38,17.48,-0.02,117,204795,卖盘
153,14:45:33,17.5,0.01,5,8750,买盘
154,14:45:28,17.49,-0.01,5,8745,卖盘
155,14:45:23,17.5,0.01,21,36750,买盘
156,14:45:18,17.49,-0.01,22,38478,卖盘
157,14:45:13,17.5,--,81,141750,卖盘
158,14:45:08,17.5,--,1,1750,卖盘
159,14:45:03,17.5,-0.01,73,127750,卖盘
160,14:44:58,17.51,--,1,1751,卖盘
161,14:44:53,17.51,-0.01,12,21012,卖盘
162,14:44:48,17.52,--,232,406464,买盘
163,14:44:43,17.52,0.02,10,17520,买盘
164,14:44:33,17.5,--,1,1750,卖盘
165,14:44:28,17.5,--,146,255500,卖盘
166,14:44:23,17.5,-0.02,1,1750,卖盘
167,14:44:18,17.52,--,29,50808,买盘
168,14:44:08,17.52,--,6,10512,买盘
169,14:44:03,17.52,0.02,143,250536,买盘
170,14:43:58,17.5,--,64,112000,买盘
171,14:43:53,17.5,--,27,47250,买盘
172,14:43:38,17.5,0.01,7,12250,买盘
173,14:43:33,17.49,0.01,17,29732,买盘
174,14:43:28,17.48,--,17,29716,卖盘
175,14:43:18,17.48,-0.01,5,8740,中性盘
176,14:43:13,17.49,-0.01,9,15740,中性盘
177,14:43:08,17.5,--,52,91000,买盘
178,14:43:03,17.5,--,18,31500,买盘
179,14:42:57,17.5,0.04,20,35000,买盘
180,14:42:48,17.46,0.01,17,29682,卖盘
181,14:42:42,17.45,-0.02,57,99465,卖盘
182,14:42:37,17.47,--,0,0,买盘
183,14:42:32,17.47,0.02,19,33193,买盘
184,14:42:27,17.45,--,4,6980,买盘
185,14:42:22,17.45,0.01,4,6980,买盘
186,14:42:17,17.44,-0.01,129,224976,卖盘
187,14:42:12,17.45,0.01,41,71545,买盘
188,14:42:07,17.44,-0.01,8,13952,卖盘
189,14:42:02,17.45,0.01,11,19195,买盘
190,14:41:57,17.44,-0.03,119,207536,卖盘
191,14:41:52,17.47,-0.01,20,34940,卖盘
192,14:41:47,17.48,--,7,12236,买盘
193,14:41:42,17.48,-0.02,41,71668,卖盘
194,14:41:37,17.5,--,16,28000,买盘
195,14:41:32,17.5,-0.02,181,317082,卖盘
196,14:41:27,17.52,--,139,243528,卖盘
197,14:41:22,17.52,--,20,35040,卖盘
198,14:41:17,17.52,-0.04,22,38544,中性盘
199,14:41:12,17.56,--,391,686596,买盘
200,14:41:07,17.56,0.03,2,3511,买盘
201,14:41:02,17.53,0.01,22,38566,中性盘
202,14:40:57,17.52,-0.04,1362,2386224,卖盘
203,14:40:47,17.56,0.04,9,15803,中性盘
204,14:40:42,17.52,-0.06,4807,8421864,卖盘
205,14:40:32,17.58,--,22,38675,买盘
206,14:40:27,17.58,0.01,19,35142,买盘
207,14:40:22,17.57,--,6,10542,买盘
208,14:40:17,17.57,0.01,19,33383,买盘
209,14:40:12,17.56,--,70,122919,卖盘
210,14:40:07,17.56,-0.01,1,1755,卖盘
211,14:40:02,17.57,--,7,12299,买盘
212,14:39:57,17.57,0.01,18,31626,买盘
213,14:39:52,17.56,--,24,42144,卖盘
214,14:39:47,17.56,--,3,5268,卖盘
215,14:39:42,17.56,--,19,33364,卖盘
216,14:39:37,17.56,-0.01,2,3511,卖盘
217,14:39:27,17.57,0.01,68,119476,买盘
218,14:39:17,17.56,--,10,17560,买盘
219,14:39:12,17.56,-0.01,198,347705,卖盘
220,14:39:02,17.57,--,27,47439,买盘
221,14:38:57,17.57,--,3,5271,买盘
222,14:38:47,17.57,--,52,91364,卖盘
223,14:38:42,17.57,--,3,5271,卖盘
224,14:38:32,17.57,-0.01,33,57981,卖盘
225,14:38:27,17.58,0.01,6,10547,买盘
226,14:38:22,17.57,--,14,24598,卖盘
227,14:38:17,17.57,-0.01,3,5271,卖盘
228,14:38:12,17.58,0.01,10,17580,买盘
229,14:38:07,17.57,--,7,12299,卖盘
230,14:37:57,17.57,--,5,8785,卖盘
231,14:37:52,17.57,--,8,14056,卖盘
232,14:37:47,17.57,--,0,0,卖盘
233,14:37:42,17.57,-0.01,11,19327,卖盘
234,14:37:37,17.58,-0.02,3,5273,卖盘
235,14:37:32,17.6,0.03,10,17600,买盘
236,14:37:27,17.57,--,37,65009,卖盘
237,14:37:12,17.57,-0.01,11,19327,卖盘
238,14:37:07,17.58,0.01,5,8790,买盘
239,14:36:57,17.57,-0.01,8,14056,卖盘
240,14:36:52,17.58,0.01,4,7031,买盘
241,14:36:47,17.57,--,12,21084,卖盘
242,14:36:42,17.57,-0.01,18,31626,卖盘
243,14:36:37,17.58,--,12,21095,买盘
244,14:36:32,17.58,--,12,21095,买盘
245,14:36:27,17.58,0.01,22,38675,买盘
246,14:36:22,17.57,--,42,73794,卖盘
247,14:36:17,17.57,-0.01,22,38654,卖盘
248,14:36:12,17.58,0.01,8,14063,买盘
249,14:36:07,17.57,-0.01,16,28112,卖盘
250,14:36:02,17.58,0.01,2,3515,买盘
251,14:35:57,17.57,-0.01,78,137046,卖盘
252,14:35:51,17.58,-0.02,19,33402,卖盘
253,14:35:42,17.6,0.02,44,77440,买盘
254,14:35:36,17.58,-0.01,15,26369,卖盘
255,14:35:32,17.59,0.01,3,5277,买盘
256,14:35:21,17.58,--,7,12305,卖盘
257,14:35:12,17.58,--,1,1757,卖盘
258,14:35:06,17.58,0.01,5,8790,中性盘
259,14:35:02,17.57,-0.02,21,36897,卖盘
260,14:34:57,17.59,0.02,2,3518,买盘
261,14:34:51,17.57,--,0,0,卖盘
262,14:34:46,17.57,--,8,14056,卖盘
263,14:34:42,17.57,--,1,1757,卖盘
264,14:34:36,17.57,--,0,0,卖盘
265,14:34:31,17.57,-0.02,28,49196,卖盘
266,14:34:26,17.59,0.01,2,3518,卖盘
267,14:34:21,17.58,--,2,3515,买盘
268,14:34:16,17.58,--,98,172283,卖盘
269,14:34:06,17.58,--,8,14063,卖盘
270,14:33:56,17.58,--,2,3515,卖盘
271,14:33:51,17.58,--,15,26369,卖盘
272,14:33:41,17.58,--,8,14063,卖盘
273,14:33:36,17.58,0.01,54,94931,买盘
274,14:33:26,17.57,-0.01,1,1757,卖盘
275,14:33:21,17.58,-0.02,27,47465,卖盘
276,14:33:06,17.6,0.02,5,8800,买盘
277,14:32:56,17.58,0.01,1,1757,卖盘
278,14:32:51,17.57,--,0,0,卖盘
279,14:32:46,17.57,--,10,17570,卖盘
280,14:32:41,17.57,-0.03,3,5271,卖盘
281,14:32:36,17.6,0.03,4,7040,买盘
282,14:32:31,17.57,-0.03,34,59738,卖盘
283,14:32:21,17.6,0.02,5,8800,买盘
284,14:32:16,17.58,--,5,8790,卖盘
285,14:32:11,17.58,-0.02,4,7031,卖盘
286,14:32:06,17.6,0.02,2,3520,买盘
287,14:31:56,17.58,-0.02,15,26369,卖盘
288,14:31:51,17.6,--,2,3520,买盘
289,14:31:46,17.6,0.02,5,8800,买盘
290,14:31:41,17.58,--,2,3515,卖盘
291,14:31:26,17.58,0.01,7,12305,卖盘
292,14:31:21,17.57,--,2,3514,卖盘
293,14:31:11,17.57,--,13,22841,卖盘
294,14:31:06,17.57,-0.03,11,19327,卖盘
295,14:30:56,17.6,0.03,8,14080,买盘
296,14:30:51,17.57,--,44,77308,卖盘
297,14:30:46,17.57,--,15,26355,卖盘
298,14:30:41,17.57,--,19,33383,卖盘
299,14:30:31,17.57,0.01,5,8785,卖盘
300,14:30:26,17.56,-0.01,25,43900,卖盘
301,14:30:21,17.57,--,21,36897,买盘
302,14:30:16,17.57,0.01,3,5271,买盘
303,14:30:06,17.56,--,18,31607,卖盘
304,14:30:01,17.56,-0.01,50,87800,卖盘
305,14:29:56,17.57,--,2,3514,卖盘
306,14:29:51,17.57,--,6,10542,买盘
307,14:29:46,17.57,0.01,2,3514,买盘
308,14:29:41,17.56,-0.01,7,12292,卖盘
309,14:29:31,17.57,0.01,2,3514,买盘
310,14:29:26,17.56,-0.01,16,28095,卖盘
311,14:29:21,17.57,0.01,9,15813,中性盘
312,14:29:11,17.56,-0.04,20,35120,卖盘
313,14:29:06,17.6,0.04,38,66880,买盘
314,14:28:56,17.56,-0.03,24,42144,卖盘
315,14:28:45,17.59,-0.01,17,29903,买盘
316,14:28:41,17.6,0.03,2,3520,买盘
317,14:28:36,17.57,-0.02,83,145831,卖盘
318,14:28:30,17.59,0.02,54,94986,卖盘
319,14:28:21,17.57,--,0,0,卖盘
320,14:28:15,17.57,-0.01,295,518315,卖盘
321,14:28:06,17.58,--,0,0,卖盘
322,14:28:00,17.58,-0.03,1045,1837109,卖盘
323,14:27:51,17.61,--,21,36981,卖盘
324,14:27:45,17.61,--,18,31698,卖盘
325,14:27:41,17.61,--,11,19371,卖盘
326,14:27:36,17.61,-0.01,2,3522,卖盘
327,14:27:30,17.62,--,38,66956,卖盘
328,14:27:26,17.62,--,14,24668,卖盘
329,14:27:21,17.62,--,6,10572,卖盘
330,14:27:15,17.62,--,1,1762,卖盘
331,14:27:06,17.62,--,50,88100,卖盘
332,14:27:00,17.62,--,3,5286,卖盘
333,14:26:55,17.62,-0.01,2,3524,卖盘
334,14:26:45,17.63,0.02,9,15867,买盘
335,14:26:35,17.61,--,7,12327,卖盘
336,14:26:30,17.61,--,3,5283,卖盘
337,14:26:25,17.61,--,7,12327,卖盘
338,14:26:15,17.61,-0.01,2,3522,卖盘
339,14:26:10,17.62,0.01,1,1762,买盘
340,14:26:00,17.61,0.01,4,7044,卖盘
341,14:25:55,17.6,--,0,0,卖盘
342,14:25:50,17.6,--,7,12320,卖盘
343,14:25:44,17.6,--,0,0,卖盘
344,14:25:35,17.6,-0.02,22,38720,卖盘
345,14:25:30,17.62,--,1,1762,卖盘
346,14:25:20,17.62,--,11,19382,卖盘
347,14:25:15,17.62,0.02,68,119851,买盘
348,14:25:00,17.6,--,6,10560,卖盘
349,14:24:55,17.6,--,33,58080,卖盘
350,14:24:50,17.6,--,0,0,卖盘
351,14:24:45,17.6,--,24,42240,卖盘
352,14:24:35,17.6,-0.01,116,204160,卖盘
353,14:24:30,17.61,--,52,91572,卖盘
354,14:24:25,17.61,--,1,1761,卖盘
355,14:24:20,17.61,--,45,79245,卖盘
356,14:24:15,17.61,--,6,10566,卖盘
357,14:24:05,17.61,--,3,5283,中性盘
358,14:24:00,17.61,--,20,35220,买盘
359,14:23:50,17.61,--,10,17610,卖盘
360,14:23:45,17.61,--,2,3522,卖盘
361,14:23:40,17.61,--,1,1761,卖盘
362,14:23:25,17.61,0.01,1,1761,卖盘
363,14:23:20,17.6,--,2,3520,卖盘
364,14:23:10,17.6,--,5,8800,卖盘
365,14:23:00,17.6,--,7,12320,卖盘
366,14:22:55,17.6,--,17,29920,卖盘
367,14:22:45,17.6,--,22,38720,卖盘
368,14:22:40,17.6,--,1,1760,卖盘
369,14:22:35,17.6,--,61,107412,买盘
370,14:22:30,17.6,--,9,15840,买盘
371,14:22:25,17.6,0.01,14,24640,买盘
372,14:22:20,17.59,-0.03,53,94933,卖盘
373,14:22:15,17.62,0.02,3,5286,买盘
374,14:22:05,17.6,-0.02,71,124960,卖盘
375,14:22:00,17.62,0.01,7,12334,买盘
376,14:21:50,17.61,-0.01,4,7044,中性盘
377,14:21:45,17.62,0.02,4,7048,买盘
378,14:21:39,17.6,--,1,1760,卖盘
379,14:21:35,17.6,--,5,8817,卖盘
380,14:21:30,17.6,-0.02,1,1760,卖盘
381,14:21:20,17.62,0.02,16,28192,买盘
382,14:21:09,17.6,--,3,5280,卖盘
383,14:21:05,17.6,--,10,17600,卖盘
384,14:20:53,17.6,--,10,17600,卖盘
385,14:20:45,17.6,--,2,3520,卖盘
386,14:20:35,17.6,-0.02,10,17600,卖盘
387,14:20:30,17.62,--,6,10572,买盘
388,14:20:20,17.62,0.02,6,10572,买盘
389,14:20:15,17.6,--,15,26435,买盘
390,14:20:09,17.6,0.01,10,17600,买盘
391,14:19:44,17.59,--,16,28144,卖盘
392,14:19:39,17.59,--,5,8795,买盘
393,14:19:35,17.59,--,39,68601,买盘
394,14:19:30,17.59,--,105,184695,买盘
395,14:19:24,17.59,--,15,26385,买盘
396,14:19:20,17.59,--,65,114335,买盘
397,14:19:15,17.59,-0.01,207,364113,卖盘
398,14:19:09,17.6,--,20,35200,买盘
399,14:19:05,17.6,0.01,50,88000,买盘
400,14:18:59,17.59,-0.01,17,29903,卖盘
401,14:18:50,17.6,--,20,35200,买盘
402,14:18:44,17.6,0.01,2,3520,买盘
403,14:18:38,17.59,--,1,1759,卖盘
404,14:18:29,17.59,-0.03,815,1435308,卖盘
405,14:18:24,17.62,--,8,14096,买盘
406,14:18:19,17.62,--,3,5286,买盘
407,14:18:15,17.62,--,10,17620,买盘
408,14:18:08,17.62,-0.02,138,244882,卖盘
409,14:18:04,17.64,0.02,2,3528,买盘
410,14:17:59,17.62,--,30,52860,卖盘
411,14:17:53,17.62,-0.02,15,26430,卖盘
412,14:17:39,17.64,--,10,17640,买盘
413,14:17:23,17.64,0.02,5,8820,买盘
414,14:17:19,17.62,--,0,0,卖盘
415,14:17:14,17.62,-0.02,125,220250,卖盘
416,14:17:09,17.64,-0.02,22,38808,卖盘
417,14:16:59,17.66,0.02,4,7064,买盘
418,14:16:53,17.64,--,2,3528,卖盘
419,14:16:49,17.64,-0.01,5,8855,卖盘
420,14:16:44,17.65,0.01,191,337115,买盘
421,14:16:38,17.64,--,2,3528,卖盘
422,14:16:29,17.64,-0.01,20,35280,卖盘
423,14:16:23,17.65,-0.01,11,19415,卖盘
424,14:16:19,17.66,--,6,10596,买盘
425,14:16:14,17.66,0.01,3,5298,买盘
426,14:16:04,17.65,--,1,1764,卖盘
427,14:15:59,17.65,--,10,17650,卖盘
428,14:15:38,17.65,--,2,3529,卖盘
429,14:15:34,17.65,--,110,194149,买盘
430,14:15:29,17.65,--,30,52949,买盘
431,14:15:14,17.65,--,20,35300,买盘
432,14:15:08,17.65,--,11,19415,买盘
433,14:14:59,17.65,-0.01,13,22944,卖盘
434,14:14:53,17.66,--,2,3532,买盘
435,14:14:49,17.66,--,4,7064,买盘
436,14:14:44,17.66,0.01,5,8830,买盘
437,14:14:38,17.65,0.01,15,26474,买盘
438,14:14:32,17.64,-0.01,20,35280,卖盘
439,14:14:29,17.65,--,22,38830,买盘
440,14:14:17,17.65,--,8,14119,买盘
441,14:14:14,17.65,--,55,97074,买盘
442,14:14:08,17.65,--,3,5295,买盘
443,14:14:02,17.65,--,8,14119,买盘
444,14:13:59,17.65,--,15,26474,买盘
445,14:13:47,17.65,-0.01,3,5295,卖盘
446,14:13:44,17.66,--,8,14128,买盘
447,14:13:38,17.66,--,7,12362,买盘
448,14:13:32,17.66,0.01,8,14128,买盘
449,14:13:23,17.65,0.01,44,77660,买盘
450,14:13:14,17.64,-0.01,6,10584,卖盘
451,14:13:08,17.65,--,2,3529,买盘
452,14:12:53,17.65,--,2,3529,买盘
453,14:12:47,17.65,0.02,2,3529,买盘
454,14:12:44,17.63,--,3,5289,卖盘
455,14:12:38,17.63,-0.03,50,88150,卖盘
456,14:12:32,17.66,--,8,14128,买盘
457,14:12:23,17.66,--,2,3532,买盘
458,14:12:14,17.66,0.01,12,21192,买盘
459,14:12:08,17.65,--,2,3529,买盘
460,14:12:02,17.65,--,9,15884,买盘
461,14:11:53,17.65,--,5,8825,买盘
462,14:11:47,17.65,--,2,3529,买盘
463,14:11:38,17.65,-0.01,4,7059,买盘
464,14:11:17,17.66,--,2,3532,买盘
465,14:11:13,17.66,-0.01,4,7064,买盘
466,14:11:08,17.67,--,0,0,买盘
467,14:10:58,17.67,--,4,7068,买盘
468,14:10:47,17.67,--,2,3534,买盘
469,14:10:38,17.67,--,2,3534,买盘
470,14:10:32,17.67,0.01,8,14736,买盘
471,14:10:28,17.66,--,4,7064,买盘
472,14:10:23,17.66,0.02,2,3532,买盘
473,14:10:17,17.64,-0.02,5,8820,卖盘
474,14:10:08,17.66,--,6,10596,买盘
475,14:09:58,17.66,0.02,3,5298,买盘
476,14:09:32,17.64,--,2,4692,买盘
477,14:09:28,17.64,--,22,38808,买盘
478,14:09:23,17.64,--,12,21168,买盘
479,14:09:13,17.64,-0.02,304,536855,卖盘
480,14:09:08,17.66,-0.01,3,5298,卖盘
481,14:08:47,17.67,--,148,261516,买盘
482,14:08:23,17.67,--,2,3534,买盘
483,14:08:17,17.67,0.01,3,5301,买盘
484,14:08:13,17.66,-0.01,4,7064,卖盘
485,14:08:08,17.67,0.01,8,14136,买盘
486,14:07:58,17.66,-0.01,27,47682,卖盘
487,14:07:53,17.67,--,3,5301,买盘
488,14:07:32,17.67,0.01,1,1767,买盘
489,14:07:23,17.66,-0.01,2,3532,买盘
490,14:07:17,17.67,0.02,8,14136,买盘
491,14:07:08,17.65,--,5,8825,卖盘
492,14:06:47,17.65,--,158,278870,卖盘
493,14:06:17,17.65,-0.02,3,5295,卖盘
494,14:06:11,17.67,0.01,13,22971,买盘
495,14:06:02,17.66,--,8,14128,买盘
496,14:05:56,17.66,--,10,17660,买盘
497,14:05:53,17.66,-0.01,11,19426,卖盘
498,14:05:47,17.67,0.01,17,30039,买盘
499,14:05:41,17.66,0.01,5,8830,卖盘
500,14:05:26,17.65,--,0,0,卖盘
501,14:05:02,17.65,-0.02,202,356530,卖盘
502,14:04:52,17.67,--,0,0,买盘
503,14:04:26,17.67,0.02,13,22971,买盘
504,14:04:22,17.65,-0.02,50,88250,卖盘
505,14:04:17,17.67,-0.01,8,14136,卖盘
506,14:04:02,17.68,0.01,6,10608,买盘
507,14:03:56,17.67,--,3,5301,卖盘
508,14:03:52,17.67,-0.01,2,3534,卖盘
509,14:03:47,17.68,--,61,107848,买盘
510,14:03:41,17.68,--,3,5304,买盘
511,14:03:32,17.68,--,19,33592,买盘
512,14:02:56,17.68,--,3,5304,买盘
513,14:02:41,17.68,0.01,2,3536,买盘
514,14:02:32,17.67,-0.01,4,7068,卖盘
515,14:01:56,17.68,--,21,37128,买盘
516,14:01:52,17.68,--,1,1768,买盘
517,14:01:41,17.68,--,3,5304,买盘
518,14:01:17,17.68,--,1,1768,买盘
519,14:01:07,17.68,--,11,20933,卖盘
520,14:00:56,17.68,--,3,5304,卖盘
521,14:00:52,17.68,-0.01,22,38896,卖盘
522,14:00:35,17.69,--,5,8845,买盘
523,14:00:26,17.69,--,1,1769,买盘
524,14:00:11,17.69,--,35,61915,买盘
525,13:59:56,17.69,--,19,33611,买盘
526,13:59:32,17.69,0.01,3,5307,买盘
527,13:59:26,17.68,0.01,8,14426,买盘
528,13:59:20,17.67,--,2,3534,卖盘
529,13:59:17,17.67,-0.01,6,10602,卖盘
530,13:59:05,17.68,--,20,35360,买盘
531,13:58:50,17.68,--,7,12376,买盘
532,13:58:32,17.68,--,10,17680,买盘
533,13:57:50,17.68,0.01,6,10608,买盘
534,13:57:41,17.67,-0.01,2,3534,卖盘
535,13:57:26,17.68,--,3,5304,买盘
536,13:57:20,17.68,--,0,0,买盘
537,13:57:17,17.68,0.01,1,1768,买盘
538,13:57:11,17.67,-0.01,26,45942,卖盘
539,13:57:01,17.68,--,3,5304,买盘
540,13:56:46,17.68,--,1,1768,买盘
541,13:56:41,17.68,--,6,10608,买盘
542,13:56:31,17.68,--,55,97240,买盘
543,13:56:26,17.68,--,7,12376,买盘
544,13:56:05,17.68,0.01,5,8840,买盘
545,13:55:56,17.67,-0.01,2,3534,中性盘
546,13:55:50,17.68,--,2,3536,买盘
547,13:55:46,17.68,0.01,6,10608,买盘
548,13:55:41,17.67,-0.01,10,17670,卖盘
549,13:55:35,17.68,--,1,1768,买盘
550,13:55:20,17.68,--,3,5304,买盘
551,13:55:11,17.68,--,25,44200,买盘
552,13:54:41,17.68,--,0,0,买盘
553,13:54:11,17.68,--,0,0,买盘
554,13:54:05,17.68,--,2,3536,买盘
555,13:53:41,17.68,0.03,8,14144,买盘
556,13:53:31,17.65,--,2,3529,买盘
557,13:53:25,17.65,--,122,215329,买盘
558,13:53:20,17.65,--,10,17650,买盘
559,13:53:14,17.65,--,3,5295,买盘
560,13:52:59,17.65,--,50,88250,买盘
561,13:52:44,17.65,--,2,3529,买盘
562,13:52:25,17.65,-0.03,407,719025,卖盘
563,13:52:20,17.68,0.01,51,90309,买盘
564,13:52:05,17.67,0.01,8,14136,卖盘
565,13:51:55,17.66,--,0,0,卖盘
566,13:51:40,17.66,-0.02,26,45916,卖盘
567,13:51:20,17.68,--,100,176800,买盘
568,13:51:14,17.68,--,2,3536,买盘
569,13:51:10,17.68,--,17,30056,买盘
570,13:50:29,17.68,-0.01,10,17680,买盘
571,13:50:25,17.69,0.01,156,275964,买盘
572,13:50:14,17.68,--,0,0,买盘
573,13:49:40,17.68,--,7,12376,买盘
574,13:49:35,17.68,--,5,8840,买盘
575,13:49:10,17.68,--,20,35360,买盘
576,13:49:05,17.68,0.02,4,7072,买盘
577,13:48:14,17.66,-0.01,11,19426,卖盘
578,13:48:10,17.67,--,0,0,中性盘
579,13:47:55,17.67,-0.01,26,45942,卖盘
580,13:47:44,17.68,0.01,9,15912,买盘
581,13:47:20,17.67,-0.01,50,88350,卖盘
582,13:46:59,17.68,-0.01,58,102544,卖盘
583,13:46:55,17.69,0.02,33,58377,买盘
584,13:46:25,17.67,--,0,0,卖盘
585,13:46:20,17.67,-0.01,56,98952,卖盘
586,13:46:14,17.68,--,38,67184,买盘
587,13:46:10,17.68,0.01,39,68952,买盘
588,13:45:59,17.67,-0.01,5,8835,卖盘
589,13:45:55,17.68,--,44,77792,买盘
590,13:45:44,17.68,0.01,3,5304,买盘
591,13:45:20,17.67,-0.01,1,1767,中性盘
592,13:45:14,17.68,0.01,6,10608,买盘
593,13:45:05,17.67,--,5,8835,买盘
594,13:44:59,17.67,-0.01,41,72447,卖盘
595,13:44:53,17.68,--,3,5304,买盘
596,13:44:44,17.68,--,20,35360,买盘
597,13:44:23,17.68,--,8,14144,买盘
598,13:44:08,17.68,--,10,17680,买盘
599,13:44:04,17.68,--,1,1768,买盘
600,13:43:49,17.68,--,0,0,中性盘
601,13:43:44,17.68,--,0,0,买盘
602,13:43:29,17.68,0.01,12,21216,买盘
603,13:43:23,17.67,-0.01,10,17670,买盘
604,13:43:19,17.68,--,12,22948,买盘
605,13:43:14,17.68,0.01,15,26520,买盘
606,13:43:08,17.67,--,50,88579,买盘
607,13:42:59,17.67,--,22,38874,买盘
608,13:42:53,17.67,--,4,7068,买盘
609,13:42:49,17.67,--,3,5301,买盘
610,13:42:44,17.67,--,4,7068,买盘
611,13:42:38,17.67,--,5,8835,买盘
612,13:42:29,17.67,--,2,3534,买盘
613,13:42:19,17.67,--,25,44175,买盘
614,13:42:14,17.67,0.01,20,35340,买盘
615,13:41:49,17.66,-0.01,10,17660,卖盘
616,13:41:44,17.67,--,61,107787,买盘
617,13:41:34,17.67,0.01,1,1767,买盘
618,13:41:19,17.66,--,44,77845,买盘
619,13:41:14,17.66,0.01,2,3532,买盘
620,13:41:08,17.65,--,11,19415,卖盘
621,13:40:59,17.65,--,4,8295,卖盘
622,13:40:53,17.65,-0.01,10,19044,卖盘
623,13:40:44,17.66,0.01,13,24653,买盘
624,13:40:34,17.65,--,11,19679,卖盘
625,13:40:29,17.65,-0.01,11,20121,卖盘
626,13:40:08,17.66,--,20,35673,卖盘
627,13:39:59,17.66,-0.01,20,36732,卖盘
628,13:39:44,17.67,--,61,109324,卖盘
629,13:39:38,17.67,-0.01,28,49882,卖盘
630,13:39:14,17.68,-0.01,144,256218,卖盘
631,13:39:04,17.69,--,12,21723,买盘
632,13:38:59,17.69,--,497,879546,买盘
633,13:38:53,17.69,0.01,5,8845,买盘
634,13:38:44,17.68,-0.01,288,510280,卖盘
635,13:38:38,17.69,--,1,1769,买盘
636,13:38:29,17.69,-0.01,19,35150,卖盘
637,13:38:23,17.7,--,10,19062,卖盘
638,13:38:17,17.7,-0.01,1,1770,买盘
639,13:38:14,17.71,0.02,16,30018,买盘
640,13:38:02,17.69,-0.01,11,19688,卖盘
641,13:37:58,17.7,--,3,5982,买盘
642,13:37:53,17.7,--,20,35400,买盘
643,13:37:47,17.7,0.01,10,17700,卖盘
644,13:37:43,17.69,-0.01,111,197367,卖盘
645,13:37:38,17.7,--,3,5310,卖盘
646,13:37:32,17.7,0.01,46,82818,买盘
647,13:37:28,17.69,--,1,1769,卖盘
648,13:37:23,17.69,--,49,88326,卖盘
649,13:37:13,17.69,--,15,26835,卖盘
650,13:37:08,17.69,-0.01,40,71414,卖盘
651,13:37:02,17.7,0.01,6,10620,买盘
652,13:36:58,17.69,--,18,32549,卖盘
653,13:36:47,17.69,--,11,20485,卖盘
654,13:36:38,17.69,-0.01,13,24058,卖盘
655,13:36:32,17.7,0.01,6,10620,买盘
656,13:36:28,17.69,--,10,19211,卖盘
657,13:36:13,17.69,-0.01,12,22112,卖盘
658,13:36:08,17.7,0.01,48,86252,买盘
659,13:36:02,17.69,-0.01,12,22218,卖盘
660,13:35:43,17.7,--,3,6141,卖盘
661,13:35:38,17.7,--,10,19239,卖盘
662,13:35:28,17.7,0.01,48,86199,买盘
663,13:35:17,17.69,--,11,20007,卖盘
664,13:35:08,17.69,--,11,20325,卖盘
665,13:35:02,17.69,0.01,6,10614,买盘
666,13:34:58,17.68,-0.01,17,31240,卖盘
667,13:34:53,17.69,0.01,16,29913,买盘
668,13:34:43,17.68,--,12,21410,卖盘
669,13:34:32,17.68,0.01,15,27032,卖盘
670,13:34:28,17.67,--,12,22140,卖盘
671,13:34:17,17.67,0.01,63,111974,买盘
672,13:34:13,17.66,--,14,25995,卖盘
673,13:34:08,17.66,-0.01,10,18701,卖盘
674,13:34:02,17.67,0.01,3,5301,买盘
675,13:33:58,17.66,0.01,10,19161,中性盘
676,13:33:47,17.65,-0.01,11,19450,卖盘
677,13:33:43,17.66,-0.01,1,1766,中性盘
678,13:33:38,17.67,0.01,55,97556,买盘
679,13:33:28,17.66,--,2,3690,卖盘
680,13:33:23,17.66,--,11,20556,卖盘
681,13:33:13,17.66,-0.01,11,20874,卖盘
682,13:33:08,17.67,0.02,49,87378,买盘
683,13:33:02,17.65,--,12,21321,卖盘
684,13:32:58,17.65,-0.01,24,42818,卖盘
685,13:32:52,17.66,--,9,15894,买盘
686,13:32:47,17.66,--,5,8830,买盘
687,13:32:43,17.66,--,1,1766,买盘
688,13:32:38,17.66,-0.01,6,11796,卖盘
689,13:32:28,17.67,0.01,13,23978,买盘
690,13:32:23,17.66,--,20,36644,卖盘
691,13:32:17,17.66,--,3,5298,买盘
692,13:32:12,17.66,--,12,22834,卖盘
693,13:32:08,17.66,0.01,21,38127,买盘
694,13:32:01,17.65,--,11,19715,卖盘
695,13:31:53,17.65,--,20,35600,买盘
696,13:31:47,17.65,--,10,17650,买盘
697,13:31:32,17.65,--,14,25663,卖盘
698,13:31:22,17.65,--,15,27922,卖盘
699,13:31:17,17.65,--,11,19432,卖盘
700,13:31:07,17.65,--,11,19750,卖盘
701,13:31:02,17.65,-0.01,11,20191,买盘
702,13:30:56,17.66,--,0,0,买盘
703,13:30:52,17.66,0.01,6,10596,买盘
704,13:30:47,17.65,--,20,36041,卖盘
705,13:30:41,17.65,--,13,24374,卖盘
706,13:30:37,17.65,--,2,3529,卖盘
707,13:30:32,17.65,--,12,21285,卖盘
708,13:30:22,17.65,--,15,26880,卖盘
709,13:30:11,17.65,-0.01,12,21938,卖盘
710,13:30:07,17.66,0.01,16,28256,买盘
711,13:30:01,17.65,--,11,20226,卖盘
712,13:29:56,17.65,--,11,20544,卖盘
713,13:29:47,17.65,--,112,199233,卖盘
714,13:29:37,17.65,0.01,14,24833,卖盘
715,13:29:26,17.64,--,12,21609,卖盘
716,13:29:17,17.64,-0.01,24,43182,卖盘
717,13:29:11,17.65,--,5,8825,买盘
718,13:29:07,17.65,0.01,16,29440,买盘
719,13:29:02,17.64,--,10,18627,卖盘
720,13:28:52,17.64,-0.01,30,54348,卖盘
721,13:28:47,17.65,0.01,6,10590,买盘
722,13:28:41,17.64,--,11,19404,卖盘
723,13:28:32,17.64,--,15,26759,卖盘
724,13:28:22,17.64,--,21,37802,卖盘
725,13:28:17,17.64,--,14,25772,卖盘
726,13:28:07,17.64,-0.01,11,20797,卖盘
727,13:28:01,17.65,0.01,22,38830,买盘
728,13:27:56,17.64,-0.01,10,19068,卖盘
729,13:27:52,17.65,0.01,39,68835,买盘
730,13:27:47,17.64,-0.01,11,19545,卖盘
731,13:27:31,17.65,-0.01,12,22909,卖盘
732,13:27:26,17.66,0.01,13,22958,买盘
733,13:27:22,17.65,-0.01,63,112006,卖盘
734,13:27:17,17.66,0.01,10,17660,买盘
735,13:27:10,17.65,--,10,18797,卖盘
736,13:27:07,17.65,--,11,19415,卖盘
737,13:27:01,17.65,-0.01,25,45731,卖盘
738,13:26:47,17.66,--,37,66436,卖盘
739,13:26:37,17.66,-0.01,42,75090,卖盘
740,13:26:31,17.67,0.01,5,8835,买盘
741,13:26:26,17.66,--,11,20662,卖盘
742,13:26:17,17.66,-0.01,10,18931,卖盘
743,13:26:10,17.67,--,30,54635,买盘
744,13:26:07,17.67,--,70,123690,买盘
745,13:25:51,17.67,-0.02,249,440318,卖盘
746,13:25:46,17.69,--,19,34513,买盘
747,13:25:40,17.69,--,5,8845,买盘
748,13:25:31,17.69,--,0,1008,卖盘
749,13:25:25,17.69,-0.01,20,35380,卖盘
750,13:25:16,17.7,--,3,5911,卖盘
751,13:25:10,17.7,--,42,74640,卖盘
752,13:25:07,17.7,--,10,17700,卖盘
753,13:24:55,17.7,--,23,41347,卖盘
754,13:24:51,17.7,--,6,10620,卖盘
755,13:24:46,17.7,--,13,24089,卖盘
756,13:24:40,17.7,--,11,20886,卖盘
757,13:24:31,17.7,--,11,21186,卖盘
758,13:24:19,17.7,--,11,19487,卖盘
759,13:24:10,17.7,-0.01,12,21859,卖盘
760,13:24:04,17.71,0.01,8,14168,买盘
761,13:23:55,17.7,-0.01,6,10620,卖盘
762,13:23:49,17.71,--,0,0,卖盘
763,13:23:46,17.71,0.01,20,35420,卖盘
764,13:23:40,17.7,--,71,125670,卖盘
765,13:23:31,17.7,--,38,67295,卖盘
766,13:23:25,17.7,-0.01,11,19611,卖盘
767,13:23:16,17.71,--,13,23501,买盘
768,13:23:04,17.71,-0.01,1,1771,买盘
769,13:23:01,17.72,--,29,51476,卖盘
770,13:22:55,17.72,0.02,91,162935,买盘
771,13:22:49,17.7,-0.01,11,21027,卖盘
772,13:22:34,17.71,0.01,1,1771,中性盘
773,13:22:31,17.7,-0.02,12,21806,卖盘
774,13:22:25,17.72,0.02,92,163024,买盘
775,13:22:16,17.7,-0.01,12,22443,卖盘
776,13:22:10,17.71,0.02,23,40980,买盘
777,13:22:04,17.69,-0.01,10,18804,卖盘
778,13:22:01,17.7,0.01,3,5310,买盘
779,13:21:55,17.69,--,10,19122,卖盘
780,13:21:46,17.69,-0.02,11,21210,卖盘
781,13:21:34,17.71,--,0,0,买盘
782,13:21:31,17.71,0.01,28,49588,买盘
783,13:21:16,17.7,--,0,0,中性盘
784,13:21:10,17.7,--,0,0,中性盘
785,13:21:01,17.7,-0.02,40,70800,卖盘
786,13:20:55,17.72,--,13,24577,卖盘
787,13:20:49,17.72,--,20,35440,卖盘
788,13:20:46,17.72,--,16,28582,买盘
789,13:20:40,17.72,0.01,65,115233,买盘
790,13:20:34,17.71,--,11,20384,卖盘
791,13:20:25,17.71,--,21,38395,卖盘
792,13:20:19,17.71,0.01,24,43017,买盘
793,13:20:10,17.7,--,10,19293,卖盘
794,13:19:55,17.7,-0.03,12,21664,卖盘
795,13:19:46,17.73,--,0,0,买盘
796,13:19:34,17.73,0.01,10,17730,买盘
797,13:19:31,17.72,--,10,17720,卖盘
798,13:19:25,17.72,--,10,18995,卖盘
799,13:19:16,17.72,--,30,53248,买盘
800,13:19:10,17.72,0.01,65,115179,买盘
801,13:19:04,17.71,0.01,67,118657,买盘
802,13:19:01,17.7,--,11,19770,卖盘
803,13:18:55,17.7,-0.01,18,32762,卖盘
804,13:18:49,17.71,--,97,172991,买盘
805,13:18:45,17.71,--,10,17710,买盘
806,13:18:40,17.71,0.01,10,17710,买盘
807,13:18:34,17.7,--,11,20744,卖盘
808,13:18:30,17.7,--,3,5310,卖盘
809,13:18:25,17.7,--,11,21063,卖盘
810,13:18:19,17.7,0.02,134,237852,买盘
811,13:18:10,17.68,--,12,21799,卖盘
812,13:18:04,17.68,0.01,10,17680,中性盘
813,13:18:00,17.67,--,51,90770,卖盘
814,13:17:55,17.67,-0.01,13,23942,卖盘
815,13:17:49,17.68,--,5,8840,买盘
816,13:17:45,17.68,0.01,10,17680,买盘
817,13:17:40,17.67,--,0,0,卖盘
818,13:17:34,17.67,-0.02,40,72393,卖盘
819,13:17:30,17.69,0.01,40,70760,买盘
820,13:17:25,17.68,0.01,2,3536,买盘
821,13:17:19,17.67,--,0,0,卖盘
822,13:17:13,17.67,-0.02,12,21946,卖盘
823,13:17:10,17.69,0.01,93,165100,买盘
824,13:17:04,17.68,--,2,3536,买盘
825,13:16:55,17.68,--,2,4826,卖盘
826,13:16:49,17.68,--,10,18952,卖盘
827,13:16:40,17.68,--,10,19288,卖盘
828,13:16:34,17.68,--,14,24911,卖盘
829,13:16:25,17.68,--,11,20031,卖盘
830,13:16:10,17.68,--,11,20367,卖盘
831,13:16:04,17.68,--,16,29525,买盘
832,13:15:55,17.68,0.01,1,1768,买盘
833,13:15:49,17.67,-0.03,12,21451,卖盘
834,13:15:43,17.7,0.02,27,47790,买盘
835,13:15:40,17.68,--,26,46268,买盘
836,13:15:34,17.68,0.01,5,8840,买盘
837,13:15:25,17.67,0.01,11,20055,卖盘
838,13:15:19,17.66,-0.02,11,20344,卖盘
839,13:15:13,17.68,--,54,95472,买盘
840,13:15:10,17.68,0.01,29,51272,买盘
841,13:15:04,17.67,--,3,5672,卖盘
842,13:14:58,17.67,-0.01,23,41542,卖盘
843,13:14:49,17.68,--,1,1768,买盘
844,13:14:43,17.68,--,18,32831,卖盘
845,13:14:34,17.68,-0.01,11,20208,卖盘
846,13:14:19,17.69,-0.01,10,18256,卖盘
847,13:14:13,17.7,0.01,27,47790,买盘
848,13:14:10,17.69,-0.01,12,21298,卖盘
849,13:14:04,17.7,0.01,1,1770,买盘
850,13:13:58,17.69,--,12,21634,卖盘
851,13:13:55,17.69,-0.01,5,8845,卖盘
852,13:13:40,17.7,-0.02,2,4141,卖盘
853,13:13:28,17.72,--,0,0,买盘
854,13:13:19,17.72,0.02,16,28352,买盘
855,13:13:13,17.7,--,0,0,卖盘
856,13:13:10,17.7,-0.02,41,72570,卖盘
857,13:13:04,17.72,--,16,28777,卖盘
858,13:12:58,17.72,--,10,17720,卖盘
859,13:12:55,17.72,--,32,57554,卖盘
860,13:12:49,17.72,--,1,1772,卖盘
861,13:12:39,17.72,--,0,0,卖盘
862,13:12:34,17.72,--,29,53053,买盘
863,13:12:28,17.72,--,0,0,买盘
864,13:12:19,17.72,-0.04,3,5316,买盘
865,13:12:13,17.76,--,19,34472,卖盘
866,13:12:09,17.76,0.02,182,324652,买盘
867,13:12:04,17.74,--,30,54621,买盘
868,13:11:54,17.74,--,0,0,买盘
869,13:11:49,17.74,0.02,11,19904,中性盘
870,13:11:43,17.72,-0.02,51,91754,卖盘
871,13:11:34,17.74,0.01,21,37254,买盘
872,13:11:28,17.73,-0.01,9,16559,卖盘
873,13:11:24,17.74,-0.03,15,28366,中性盘
874,13:11:19,17.77,0.02,295,524641,买盘
875,13:11:13,17.75,0.02,10,17750,买盘
876,13:11:09,17.73,--,11,20265,卖盘
877,13:11:04,17.73,-0.02,10,17730,卖盘
878,13:10:58,17.75,0.02,297,527175,买盘
879,13:10:54,17.73,-0.02,1,3510,卖盘
880,13:10:49,17.75,0.01,60,106500,买盘
881,13:10:43,17.74,-0.01,78,138584,卖盘
882,13:10:34,17.75,--,14,25258,卖盘
883,13:10:28,17.75,0.02,436,775053,买盘
884,13:10:24,17.73,0.01,25,44360,买盘
885,13:10:19,17.72,-0.01,1,1772,买盘
886,13:10:13,17.73,--,0,0,买盘
887,13:10:04,17.73,0.03,14,25761,买盘
888,13:09:58,17.7,-0.04,13,24567,卖盘
889,13:09:52,17.74,0.04,307,544972,买盘
890,13:09:49,17.7,--,54,95686,买盘
891,13:09:43,17.7,--,1,1770,买盘
892,13:09:34,17.7,0.01,20,35400,卖盘
893,13:09:28,17.69,--,125,221850,卖盘
894,13:09:19,17.69,--,130,231491,买盘
895,13:09:13,17.69,-0.01,24,43428,买盘
896,13:09:07,17.7,--,12,22691,卖盘
897,13:09:04,17.7,0.02,197,350300,买盘
898,13:08:58,17.68,0.02,14,24752,买盘
899,13:08:52,17.66,--,10,19373,卖盘
900,13:08:49,17.66,--,40,71982,买盘
901,13:08:43,17.66,--,16,28556,买盘
902,13:08:37,17.66,0.01,69,121854,买盘
903,13:08:34,17.65,-0.01,12,22080,卖盘
904,13:08:28,17.66,0.01,30,52980,买盘
905,13:08:22,17.65,--,26,47090,卖盘
906,13:08:19,17.65,--,10,18761,卖盘
907,13:08:13,17.65,-0.01,50,88250,卖盘
908,13:08:07,17.66,0.01,70,125050,买盘
909,13:08:04,17.65,-0.01,5,8825,卖盘
910,13:07:58,17.66,0.01,12,22940,买盘
911,13:07:49,17.65,--,11,19838,卖盘
912,13:07:43,17.65,0.01,12,22221,买盘
913,13:07:37,17.64,--,0,0,卖盘
914,13:07:34,17.64,-0.02,15,27271,卖盘
915,13:07:28,17.66,--,0,0,买盘
916,13:07:22,17.66,0.02,2,3532,买盘
917,13:07:19,17.64,-0.01,21,37978,买盘
918,13:07:13,17.65,0.01,5,8825,买盘
919,13:07:04,17.64,-0.01,19,34715,卖盘
920,13:06:58,17.65,--,17,30746,买盘
921,13:06:49,17.65,0.01,164,290519,买盘
922,13:06:33,17.64,-0.01,10,18451,卖盘
923,13:06:28,17.65,0.01,14,26139,买盘
924,13:06:19,17.64,--,12,21291,卖盘
925,13:06:13,17.64,--,12,21609,卖盘
926,13:06:04,17.64,0.01,2,4780,买盘
927,13:05:58,17.63,--,22,39526,卖盘
928,13:05:48,17.63,-0.01,43,77007,卖盘
929,13:05:43,17.64,0.01,10,17640,买盘
930,13:05:33,17.63,-0.01,11,20962,卖盘
931,13:05:28,17.64,0.02,25,44576,买盘
932,13:05:22,17.62,-0.02,17,30077,卖盘
933,13:05:18,17.64,0.01,15,26460,买盘
934,13:05:13,17.63,0.01,5,8815,中性盘
935,13:05:07,17.62,-0.02,14,24668,卖盘
936,13:05:03,17.64,--,3,5909,卖盘
937,13:04:58,17.64,--,14,25648,卖盘
938,13:04:48,17.64,--,18,32739,卖盘
939,13:04:43,17.64,0.01,74,131506,买盘
940,13:04:37,17.63,--,10,18952,卖盘
941,13:04:28,17.63,--,10,19287,卖盘
942,13:04:22,17.63,-0.01,10,17630,卖盘
943,13:04:13,17.64,-0.01,2,3528,中性盘
944,13:04:07,17.65,0.03,20,35300,买盘
945,13:04:03,17.62,-0.03,15,27399,卖盘
946,13:03:58,17.65,0.02,68,120019,买盘
947,13:03:52,17.63,-0.02,13,22919,卖盘
948,13:03:48,17.65,--,50,88250,买盘
949,13:03:43,17.65,0.01,36,63539,买盘
950,13:03:37,17.64,--,25,45634,卖盘
951,13:03:28,17.64,--,23,40924,卖盘
952,13:03:22,17.64,--,11,20197,卖盘
953,13:03:16,17.64,--,1,1764,卖盘
954,13:03:07,17.64,--,12,22420,卖盘
955,13:03:01,17.64,0.03,27,48986,买盘
956,13:02:58,17.61,--,0,0,卖盘
957,13:02:52,17.61,-0.01,40,71936,卖盘
958,13:02:46,17.62,-0.01,6,10871,买盘
959,13:02:43,17.63,--,4,8568,卖盘
960,13:02:37,17.63,0.01,8,14350,买盘
961,13:02:31,17.62,-0.01,7,13919,卖盘
962,13:02:27,17.63,0.01,7,12341,买盘
963,13:02:22,17.62,--,42,75096,卖盘
964,13:02:12,17.62,-0.01,10,18483,卖盘
965,13:02:07,17.63,--,2,3526,买盘
966,13:01:57,17.63,-0.01,6,10578,中性盘
967,13:01:52,17.64,0.02,10,17640,买盘
968,13:01:46,17.62,--,0,0,卖盘
969,13:01:37,17.62,-0.01,16,28702,卖盘
970,13:01:31,17.63,--,5,10049,买盘
971,13:01:27,17.63,-0.02,5,10295,卖盘
972,13:01:22,17.65,0.03,38,67070,买盘
973,13:01:12,17.62,--,0,0,卖盘
974,13:01:07,17.62,-0.03,12,21425,卖盘
975,13:00:57,17.65,0.05,50,88250,买盘
976,13:00:52,17.6,-0.01,20,36678,卖盘
977,13:00:42,17.61,-0.01,2,4807,卖盘
978,13:00:37,17.62,--,20,35715,买盘
979,13:00:31,17.62,--,14,24668,买盘
980,13:00:27,17.62,0.02,101,177962,买盘
981,13:00:16,17.6,--,0,0,卖盘
982,13:00:07,17.6,0.02,177,311520,买盘
983,13:00:01,17.58,0.01,17,31116,中性盘
984,11:30:00,17.57,--,0,0,卖盘
985,11:29:59,17.57,-0.02,10,18694,卖盘
986,11:29:58,17.59,0.02,42,74511,买盘
987,11:29:53,17.57,-0.01,10,19028,卖盘
988,11:29:38,17.58,--,80,141114,卖盘
989,11:29:32,17.58,-0.01,16,28585,卖盘
990,11:29:28,17.59,0.01,5,8795,买盘
991,11:29:23,17.58,--,12,22150,卖盘
992,11:29:13,17.58,--,0,0,卖盘
993,11:29:08,17.58,-0.01,112,196895,卖盘
994,11:29:02,17.59,--,11,20756,卖盘
995,11:28:58,17.59,--,14,24626,卖盘
996,11:28:47,17.59,--,20,35232,卖盘
997,11:28:38,17.59,--,12,21758,卖盘
998,11:28:28,17.59,--,12,22057,卖盘
999,11:28:23,17.59,--,10,18451,卖盘
1000,11:28:13,17.59,--,10,18768,卖盘
1001,11:28:02,17.59,--,10,19102,卖盘
1002,11:27:53,17.59,-0.01,41,72294,卖盘
1003,11:27:47,17.6,--,6,10560,买盘
1004,11:27:38,17.6,--,78,137913,卖盘
1005,11:27:32,17.6,--,12,22228,卖盘
1006,11:27:28,17.6,--,10,18480,卖盘
1007,11:27:23,17.6,--,6,11457,买盘
1008,11:27:17,17.6,0.01,19,34760,买盘
1009,11:27:08,17.59,--,10,19243,卖盘
1010,11:27:02,17.59,--,11,19560,卖盘
1011,11:26:53,17.59,-0.01,11,19982,卖盘
1012,11:26:47,17.6,0.01,10,17600,买盘
1013,11:26:43,17.59,--,11,20316,卖盘
1014,11:26:32,17.59,--,11,20650,卖盘
1015,11:26:28,17.59,--,88,154792,卖盘
1016,11:26:23,17.59,-0.01,11,21090,卖盘
1017,11:26:08,17.6,0.01,10,17600,中性盘
1018,11:25:53,17.59,-0.01,33,58979,卖盘
1019,11:25:47,17.6,--,31,55545,卖盘
1020,11:25:38,17.6,--,21,38385,卖盘
1021,11:25:26,17.6,--,12,21120,卖盘
1022,11:25:17,17.6,0.01,12,22281,买盘
1023,11:25:11,17.59,--,12,21864,卖盘
1024,11:25:02,17.59,--,12,22163,卖盘
1025,11:24:53,17.59,--,10,18451,卖盘
1026,11:24:41,17.59,--,21,38398,卖盘
1027,11:24:38,17.59,--,10,19102,卖盘
1028,11:24:23,17.59,--,33,59331,买盘
1029,11:24:17,17.59,--,21,37449,买盘
1030,11:24:02,17.59,--,5,8970,卖盘
1031,11:23:47,17.59,0.01,11,20932,卖盘
1032,11:23:41,17.58,-0.01,12,21254,卖盘
1033,11:23:37,17.59,--,25,44942,买盘
1034,11:23:32,17.59,--,25,44960,买盘
1035,11:23:26,17.59,0.01,6,10554,买盘
1036,11:23:22,17.58,-0.01,17,30800,卖盘
1037,11:23:17,17.59,--,10,17590,买盘
1038,11:23:11,17.59,--,35,62813,买盘
1039,11:23:02,17.59,--,20,35232,卖盘
1040,11:22:52,17.59,-0.01,64,114194,卖盘
1041,11:22:47,17.6,0.01,26,46041,买盘
1042,11:22:41,17.59,--,7,12313,卖盘
1043,11:22:37,17.59,--,33,58662,卖盘
1044,11:22:32,17.59,-0.01,42,74827,卖盘
1045,11:22:22,17.6,--,11,19360,买盘
1046,11:22:17,17.6,--,85,150216,卖盘
1047,11:22:11,17.6,--,11,20785,卖盘
1048,11:22:02,17.6,--,12,21120,卖盘
1049,11:21:56,17.6,-0.01,12,21436,卖盘
1050,11:21:47,17.61,0.01,1,1761,买盘
1051,11:21:41,17.6,-0.01,12,21894,卖盘
1052,11:21:37,17.61,--,40,70440,买盘
1053,11:21:32,17.61,-0.02,57,101785,卖盘
1054,11:21:26,17.63,--,1,1763,买盘
1055,11:21:17,17.63,--,117,207910,卖盘
1056,11:21:11,17.63,--,21,37023,卖盘
1057,11:21:07,17.63,--,10,19251,卖盘
1058,11:21:02,17.63,--,11,19569,卖盘
1059,11:20:52,17.63,--,12,21949,卖盘
1060,11:20:47,17.63,0.01,1,2820,买盘
1061,11:20:41,17.62,--,85,150880,卖盘
1062,11:20:32,17.62,--,24,43292,卖盘
1063,11:20:26,17.62,--,30,54163,卖盘
1064,11:20:22,17.62,--,2,3524,卖盘
1065,11:20:17,17.62,--,10,19258,卖盘
1066,11:20:11,17.62,0.01,31,56013,买盘
1067,11:20:07,17.61,-0.01,12,21466,卖盘
1068,11:20:02,17.62,--,19,33478,买盘
1069,11:19:56,17.62,--,53,94037,买盘
1070,11:19:52,17.62,0.01,8,14096,买盘
1071,11:19:46,17.61,-0.01,11,20321,卖盘
1072,11:19:32,17.62,-0.01,5,8810,卖盘
1073,11:19:16,17.63,-0.01,62,110293,卖盘
1074,11:19:11,17.64,0.01,16,28224,买盘
1075,11:19:05,17.63,--,0,0,卖盘
1076,11:19:02,17.63,-0.01,13,23588,卖盘
1077,11:18:56,17.64,0.01,22,40430,买盘
1078,11:18:47,17.63,0.02,122,215332,买盘
1079,11:18:41,17.61,-0.01,18,32842,卖盘
1080,11:18:35,17.62,--,1,1762,买盘
1081,11:18:31,17.62,--,75,132414,卖盘
1082,11:18:26,17.62,--,11,19434,卖盘
1083,11:18:16,17.62,--,11,19875,卖盘
1084,11:18:11,17.62,0.01,3,6237,买盘
1085,11:18:05,17.61,-0.01,11,20163,卖盘
1086,11:18:01,17.62,-0.01,24,42288,买盘
1087,11:17:50,17.63,--,0,0,买盘
1088,11:17:46,17.63,--,20,35260,买盘
1089,11:17:41,17.63,--,3,5289,买盘
1090,11:17:26,17.63,--,34,61246,卖盘
1091,11:17:20,17.63,--,2,3526,卖盘
1092,11:17:16,17.63,--,11,20345,卖盘
1093,11:17:05,17.63,0.01,51,91182,买盘
1094,11:17:01,17.62,--,1,1762,卖盘
1095,11:16:56,17.62,--,11,20967,卖盘
1096,11:16:46,17.62,0.02,18,33143,买盘
1097,11:16:41,17.6,-0.01,12,21718,卖盘
1098,11:16:35,17.61,--,8,14088,买盘
1099,11:16:31,17.61,--,40,71355,买盘
1100,11:16:26,17.61,--,29,51069,买盘
1101,11:16:16,17.61,-0.01,56,99566,卖盘
1102,11:16:11,17.62,0.01,27,47574,买盘
1103,11:16:01,17.61,-0.02,7,12327,中性盘
1104,11:15:56,17.63,0.01,55,97247,买盘
1105,11:15:46,17.62,0.01,12,21144,买盘
1106,11:15:41,17.61,0.01,13,22981,买盘
1107,11:15:35,17.6,--,12,22176,卖盘
1108,11:15:26,17.6,-0.01,10,18444,卖盘
1109,11:15:20,17.61,--,18,31698,买盘
1110,11:15:16,17.61,--,65,115609,买盘
1111,11:15:05,17.61,--,5,8805,买盘
1112,11:15:01,17.61,--,47,84052,卖盘
1113,11:14:56,17.61,-0.02,30,52988,卖盘
1114,11:14:41,17.63,--,17,29971,买盘
1115,11:14:35,17.63,--,27,48852,买盘
1116,11:14:26,17.63,0.02,88,155144,买盘
1117,11:14:20,17.61,--,12,22699,卖盘
1118,11:14:11,17.61,--,12,21255,卖盘
1119,11:14:05,17.61,-0.01,12,21677,卖盘
1120,11:13:56,17.62,--,31,54622,买盘
1121,11:13:46,17.62,-0.01,208,366496,卖盘
1122,11:13:41,17.63,--,37,65230,买盘
1123,11:13:35,17.63,--,51,89913,买盘
1124,11:13:31,17.63,-0.01,114,202233,卖盘
1125,11:13:26,17.64,--,20,36691,买盘
1126,11:13:11,17.64,-0.01,6,10584,中性盘
1127,11:13:05,17.65,--,13,23703,买盘
1128,11:12:50,17.65,0.01,41,73424,买盘
1129,11:12:41,17.64,0.01,12,21168,买盘
1130,11:12:35,17.63,--,0,0,卖盘
1131,11:12:26,17.63,--,16,28208,卖盘
1132,11:12:14,17.63,--,0,0,卖盘
1133,11:12:11,17.63,-0.02,60,106943,卖盘
1134,11:12:05,17.65,0.04,104,184813,买盘
1135,11:11:59,17.61,--,2,3522,买盘
1136,11:11:55,17.61,-0.01,30,53763,买盘
1137,11:11:40,17.62,--,0,0,买盘
1138,11:11:35,17.62,--,21,37548,买盘
1139,11:11:25,17.62,0.03,29,52084,买盘
1140,11:11:20,17.59,--,13,23465,卖盘
1141,11:11:10,17.59,-0.02,14,25786,卖盘
1142,11:10:55,17.61,--,0,0,买盘
1143,11:10:50,17.61,0.01,148,260628,买盘
1144,11:10:44,17.6,--,19,34865,卖盘
1145,11:10:35,17.6,--,11,19747,卖盘
1146,11:10:20,17.6,-0.02,12,22422,卖盘
1147,11:10:10,17.62,0.01,31,56119,买盘
1148,11:10:05,17.61,--,26,47141,卖盘
1149,11:09:55,17.61,--,0,0,卖盘
1150,11:09:44,17.61,-0.01,12,21942,卖盘
1151,11:09:40,17.62,0.01,11,20738,买盘
1152,11:09:35,17.61,--,1,1761,中性盘
1153,11:09:29,17.61,--,0,0,卖盘
1154,11:09:25,17.61,-0.01,10,18508,卖盘
1155,11:09:20,17.62,0.01,44,77528,买盘
1156,11:09:05,17.61,--,0,1532,卖盘
1157,11:08:59,17.61,--,16,28404,卖盘
1158,11:08:55,17.61,-0.01,10,17610,卖盘
1159,11:08:50,17.62,0.02,28,50005,买盘
1160,11:08:40,17.6,--,58,103083,卖盘
1161,11:08:35,17.6,--,12,22440,买盘
1162,11:08:25,17.6,--,24,42240,卖盘
1163,11:08:20,17.6,--,11,20979,卖盘
1164,11:08:14,17.6,-0.01,12,21436,买盘
1165,11:08:10,17.61,--,39,68679,买盘
1166,11:08:05,17.61,--,0,0,买盘
1167,11:07:55,17.61,--,22,38742,买盘
1168,11:07:50,17.61,0.01,42,73962,买盘
1169,11:07:44,17.6,-0.01,10,18444,卖盘
1170,11:07:40,17.61,0.01,6,10566,买盘
1171,11:07:35,17.6,0.01,52,91960,买盘
1172,11:07:29,17.59,--,10,19085,卖盘
1173,11:07:20,17.59,-0.01,22,39384,买盘
1174,11:07:10,17.6,0.02,18,31680,买盘
1175,11:07:05,17.58,--,10,17580,买盘
1176,11:06:59,17.58,--,63,111826,卖盘
1177,11:06:55,17.58,--,10,17580,卖盘
1178,11:06:50,17.58,--,2,3515,卖盘
1179,11:06:40,17.58,--,15,27952,卖盘
1180,11:06:35,17.58,--,39,69423,买盘
1181,11:06:29,17.58,--,185,325229,买盘
1182,11:06:25,17.58,--,27,47465,买盘
1183,11:06:14,17.58,-0.02,62,110015,卖盘
1184,11:06:10,17.6,--,12,22352,卖盘
1185,11:06:05,17.6,--,1,1760,卖盘
1186,11:05:59,17.6,-0.02,180,318067,中性盘
1187,11:05:55,17.62,0.02,30,52860,买盘
1188,11:05:50,17.6,-0.01,11,21102,卖盘
1189,11:05:44,17.61,0.03,25,44025,买盘
1190,11:05:35,17.58,-0.04,14,24611,卖盘
1191,11:05:29,17.62,--,0,0,买盘
1192,11:05:20,17.62,--,0,0,买盘
1193,11:05:14,17.62,0.04,19,33478,买盘
1194,11:05:10,17.58,-0.03,610,1072380,卖盘
1195,11:04:55,17.61,-0.02,10,19089,卖盘
1196,11:04:50,17.63,0.02,20,35260,买盘
1197,11:04:44,17.61,--,11,19511,卖盘
1198,11:04:35,17.61,--,11,19846,卖盘
1199,11:04:29,17.61,--,11,20163,卖盘
1200,11:04:20,17.61,-0.01,35,62867,卖盘
1201,11:04:14,17.62,0.01,8,14096,买盘
1202,11:04:08,17.61,--,11,20938,卖盘
1203,11:03:59,17.61,-0.01,12,21255,卖盘
1204,11:03:50,17.62,--,8,14219,卖盘
1205,11:03:44,17.62,--,12,22007,卖盘
1206,11:03:38,17.62,--,15,26430,卖盘
1207,11:03:34,17.62,--,32,56595,买盘
1208,11:03:19,17.62,0.01,10,17620,买盘
1209,11:03:14,17.61,-0.01,24,42264,卖盘
1210,11:03:08,17.62,--,3,5286,卖盘
1211,11:03:04,17.62,0.01,23,40596,买盘
1212,11:02:59,17.61,-0.01,41,72517,卖盘
1213,11:02:49,17.62,--,12,21901,卖盘
1214,11:02:44,17.62,--,1,1762,卖盘
1215,11:02:38,17.62,--,11,20456,卖盘
1216,11:02:34,17.62,0.01,11,20756,买盘
1217,11:02:29,17.61,-0.02,268,471948,卖盘
1218,11:02:14,17.63,--,10,18229,卖盘
1219,11:02:04,17.63,--,12,21861,卖盘
1220,11:01:59,17.63,--,50,88150,卖盘
1221,11:01:53,17.63,-0.01,11,20151,卖盘
1222,11:01:49,17.64,0.01,2,3528,买盘
1223,11:01:44,17.63,--,10,18458,卖盘
1224,11:01:34,17.63,--,10,18899,卖盘
1225,11:01:29,17.63,-0.01,12,21261,卖盘
1226,11:01:23,17.64,--,18,31752,买盘
1227,11:01:08,17.64,--,0,1375,卖盘
1228,11:01:04,17.64,--,5,9208,买盘
1229,11:00:59,17.64,--,10,18451,卖盘
1230,11:00:49,17.64,0.01,10,18592,卖盘
1231,11:00:44,17.63,-0.01,10,18916,卖盘
1232,11:00:38,17.64,0.01,5,10407,买盘
1233,11:00:34,17.63,-0.01,25,45679,卖盘
1234,11:00:29,17.64,0.01,2,3528,买盘
1235,11:00:23,17.63,-0.01,11,19692,卖盘
1236,11:00:19,17.64,0.01,8,14112,买盘
1237,11:00:14,17.63,--,12,21755,卖盘
1238,11:00:04,17.63,0.01,11,20327,卖盘
1239,10:59:59,17.62,-0.02,11,20756,卖盘
1240,10:59:49,17.64,0.01,55,98448,买盘
1241,10:59:44,17.63,--,43,75809,买盘
1242,10:59:34,17.63,-0.01,11,19393,卖盘
1243,10:59:29,17.64,--,227,400657,卖盘
1244,10:59:19,17.64,--,11,20162,卖盘
1245,10:59:14,17.64,--,11,20480,卖盘
1246,10:59:04,17.64,--,11,20868,买盘
1247,10:58:59,17.64,0.03,12,21168,买盘
1248,10:58:53,17.61,--,0,0,卖盘
1249,10:58:49,17.61,--,0,0,卖盘
1250,10:58:44,17.61,-0.03,52,91977,卖盘
1251,10:58:34,17.64,0.01,23,41242,买盘
1252,10:58:29,17.63,--,12,22301,卖盘
1253,10:58:19,17.63,--,10,18564,卖盘
1254,10:58:08,17.63,--,28,50827,买盘
1255,10:58:04,17.63,--,33,58179,买盘
1256,10:57:59,17.63,--,52,91676,买盘
1257,10:57:53,17.63,--,114,201175,卖盘
1258,10:57:49,17.63,--,0,0,卖盘
1259,10:57:44,17.63,-0.01,114,201845,卖盘
1260,10:57:38,17.64,--,19,33516,买盘
1261,10:57:34,17.64,0.01,57,101729,买盘
1262,10:57:23,17.63,-0.01,10,18582,卖盘
1263,10:57:19,17.64,0.01,10,17640,买盘
1264,10:57:14,17.63,--,11,20785,卖盘
1265,10:57:08,17.63,--,10,19357,卖盘
1266,10:57:04,17.63,--,65,115335,买盘
1267,10:56:59,17.63,0.03,30,53172,买盘
1268,10:56:49,17.6,-0.03,17,30624,卖盘
1269,10:56:44,17.63,0.03,47,82861,买盘
1270,10:56:38,17.6,-0.03,74,130240,卖盘
1271,10:56:34,17.63,0.04,16,28208,买盘
1272,10:56:29,17.59,-0.03,403,708877,卖盘
1273,10:56:23,17.62,-0.01,10,19047,卖盘
1274,10:56:17,17.63,--,18,31734,买盘
1275,10:56:14,17.63,0.01,29,51127,买盘
1276,10:56:08,17.62,-0.01,117,206154,卖盘
1277,10:56:02,17.63,0.01,11,19816,卖盘
1278,10:55:52,17.62,--,38,68506,卖盘
1279,10:55:43,17.62,-0.01,10,18412,卖盘
1280,10:55:38,17.63,0.02,12,22266,买盘
1281,10:55:28,17.61,--,17,31504,卖盘
1282,10:55:23,17.61,0.01,271,478692,买盘
1283,10:55:17,17.6,-0.01,11,19483,卖盘
1284,10:55:13,17.61,0.01,198,348678,买盘
1285,10:55:08,17.6,-0.01,45,79939,卖盘
1286,10:55:02,17.61,0.01,6,10566,买盘
1287,10:54:58,17.6,0.01,12,22140,卖盘
1288,10:54:46,17.59,-0.03,3,5277,卖盘
1289,10:54:43,17.62,--,0,0,买盘
1290,10:54:38,17.62,0.03,5,8810,买盘
1291,10:54:28,17.59,-0.04,475,835525,卖盘
1292,10:54:23,17.63,--,0,0,买盘
1293,10:54:13,17.63,0.02,3,5289,买盘
1294,10:54:07,17.61,--,0,0,卖盘
1295,10:54:01,17.61,-0.02,606,1067166,卖盘
1296,10:53:58,17.63,-0.01,10,18599,卖盘
1297,10:53:53,17.64,--,5,8820,买盘
1298,10:53:43,17.64,--,179,316214,卖盘
1299,10:53:37,17.64,-0.01,12,21291,卖盘
1300,10:53:28,17.65,0.01,31,54891,买盘
1301,10:53:22,17.64,-0.01,12,22032,卖盘
1302,10:53:17,17.65,0.01,2,3529,买盘
1303,10:53:13,17.64,--,12,22367,卖盘
1304,10:53:01,17.64,-0.01,10,18751,卖盘
1305,10:52:58,17.65,0.01,300,529500,买盘
1306,10:52:53,17.64,0.01,32,57753,买盘
1307,10:52:43,17.63,--,52,93421,卖盘
1308,10:52:31,17.63,--,11,19710,卖盘
1309,10:52:28,17.63,-0.01,11,20027,卖盘
1310,10:52:22,17.64,0.01,15,26460,买盘
1311,10:52:13,17.63,--,10,18440,卖盘
1312,10:52:07,17.63,-0.01,41,73675,卖盘
1313,10:51:58,17.64,0.01,15,28188,买盘
1314,10:51:52,17.63,-0.01,12,21561,卖盘
1315,10:51:43,17.64,--,29,51491,买盘
1316,10:51:37,17.64,0.01,20,35280,买盘
1317,10:51:31,17.63,-0.01,11,20168,卖盘
1318,10:51:28,17.64,--,6,10584,买盘
1319,10:51:22,17.64,--,6,10584,买盘
1320,10:51:16,17.64,--,163,289049,卖盘
1321,10:51:13,17.64,--,12,22596,卖盘
1322,10:51:01,17.64,--,10,19121,卖盘
1323,10:50:58,17.64,--,11,19545,卖盘
1324,10:50:43,17.64,--,11,19880,卖盘
1325,10:50:37,17.64,-0.01,11,20215,卖盘
1326,10:50:28,17.65,--,12,22433,买盘
1327,10:50:22,17.65,--,16,29793,买盘
1328,10:50:16,17.65,0.01,14,24709,买盘
1329,10:50:13,17.64,--,20,35280,卖盘
1330,10:50:07,17.64,--,12,21291,卖盘
1331,10:50:01,17.64,-0.01,12,21750,卖盘
1332,10:49:58,17.65,0.01,1,1764,买盘
1333,10:49:52,17.64,-0.01,137,242567,卖盘
1334,10:49:46,17.65,0.01,13,24145,买盘
1335,10:49:42,17.64,-0.01,10,17640,卖盘
1336,10:49:37,17.65,0.01,5,8825,买盘
1337,10:49:31,17.64,--,16,29335,卖盘
1338,10:49:28,17.64,--,10,19068,卖盘
1339,10:49:16,17.64,--,10,19368,卖盘
1340,10:49:07,17.64,--,11,19721,卖盘
1341,10:48:57,17.64,--,11,20162,卖盘
1342,10:48:52,17.64,-0.01,16,29300,卖盘
1343,10:48:46,17.65,0.01,10,17650,买盘
1344,10:48:42,17.64,--,11,20779,卖盘
1345,10:48:37,17.64,--,312,550368,卖盘
1346,10:48:31,17.64,--,10,19086,卖盘
1347,10:48:22,17.64,-0.01,11,19545,卖盘
1348,10:48:16,17.65,0.01,2,3529,买盘
1349,10:48:10,17.64,-0.01,12,21908,卖盘
1350,10:48:07,17.65,--,37,66346,买盘
1351,10:47:55,17.65,0.01,3,5295,买盘
1352,10:47:52,17.64,--,22,39637,卖盘
1353,10:47:46,17.64,-0.01,15,27730,卖盘
1354,10:47:40,17.65,--,5,8825,买盘
1355,10:47:37,17.65,--,15,28063,买盘
1356,10:47:31,17.65,--,5,8825,买盘
1357,10:47:25,17.65,--,10,17650,买盘
1358,10:47:22,17.65,--,135,239792,卖盘
1359,10:47:16,17.65,-0.01,30,52949,卖盘
1360,10:47:10,17.66,0.01,7,12362,买盘
1361,10:47:07,17.65,--,21,37982,卖盘
1362,10:47:01,17.65,--,16,29475,卖盘
1363,10:46:52,17.65,--,11,20950,卖盘
1364,10:46:46,17.65,--,5,8825,卖盘
1365,10:46:40,17.65,--,12,21427,卖盘
1366,10:46:37,17.65,--,15,27039,卖盘
1367,10:46:31,17.65,--,43,76936,买盘
1368,10:46:25,17.65,0.01,7,12354,买盘
1369,10:46:22,17.64,--,62,110250,卖盘
1370,10:46:16,17.64,-0.01,21,38067,卖盘
1371,10:46:10,17.65,0.01,3,5295,买盘
1372,10:46:07,17.64,--,1,1764,卖盘
1373,10:46:01,17.64,--,0,0,卖盘
1374,10:45:55,17.64,-0.02,20,35280,卖盘
1375,10:45:52,17.66,0.03,20,35320,买盘
1376,10:45:46,17.63,-0.01,20,35348,卖盘
1377,10:45:40,17.64,-0.02,8,14112,买盘
1378,10:45:37,17.66,0.02,209,369094,买盘
1379,10:45:31,17.64,-0.01,155,274019,卖盘
1380,10:45:22,17.65,--,18,32564,买盘
1381,10:45:16,17.65,0.01,9,15884,买盘
1382,10:45:10,17.64,--,31,55918,卖盘
1383,10:45:07,17.64,-0.01,18,33321,卖盘
1384,10:45:01,17.65,--,1,1764,买盘
1385,10:44:52,17.65,-0.01,225,397548,卖盘
1386,10:44:46,17.66,-0.01,27,48247,卖盘
1387,10:44:40,17.67,--,8,14136,买盘
1388,10:44:31,17.67,--,105,185535,卖盘
1389,10:44:25,17.67,0.01,6,10602,卖盘
1390,10:44:22,17.66,-0.01,190,336811,卖盘
1391,10:44:10,17.67,--,10,19260,卖盘
1392,10:44:01,17.67,-0.01,105,185535,卖盘
1393,10:43:55,17.68,-0.01,94,167641,卖盘
1394,10:43:52,17.69,0.01,37,66036,买盘
1395,10:43:46,17.68,--,10,17680,卖盘
1396,10:43:40,17.68,--,11,20349,卖盘
1397,10:43:37,17.68,-0.01,10,18652,卖盘
1398,10:43:25,17.69,0.01,15,26535,买盘
1399,10:43:22,17.68,--,10,19076,卖盘
1400,10:43:16,17.68,-0.01,2,3536,卖盘
1401,10:43:10,17.69,-0.01,46,81568,卖盘
1402,10:43:07,17.7,--,21,37453,买盘
1403,10:42:51,17.7,0.01,14,24780,卖盘
1404,10:42:46,17.69,-0.02,209,370481,卖盘
1405,10:42:40,17.71,0.01,22,38962,买盘
1406,10:42:36,17.7,--,11,20850,卖盘
1407,10:42:31,17.7,-0.01,60,107633,买盘
1408,10:42:25,17.71,0.01,32,56778,买盘
1409,10:42:16,17.7,--,6,10620,买盘
1410,10:42:10,17.7,-0.01,26,46214,卖盘
1411,10:42:01,17.71,0.01,18,32639,买盘
1412,10:41:55,17.7,-0.01,61,109049,卖盘
1413,10:41:46,17.71,--,31,56406,买盘
1414,10:41:40,17.71,-0.01,12,21252,买盘
1415,10:41:36,17.72,--,0,0,买盘
1416,10:41:31,17.72,-0.02,9,15947,买盘
1417,10:41:25,17.74,--,0,0,买盘
1418,10:41:16,17.74,0.05,13,23061,买盘
1419,10:41:10,17.69,-0.05,22,40067,中性盘
1420,10:41:06,17.74,0.06,179,317546,买盘
1421,10:41:01,17.68,0.01,10,18617,卖盘
1422,10:40:55,17.67,--,0,0,卖盘
1423,10:40:51,17.67,-0.02,36,64990,卖盘
1424,10:40:46,17.69,0.02,100,176900,买盘
1425,10:40:40,17.67,-0.02,2,3534,卖盘
1426,10:40:34,17.69,--,13,23244,买盘
1427,10:40:25,17.69,0.02,26,46860,买盘
1428,10:40:16,17.67,-0.01,26,45942,卖盘
1429,10:40:10,17.68,-0.01,1,1768,买盘
1430,10:40:04,17.69,0.01,17,30073,买盘
1431,10:40:01,17.68,0.01,1,1768,中性盘
1432,10:39:55,17.67,-0.01,28,50854,卖盘
1433,10:39:49,17.68,-0.01,7,12376,买盘
1434,10:39:46,17.69,-0.01,18,31842,买盘
1435,10:39:40,17.7,0.01,33,58410,买盘
1436,10:39:34,17.69,--,17,30073,买盘
1437,10:39:31,17.69,--,1,2494,卖盘
1438,10:39:25,17.69,--,5,8845,卖盘
1439,10:39:19,17.69,0.03,11,20502,卖盘
1440,10:39:16,17.66,-0.04,29,52591,卖盘
1441,10:39:10,17.7,0.03,49,87455,买盘
1442,10:39:04,17.67,--,4,7068,买盘
1443,10:39:01,17.67,-0.01,88,156467,卖盘
1444,10:38:55,17.68,--,12,22064,买盘
1445,10:38:49,17.68,--,17,30056,买盘
1446,10:38:46,17.68,--,46,82017,买盘
1447,10:38:40,17.68,--,45,80585,买盘
1448,10:38:31,17.68,--,17,30056,买盘
1449,10:38:25,17.68,0.02,5,8840,买盘
1450,10:38:19,17.66,-0.02,4,7064,卖盘
1451,10:38:16,17.68,--,23,40664,买盘
1452,10:38:10,17.68,--,21,37128,买盘
1453,10:38:04,17.68,--,56,99008,买盘
1454,10:38:01,17.68,--,48,86596,卖盘
1455,10:37:55,17.68,--,13,23832,卖盘
1456,10:37:49,17.68,--,28,50458,买盘
1457,10:37:46,17.68,--,63,112197,卖盘
1458,10:37:40,17.68,--,41,73248,卖盘
1459,10:37:34,17.68,--,54,96691,卖盘
1460,10:37:31,17.68,--,8,14144,卖盘
1461,10:37:25,17.68,--,121,215200,卖盘
1462,10:37:16,17.68,--,25,45791,卖盘
1463,10:37:10,17.68,--,31,55232,卖盘
1464,10:37:01,17.68,-0.01,32,57336,卖盘
1465,10:36:49,17.69,--,9,15921,买盘
1466,10:36:46,17.69,-0.01,469,829696,卖盘
1467,10:36:40,17.7,--,10,18673,卖盘
1468,10:36:31,17.7,--,10,18974,卖盘
1469,10:36:19,17.7,--,10,19452,卖盘
1470,10:36:16,17.7,--,46,82464,买盘
1471,10:36:10,17.7,0.01,10,17700,买盘
1472,10:36:04,17.69,--,11,20078,卖盘
1473,10:35:55,17.69,--,15,27189,买盘
1474,10:35:49,17.69,-0.01,10,17690,买盘
1475,10:35:46,17.7,0.02,20,35400,买盘
1476,10:35:40,17.68,--,10,17680,卖盘
1477,10:35:34,17.68,-0.01,10,17680,卖盘
1478,10:35:30,17.69,0.01,12,21493,卖盘
1479,10:35:25,17.68,--,0,0,卖盘
1480,10:35:15,17.68,0.01,12,21905,卖盘
1481,10:35:10,17.67,-0.01,12,22228,卖盘
1482,10:35:04,17.68,0.01,5,10095,买盘
1483,10:35:00,17.67,--,11,19437,卖盘
1484,10:34:55,17.67,--,100,177742,卖盘
1485,10:34:49,17.67,-0.04,10,17670,卖盘
1486,10:34:45,17.71,0.02,49,86779,买盘
1487,10:34:40,17.69,--,0,0,买盘
1488,10:34:34,17.69,-0.01,14,24766,卖盘
1489,10:34:19,17.7,-0.02,7,12797,卖盘
1490,10:34:15,17.72,0.02,6,10632,买盘
1491,10:34:04,17.7,-0.02,155,276084,卖盘
1492,10:34:00,17.72,0.01,6,10632,中性盘
1493,10:33:49,17.71,--,29,52333,卖盘
1494,10:33:45,17.71,--,20,35420,卖盘
1495,10:33:40,17.71,--,14,25041,卖盘
1496,10:33:34,17.71,-0.01,11,20065,中性盘
1497,10:33:30,17.72,--,3,5316,买盘
1498,10:33:25,17.72,0.01,23,40756,买盘
1499,10:33:19,17.71,-0.01,132,233772,卖盘
1500,10:33:15,17.72,-0.01,131,233496,卖盘
1501,10:33:04,17.73,0.01,2,3546,买盘
1502,10:32:55,17.72,-0.02,10,17720,卖盘
1503,10:32:49,17.74,0.01,3,5321,买盘
1504,10:32:40,17.73,-0.01,46,83277,卖盘
1505,10:32:34,17.74,0.01,11,20259,卖盘
1506,10:32:25,17.73,--,161,286499,卖盘
1507,10:32:19,17.73,-0.01,23,40814,中性盘
1508,10:32:13,17.74,--,30,53219,买盘
1509,10:32:10,17.74,-0.01,152,269648,买盘
1510,10:31:58,17.75,0.01,3,5325,买盘
1511,10:31:55,17.74,-0.01,163,289836,卖盘
1512,10:31:49,17.75,--,3,5325,买盘
1513,10:31:43,17.75,--,0,0,买盘
1514,10:31:40,17.75,--,33,58575,买盘
1515,10:31:34,17.75,-0.02,29,51475,买盘
1516,10:31:28,17.77,--,25,44425,买盘
1517,10:31:25,17.77,0.02,57,101289,买盘
1518,10:31:19,17.75,--,415,738169,买盘
1519,10:31:13,17.75,0.01,4,7100,买盘
1520,10:31:10,17.74,0.01,64,113766,买盘
1521,10:31:04,17.73,-0.01,18,32445,卖盘
1522,10:30:55,17.74,--,14,24835,买盘
1523,10:30:49,17.74,-0.01,26,46123,中性盘
1524,10:30:43,17.75,--,24,42600,买盘
1525,10:30:40,17.75,0.01,205,363875,买盘
1526,10:30:34,17.74,-0.01,30,53219,买盘
1527,10:30:28,17.75,0.01,36,63900,买盘
1528,10:30:25,17.74,0.01,44,78056,买盘
1529,10:30:19,17.73,-0.01,14,24822,中性盘
1530,10:30:13,17.74,0.05,2,3547,买盘
1531,10:30:10,17.69,-0.05,29,51301,卖盘
1532,10:30:04,17.74,-0.01,5,8870,中性盘
1533,10:29:58,17.75,--,3,5325,买盘
1534,10:29:55,17.75,--,60,106500,买盘
1535,10:29:49,17.75,-0.01,104,186144,卖盘
1536,10:29:43,17.76,--,15,26640,买盘
1537,10:29:40,17.76,--,73,129665,买盘
1538,10:29:34,17.76,--,3,5328,买盘
1539,10:29:28,17.76,0.01,2,3552,买盘
1540,10:29:25,17.75,0.09,848,1505413,买盘
1541,10:29:19,17.66,0.01,66,117227,买盘
1542,10:29:10,17.65,-0.01,13,23668,卖盘
1543,10:29:04,17.66,--,21,38233,买盘
1544,10:28:49,17.66,--,3,5298,买盘
1545,10:28:43,17.66,-0.01,5,10295,卖盘
1546,10:28:39,17.67,0.01,15,26505,买盘
1547,10:28:34,17.66,--,15,26984,卖盘
1548,10:28:24,17.66,-0.01,20,36114,卖盘
1549,10:28:09,17.67,--,64,113088,买盘
1550,10:28:04,17.67,--,197,349070,卖盘
1551,10:27:58,17.67,-0.01,20,36700,卖盘
1552,10:27:54,17.68,0.01,103,182104,买盘
1553,10:27:49,17.67,-0.01,13,24631,卖盘
1554,10:27:43,17.68,--,4,7072,买盘
1555,10:27:39,17.68,--,2,3536,买盘
1556,10:27:34,17.68,--,30,54684,卖盘
1557,10:27:28,17.68,--,11,20119,卖盘
1558,10:27:24,17.68,--,16,28288,卖盘
1559,10:27:19,17.68,--,74,132051,买盘
1560,10:27:13,17.68,--,48,86172,买盘
1561,10:27:09,17.68,--,18,31824,买盘
1562,10:27:04,17.68,--,28,49504,买盘
1563,10:26:58,17.68,--,5,8840,买盘
1564,10:26:43,17.68,--,167,295715,卖盘
1565,10:26:39,17.68,-0.01,11,20155,卖盘
1566,10:26:34,17.69,0.01,33,58377,买盘
1567,10:26:28,17.68,-0.01,11,20473,卖盘
1568,10:26:19,17.69,--,34,61490,买盘
1569,10:26:13,17.69,--,109,192821,买盘
1570,10:26:09,17.69,--,14,24783,买盘
1571,10:26:04,17.69,-0.01,19,33964,中性盘
1572,10:25:58,17.7,0.01,25,45258,买盘
1573,10:25:54,17.69,0.01,36,63684,买盘
1574,10:25:49,17.68,--,22,39567,卖盘
1575,10:25:43,17.68,--,11,20172,卖盘
1576,10:25:34,17.68,--,10,18440,卖盘
1577,10:25:28,17.68,0.01,209,369512,买盘
1578,10:25:24,17.67,--,45,80610,买盘
1579,10:25:19,17.67,--,13,22971,买盘
1580,10:25:13,17.67,--,27,49263,买盘
1581,10:25:09,17.67,0.01,2,3534,买盘
1582,10:25:04,17.66,--,41,72511,卖盘
1583,10:24:58,17.66,0.01,162,287646,买盘
1584,10:24:52,17.65,--,33,58244,买盘
1585,10:24:49,17.65,0.01,3,5295,卖盘
1586,10:24:43,17.64,--,20,35280,卖盘
1587,10:24:37,17.64,-0.02,11,20603,卖盘
1588,10:24:34,17.66,0.02,320,565120,买盘
1589,10:24:28,17.64,--,85,150363,买盘
1590,10:24:22,17.64,--,4,7056,买盘
1591,10:24:19,17.64,-0.01,11,20391,卖盘
1592,10:24:13,17.65,--,14,24939,买盘
1593,10:24:07,17.65,0.01,63,111742,买盘
1594,10:24:03,17.64,--,84,148863,买盘
1595,10:23:58,17.64,--,67,118188,买盘
1596,10:23:52,17.64,--,3,5292,买盘
1597,10:23:48,17.64,--,22,38808,买盘
1598,10:23:43,17.64,0.01,3,5292,中性盘
1599,10:23:33,17.63,-0.01,60,105780,卖盘
1600,10:23:28,17.64,0.01,93,164369,买盘
1601,10:23:18,17.63,--,12,21632,卖盘
1602,10:23:07,17.63,-0.01,13,23729,卖盘
1603,10:23:03,17.64,--,105,185220,买盘
1604,10:22:58,17.64,0.01,31,55724,买盘
1605,10:22:52,17.63,--,7,12341,买盘
1606,10:22:48,17.63,--,20,35260,买盘
1607,10:22:43,17.63,-0.01,2,3526,中性盘
1608,10:22:37,17.64,0.02,208,366912,买盘
1609,10:22:33,17.62,-0.01,38,67414,卖盘
1610,10:22:22,17.63,--,11,20010,卖盘
1611,10:22:18,17.63,--,18,32139,买盘
1612,10:22:13,17.63,--,1,1763,买盘
1613,10:22:07,17.63,-0.01,4,7052,买盘
1614,10:22:03,17.64,0.02,2,3528,买盘
1615,10:21:58,17.62,-0.01,13,24615,卖盘
1616,10:21:52,17.63,--,7,12817,买盘
1617,10:21:48,17.63,--,4,7052,买盘
1618,10:21:43,17.63,--,12,21279,卖盘
1619,10:21:33,17.63,--,9,15867,卖盘
1620,10:21:28,17.63,--,12,22055,卖盘
1621,10:21:18,17.63,--,42,75280,卖盘
1622,10:21:13,17.63,--,12,22442,卖盘
1623,10:21:03,17.63,--,10,18969,卖盘
1624,10:20:58,17.63,--,1,1763,卖盘
1625,10:20:52,17.63,--,11,19410,卖盘
1626,10:20:43,17.63,-0.01,19,33849,卖盘
1627,10:20:37,17.64,0.01,3,5292,买盘
1628,10:20:33,17.63,-0.01,11,20062,卖盘
1629,10:20:28,17.64,0.01,14,25683,买盘
1630,10:20:22,17.63,--,2,3526,卖盘
1631,10:20:18,17.63,--,21,38433,卖盘
1632,10:20:13,17.63,--,16,28208,卖盘
1633,10:19:58,17.63,--,12,21473,卖盘
1634,10:19:52,17.63,--,1,1763,卖盘
1635,10:19:48,17.63,--,11,19763,卖盘
1636,10:19:43,17.63,--,22,39738,卖盘
1637,10:19:37,17.63,--,48,85241,买盘
1638,10:19:33,17.63,--,51,90776,买盘
1639,10:19:28,17.63,0.01,1,1763,买盘
1640,10:19:22,17.62,-0.01,10,18800,卖盘
1641,10:19:13,17.63,--,11,19393,买盘
1642,10:19:07,17.63,--,18,32615,卖盘
1643,10:19:03,17.63,--,134,236435,卖盘
1644,10:18:58,17.63,--,61,108054,卖盘
1645,10:18:52,17.63,--,55,96965,卖盘
1646,10:18:48,17.63,--,11,20221,卖盘
1647,10:18:43,17.63,--,11,20662,卖盘
1648,10:18:33,17.63,-0.01,10,17630,卖盘
1649,10:18:28,17.64,--,13,24537,买盘
1650,10:18:13,17.64,--,11,20268,卖盘
1651,10:18:07,17.64,-0.01,44,78515,卖盘
1652,10:17:58,17.65,0.01,208,367119,买盘
1653,10:17:48,17.64,--,0,0,买盘
1654,10:17:43,17.64,--,10,17640,买盘
1655,10:17:37,17.64,--,7,12348,买盘
1656,10:17:33,17.64,--,2,3528,买盘
1657,10:17:28,17.64,-0.01,53,94197,卖盘
1658,10:17:22,17.65,--,78,138287,买盘
1659,10:17:18,17.65,0.01,10,17650,买盘
1660,10:17:13,17.64,--,36,63945,买盘
1661,10:17:07,17.64,0.02,4,7056,买盘
1662,10:16:58,17.62,-0.02,10,18465,卖盘
1663,10:16:52,17.64,0.01,200,352800,买盘
1664,10:16:46,17.63,--,23,40549,买盘
1665,10:16:43,17.63,--,125,221309,卖盘
1666,10:16:31,17.63,--,11,19551,卖盘
1667,10:16:28,17.63,--,30,52890,卖盘
1668,10:16:22,17.63,--,34,60418,卖盘
1669,10:16:13,17.63,--,47,83654,卖盘
1670,10:16:07,17.63,--,12,22407,卖盘
1671,10:16:01,17.63,-0.01,1,1763,卖盘
1672,10:15:57,17.64,--,31,56253,买盘
1673,10:15:46,17.64,--,29,51261,买盘
1674,10:15:42,17.64,--,3,5292,买盘
1675,10:15:37,17.64,--,6,10584,买盘
1676,10:15:31,17.64,--,2,3528,买盘
1677,10:15:27,17.64,--,58,102312,卖盘
1678,10:15:22,17.64,--,15,27677,卖盘
1679,10:15:12,17.64,--,20,36250,卖盘
1680,10:15:07,17.64,--,1,3228,卖盘
1681,10:15:01,17.64,--,10,19068,卖盘
1682,10:14:57,17.64,--,12,22614,卖盘
1683,10:14:52,17.64,0.02,91,160753,买盘
1684,10:14:46,17.62,-0.01,3,5286,卖盘
1685,10:14:42,17.63,--,117,206588,买盘
1686,10:14:37,17.63,--,10,17630,买盘
1687,10:14:27,17.63,-0.01,7,13293,卖盘
1688,10:14:22,17.64,0.01,3,5292,买盘
1689,10:14:16,17.63,--,15,27573,卖盘
1690,10:14:07,17.63,-0.01,10,19075,卖盘
1691,10:14:01,17.64,--,3,5292,买盘
1692,10:13:57,17.64,--,4,7056,买盘
1693,10:13:52,17.64,-0.01,5,8820,中性盘
1694,10:13:46,17.65,--,12,21180,买盘
1695,10:13:42,17.65,0.02,33,58262,买盘
1696,10:13:37,17.63,-0.01,11,20168,卖盘
1697,10:13:31,17.64,0.01,17,31205,买盘
1698,10:13:27,17.63,--,15,26445,卖盘
1699,10:13:22,17.63,--,27,49117,卖盘
1700,10:13:16,17.63,-0.01,50,88150,卖盘
1701,10:13:12,17.64,--,1,1764,买盘
1702,10:13:07,17.64,-0.02,2,3528,中性盘
1703,10:13:01,17.66,0.01,25,44150,买盘
1704,10:12:52,17.65,-0.01,30,53956,卖盘
1705,10:12:46,17.66,0.01,13,24123,买盘
1706,10:12:42,17.65,--,5,8825,卖盘
1707,10:12:37,17.65,0.01,88,156679,买盘
1708,10:12:27,17.64,-0.01,9,15876,卖盘
1709,10:12:16,17.65,--,54,96280,卖盘
1710,10:12:12,17.65,--,33,58509,卖盘
1711,10:12:07,17.65,--,26,45889,卖盘
1712,10:11:57,17.65,-0.01,30,53832,卖盘
1713,10:11:52,17.66,0.01,80,141280,买盘
1714,10:11:42,17.65,-0.01,221,390064,卖盘
1715,10:11:37,17.66,0.01,20,35320,买盘
1716,10:11:31,17.65,--,13,22944,卖盘
1717,10:11:27,17.65,-0.01,10,17650,卖盘
1718,10:11:22,17.66,0.01,102,181544,买盘
1719,10:11:12,17.65,--,2,3529,买盘
1720,10:11:07,17.65,--,53,93897,卖盘
1721,10:11:01,17.65,--,2,3529,卖盘
1722,10:10:57,17.65,--,19,33535,卖盘
1723,10:10:52,17.65,--,11,20827,买盘
1724,10:10:46,17.65,0.03,2,3529,买盘
1725,10:10:42,17.62,-0.03,3,5286,卖盘
1726,10:10:37,17.65,--,4,7059,买盘
1727,10:10:31,17.65,--,8,14119,买盘
1728,10:10:27,17.65,0.01,10,17650,买盘
1729,10:10:22,17.64,-0.01,4,7056,中性盘
1730,10:10:16,17.65,--,65,114724,买盘
1731,10:10:07,17.65,0.01,4,7059,买盘
1732,10:10:01,17.64,-0.01,51,89964,买盘
1733,10:09:57,17.65,--,0,0,买盘
1734,10:09:52,17.65,0.02,3,5295,买盘
1735,10:09:46,17.63,-0.02,9,15867,卖盘
1736,10:09:42,17.65,0.01,100,176500,买盘
1737,10:09:27,17.64,--,2,3528,买盘
1738,10:09:22,17.64,0.01,2,3528,买盘
1739,10:09:16,17.63,0.01,4,7052,卖盘
1740,10:09:07,17.62,-0.01,5,8810,卖盘
1741,10:09:01,17.63,--,7,12341,买盘
1742,10:08:46,17.63,--,7,12341,买盘
1743,10:08:37,17.63,--,1,1763,买盘
1744,10:08:31,17.63,-0.02,15,26445,卖盘
1745,10:08:22,17.65,0.01,22,38830,买盘
1746,10:08:06,17.64,-0.01,13,22932,买盘
1747,10:08:01,17.65,0.02,50,88250,买盘
1748,10:07:51,17.63,--,12,21156,买盘
1749,10:07:46,17.63,--,3,5289,买盘
1750,10:07:36,17.63,--,14,24682,买盘
1751,10:07:31,17.63,-0.02,14,24682,买盘
1752,10:07:21,17.65,--,0,0,买盘
1753,10:07:16,17.65,0.03,220,388299,买盘
1754,10:07:10,17.62,0.01,33,58146,买盘
1755,10:07:06,17.61,-0.03,64,112704,卖盘
1756,10:07:01,17.64,--,0,0,买盘
1757,10:06:55,17.64,0.03,12,21168,买盘
1758,10:06:51,17.61,-0.03,50,88050,卖盘
1759,10:06:46,17.64,--,14,24696,买盘
1760,10:06:36,17.64,0.01,21,37044,买盘
1761,10:06:31,17.63,--,16,28208,买盘
1762,10:06:25,17.63,--,0,0,买盘
1763,10:06:21,17.63,--,18,31734,买盘
1764,10:06:16,17.63,--,13,22919,买盘
1765,10:06:10,17.63,0.02,6,10578,买盘
1766,10:06:06,17.61,--,32,56352,卖盘
1767,10:06:01,17.61,--,21,36981,卖盘
1768,10:05:51,17.61,-0.02,34,59874,卖盘
1769,10:05:46,17.63,0.01,17,29971,买盘
1770,10:05:40,17.62,0.01,9,15858,买盘
1771,10:05:36,17.61,-0.01,26,45786,卖盘
1772,10:05:31,17.62,--,37,65194,买盘
1773,10:05:25,17.62,--,18,31716,买盘
1774,10:05:21,17.62,0.01,12,21144,买盘
1775,10:05:16,17.61,-0.01,70,124731,卖盘
1776,10:05:10,17.62,0.01,27,47574,买盘
1777,10:05:06,17.61,-0.01,33,58113,卖盘
1778,10:05:01,17.62,-0.02,1,1762,买盘
1779,10:04:55,17.64,--,0,0,买盘
1780,10:04:51,17.64,0.01,92,162288,买盘
1781,10:04:46,17.63,--,2,3526,买盘
1782,10:04:40,17.63,--,162,285606,买盘
1783,10:04:36,17.63,0.01,7,12341,买盘
1784,10:04:31,17.62,-0.01,1,3224,卖盘
1785,10:04:25,17.63,--,2,3526,买盘
1786,10:04:21,17.63,--,6,10578,买盘
1787,10:04:16,17.63,-0.01,17,30288,卖盘
1788,10:04:06,17.64,0.01,23,40572,买盘
1789,10:03:55,17.63,-0.01,1,1763,卖盘
1790,10:03:51,17.64,--,11,19404,买盘
1791,10:03:46,17.64,--,15,26460,买盘
1792,10:03:40,17.64,--,3,5292,买盘
1793,10:03:36,17.64,0.01,30,54366,买盘
1794,10:03:31,17.63,--,5,8815,中性盘
1795,10:03:25,17.63,--,9,15867,卖盘
1796,10:03:21,17.63,-0.01,12,21156,中性盘
1797,10:03:15,17.64,0.02,44,79062,买盘
1798,10:03:10,17.62,-0.01,23,41653,卖盘
1799,10:03:01,17.63,--,13,22919,买盘
1800,10:02:55,17.63,--,92,162196,买盘
1801,10:02:45,17.63,--,18,31734,买盘
1802,10:02:31,17.63,--,34,59942,买盘
1803,10:02:25,17.63,-0.01,51,89913,卖盘
1804,10:02:16,17.64,--,32,56448,买盘
1805,10:02:10,17.64,--,17,29988,买盘
1806,10:02:05,17.64,0.02,3,5292,买盘
1807,10:02:00,17.62,-0.02,31,56066,卖盘
1808,10:01:55,17.64,--,8,14112,买盘
1809,10:01:51,17.64,0.02,6,10584,买盘
1810,10:01:45,17.62,-0.02,5,8810,卖盘
1811,10:01:40,17.64,0.01,16,28224,买盘
1812,10:01:34,17.63,--,11,19393,买盘
1813,10:01:30,17.63,--,2,3526,买盘
1814,10:01:25,17.63,-0.01,13,22919,中性盘
1815,10:01:19,17.64,--,7,12348,买盘
1816,10:01:15,17.64,-0.01,13,22932,买盘
1817,10:01:00,17.65,--,3,5295,买盘
1818,10:00:55,17.65,0.01,25,44125,买盘
1819,10:00:49,17.64,--,3,5292,买盘
1820,10:00:45,17.64,-0.01,8,14112,买盘
1821,10:00:40,17.65,0.04,24,42360,买盘
1822,10:00:34,17.61,-0.04,20,35220,卖盘
1823,10:00:30,17.65,0.02,24,42360,买盘
1824,10:00:25,17.63,-0.02,11,19393,卖盘
1825,10:00:19,17.65,0.02,20,35300,买盘
1826,10:00:15,17.63,--,10,17630,卖盘
1827,10:00:10,17.63,--,1,1763,卖盘
1828,10:00:04,17.63,0.01,25,45520,买盘
1829,09:59:45,17.62,-0.01,5,8810,卖盘
1830,09:59:34,17.63,--,10,17630,买盘
1831,09:59:30,17.63,0.02,9,15867,买盘
1832,09:59:25,17.61,-0.01,10,17610,卖盘
1833,09:59:15,17.62,0.01,85,149770,买盘
1834,09:59:10,17.61,--,14,24654,卖盘
1835,09:58:55,17.61,-0.01,22,38742,卖盘
1836,09:58:45,17.62,--,2,3524,买盘
1837,09:58:40,17.62,--,10,17620,买盘
1838,09:58:30,17.62,--,22,38764,买盘
1839,09:58:25,17.62,0.01,28,49336,买盘
1840,09:58:10,17.61,-0.02,12,21132,卖盘
1841,09:57:55,17.63,--,42,74363,卖盘
1842,09:57:45,17.63,--,11,20838,卖盘
1843,09:57:30,17.63,-0.02,5,8815,买盘
1844,09:57:24,17.65,--,0,0,买盘
1845,09:57:04,17.65,0.05,40,70600,买盘
1846,09:56:54,17.6,-0.02,1,1760,卖盘
1847,09:56:45,17.62,0.02,28,49336,买盘
1848,09:56:39,17.6,--,440,774400,买盘
1849,09:56:30,17.6,0.01,45,79200,买盘
1850,09:56:24,17.59,-0.01,10,17590,卖盘
1851,09:56:15,17.6,-0.03,315,554400,卖盘
1852,09:56:09,17.63,-0.01,1,1763,买盘
1853,09:56:04,17.64,--,0,0,买盘
1854,09:56:00,17.64,--,51,89964,卖盘
1855,09:55:54,17.64,--,34,59976,卖盘
1856,09:55:45,17.64,-0.01,6,10584,卖盘
1857,09:55:34,17.65,0.01,115,202974,买盘
1858,09:55:24,17.64,-0.01,63,111132,买盘
1859,09:55:09,17.65,--,0,0,买盘
1860,09:55:04,17.65,0.01,20,35300,买盘
1861,09:54:59,17.64,0.01,25,44100,买盘
1862,09:54:54,17.63,-0.01,25,44075,卖盘
1863,09:54:49,17.64,--,5,8820,买盘
1864,09:54:44,17.64,--,0,0,买盘
1865,09:54:39,17.64,0.01,121,213444,买盘
1866,09:54:34,17.63,--,27,47601,买盘
1867,09:54:29,17.63,0.01,12,21156,买盘
1868,09:54:24,17.62,--,83,146246,买盘
1869,09:54:19,17.62,--,75,132150,买盘
1870,09:54:14,17.62,--,0,0,买盘
1871,09:54:09,17.62,0.02,102,179724,买盘
1872,09:54:04,17.6,-0.01,23,40480,卖盘
1873,09:53:58,17.61,--,14,24654,买盘
1874,09:53:54,17.61,0.01,139,244779,买盘
1875,09:53:49,17.6,--,72,126720,买盘
1876,09:53:39,17.6,--,6,10560,买盘
1877,09:53:34,17.6,--,2,3520,买盘
1878,09:53:28,17.6,--,40,70400,买盘
1879,09:53:24,17.6,0.01,2,3520,买盘
1880,09:53:09,17.59,-0.01,42,73878,卖盘
1881,09:53:04,17.6,--,20,35200,买盘
1882,09:52:58,17.6,--,3,5280,买盘
1883,09:52:54,17.6,0.01,4,7040,买盘
1884,09:52:43,17.59,--,24,42216,卖盘
1885,09:52:39,17.59,--,23,40457,买盘
1886,09:52:34,17.59,0.01,11,19349,买盘
1887,09:52:28,17.58,0.01,2,3515,买盘
1888,09:52:24,17.57,-0.01,123,216111,卖盘
1889,09:52:19,17.58,--,1,1757,买盘
1890,09:52:09,17.58,0.01,10,17580,买盘
1891,09:52:04,17.57,--,9,15813,卖盘
1892,09:51:58,17.57,-0.01,8,14056,卖盘
1893,09:51:49,17.58,--,8,14063,卖盘
1894,09:51:43,17.58,--,3,5273,买盘
1895,09:51:39,17.58,--,14,24611,卖盘
1896,09:51:34,17.58,-0.01,102,179315,卖盘
1897,09:51:19,17.59,0.01,20,35180,买盘
1898,09:51:13,17.58,-0.01,341,599478,卖盘
1899,09:51:04,17.59,-0.01,4,7036,卖盘
1900,09:50:49,17.6,0.02,14,24640,买盘
1901,09:50:43,17.58,--,0,0,卖盘
1902,09:50:39,17.58,-0.01,113,198653,卖盘
1903,09:50:33,17.59,-0.01,3,5277,卖盘
1904,09:50:28,17.6,0.01,2,3520,买盘
1905,09:50:24,17.59,--,10,17590,卖盘
1906,09:50:18,17.59,--,38,66842,卖盘
1907,09:50:13,17.59,-0.01,20,35180,卖盘
1908,09:50:03,17.6,--,24,42240,买盘
1909,09:49:58,17.6,-0.02,3,5280,卖盘
1910,09:49:54,17.62,0.01,22,38764,买盘
1911,09:49:48,17.61,--,22,38742,买盘
1912,09:49:43,17.61,0.02,23,40503,买盘
1913,09:49:39,17.59,--,1,3201,卖盘
1914,09:49:33,17.59,-0.01,10,19032,卖盘
1915,09:49:28,17.6,--,3,5280,买盘
1916,09:49:24,17.6,0.01,4,7040,买盘
1917,09:49:18,17.59,-0.01,10,17590,卖盘
1918,09:49:13,17.6,0.01,2,3520,买盘
1919,09:49:09,17.59,0.01,10,17590,卖盘
1920,09:49:03,17.58,--,0,0,卖盘
1921,09:48:58,17.58,-0.01,54,94931,卖盘
1922,09:48:54,17.59,--,0,0,卖盘
1923,09:48:48,17.59,-0.02,53,93227,卖盘
1924,09:48:43,17.61,--,26,45786,买盘
1925,09:48:39,17.61,--,30,52830,买盘
1926,09:48:33,17.61,0.02,14,24654,买盘
1927,09:48:28,17.59,-0.01,41,72119,卖盘
1928,09:48:24,17.6,-0.01,3,5280,卖盘
1929,09:48:08,17.61,--,5,8805,买盘
1930,09:48:03,17.61,--,2,3522,买盘
1931,09:47:58,17.61,--,16,28176,买盘
1932,09:47:53,17.61,0.01,90,158490,买盘
1933,09:47:48,17.6,--,23,40480,买盘
1934,09:47:43,17.6,0.01,25,44000,买盘
1935,09:47:38,17.59,--,55,96745,买盘
1936,09:47:33,17.59,0.01,22,38698,买盘
1937,09:47:28,17.58,--,11,19337,买盘
1938,09:47:23,17.58,0.01,20,35160,买盘
1939,09:47:18,17.57,--,8,14056,中性盘
1940,09:47:13,17.57,--,0,0,买盘
1941,09:47:08,17.57,--,20,35140,买盘
1942,09:47:03,17.57,--,30,52710,买盘
1943,09:46:58,17.57,--,10,17570,买盘
1944,09:46:43,17.57,--,20,35140,买盘
1945,09:46:38,17.57,-0.01,81,142317,中性盘
1946,09:46:33,17.58,--,33,58013,买盘
1947,09:46:28,17.58,--,3,5273,买盘
1948,09:46:23,17.58,--,10,17580,买盘
1949,09:46:18,17.58,0.02,23,40433,买盘
1950,09:46:13,17.56,-0.02,3,5268,卖盘
1951,09:46:08,17.58,--,4,7031,卖盘
1952,09:46:03,17.58,--,24,42191,卖盘
1953,09:45:58,17.58,0.02,7,12305,买盘
1954,09:45:52,17.56,-0.02,30,52679,卖盘
1955,09:45:43,17.58,--,3,6715,买盘
1956,09:45:37,17.58,0.01,22,38675,买盘
1957,09:45:33,17.57,0.01,14,24598,买盘
1958,09:45:28,17.56,0.02,158,279098,买盘
1959,09:45:22,17.54,--,7,12278,买盘
1960,09:44:58,17.54,--,3,5262,买盘
1961,09:44:48,17.54,-0.02,160,281411,卖盘
1962,09:44:43,17.56,--,23,41827,买盘
1963,09:44:37,17.56,0.01,100,175600,买盘
1964,09:44:28,17.55,--,22,38610,卖盘
1965,09:44:18,17.55,--,14,24570,卖盘
1966,09:44:13,17.55,--,11,19305,卖盘
1967,09:44:07,17.55,--,1,1755,卖盘
1968,09:44:03,17.55,-0.01,10,17550,卖盘
1969,09:43:58,17.56,--,0,0,买盘
1970,09:43:52,17.56,0.01,27,47412,买盘
1971,09:43:48,17.55,--,7,12285,买盘
1972,09:43:42,17.55,--,77,136714,卖盘
1973,09:43:37,17.55,-0.01,4,8459,卖盘
1974,09:43:33,17.56,--,14,25216,卖盘
1975,09:43:27,17.56,0.01,9,16611,买盘
1976,09:43:18,17.55,--,3,6388,卖盘
1977,09:43:12,17.55,-0.02,44,77535,卖盘
1978,09:43:07,17.57,0.01,21,38337,买盘
1979,09:43:03,17.56,--,1,3195,卖盘
1980,09:42:57,17.56,0.02,85,150699,买盘
1981,09:42:48,17.54,-0.02,15,27432,卖盘
1982,09:42:42,17.56,0.01,1,1755,买盘
1983,09:42:37,17.55,--,1,3194,卖盘
1984,09:42:27,17.55,-0.01,2,3510,卖盘
1985,09:42:22,17.56,--,18,31607,买盘
1986,09:42:18,17.56,0.01,11,20755,买盘
1987,09:42:12,17.55,0.01,3,5265,买盘
1988,09:42:07,17.54,-0.03,1,3192,卖盘
1989,09:42:03,17.57,0.03,39,68523,买盘
1990,09:41:57,17.54,--,23,41780,卖盘
1991,09:41:52,17.54,-0.02,8,14032,卖盘
1992,09:41:48,17.56,--,47,83480,卖盘
1993,09:41:33,17.56,--,3,6391,卖盘
1994,09:41:27,17.56,--,11,19316,卖盘
1995,09:41:22,17.56,-0.01,30,52679,卖盘
1996,09:41:17,17.57,--,54,94878,买盘
1997,09:41:12,17.57,-0.02,4,8468,买盘
1998,09:41:07,17.59,--,0,0,买盘
1999,09:41:03,17.59,--,14,24626,买盘
2000,09:40:57,17.59,--,25,43975,买盘
2001,09:40:48,17.59,--,74,130166,买盘
2002,09:40:42,17.59,-0.01,162,285591,卖盘
2003,09:40:37,17.6,0.01,24,42240,买盘
2004,09:40:32,17.59,-0.01,28,50694,卖盘
2005,09:40:27,17.6,--,40,70400,买盘
2006,09:40:12,17.6,-0.01,71,124960,买盘
2007,09:40:07,17.61,0.01,125,220125,买盘
2008,09:40:02,17.6,-0.01,38,66880,卖盘
2009,09:39:57,17.61,0.01,5,8805,买盘
2010,09:39:52,17.6,--,31,54560,卖盘
2011,09:39:47,17.6,--,12,21120,卖盘
2012,09:39:42,17.6,-0.01,10,17600,卖盘
2013,09:39:37,17.61,0.01,18,31698,买盘
2014,09:39:32,17.6,--,11,19360,卖盘
2015,09:39:27,17.6,--,20,35200,卖盘
2016,09:39:22,17.6,-0.01,57,100320,卖盘
2017,09:39:17,17.61,0.01,22,38742,买盘
2018,09:39:12,17.6,--,93,163680,卖盘
2019,09:39:07,17.6,-0.01,5,8800,卖盘
2020,09:39:02,17.61,0.01,20,35220,买盘
2021,09:38:57,17.6,--,11,19360,卖盘
2022,09:38:52,17.6,-0.01,5,8800,卖盘
2023,09:38:42,17.61,--,34,59874,卖盘
2024,09:38:37,17.61,--,112,197232,卖盘
2025,09:38:32,17.61,--,43,75723,卖盘
2026,09:38:27,17.61,--,12,21132,卖盘
2027,09:38:22,17.61,-0.01,8,14088,买盘
2028,09:38:17,17.62,--,0,0,买盘
2029,09:38:12,17.62,0.02,26,45812,买盘
2030,09:38:07,17.6,-0.03,92,161920,卖盘
2031,09:37:57,17.63,--,3,5289,买盘
2032,09:37:52,17.63,0.03,48,84624,买盘
2033,09:37:46,17.6,--,9,15840,卖盘
2034,09:37:42,17.6,-0.02,51,89760,卖盘
2035,09:37:37,17.62,--,15,26430,买盘
2036,09:37:31,17.62,0.02,31,54622,买盘
2037,09:37:27,17.6,0.01,42,73920,买盘
2038,09:37:22,17.59,-0.01,13,24309,卖盘
2039,09:37:16,17.6,--,10,17600,买盘
2040,09:37:12,17.6,--,2,3520,买盘
2041,09:37:07,17.6,0.01,85,149600,买盘
2042,09:36:57,17.59,0.02,177,311343,买盘
2043,09:36:51,17.57,-0.01,15,26355,买盘
2044,09:36:42,17.58,--,21,36918,买盘
2045,09:36:36,17.58,0.01,43,75593,买盘
2046,09:36:31,17.57,-0.01,1,1757,卖盘
2047,09:36:27,17.58,--,4,7031,买盘
2048,09:36:21,17.58,--,56,98447,卖盘
2049,09:36:16,17.58,-0.01,2,3515,卖盘
2050,09:36:12,17.59,--,53,93227,买盘
2051,09:36:06,17.59,0.01,21,36939,买盘
2052,09:36:01,17.58,--,5,8790,卖盘
2053,09:35:57,17.58,--,94,165251,卖盘
2054,09:35:51,17.58,--,35,61529,买盘
2055,09:35:46,17.58,--,50,89341,买盘
2056,09:35:42,17.58,--,25,43949,买盘
2057,09:35:36,17.58,--,19,33402,卖盘
2058,09:35:27,17.58,-0.01,16,28127,买盘
2059,09:35:21,17.59,0.02,270,474930,买盘
2060,09:35:16,17.57,-0.01,37,65009,买盘
2061,09:35:12,17.58,0.02,8,14063,买盘
2062,09:35:06,17.56,--,5,8780,卖盘
2063,09:34:57,17.56,-0.03,17,31291,卖盘
2064,09:34:51,17.59,0.03,155,272645,买盘
2065,09:34:42,17.56,0.01,27,47412,买盘
2066,09:34:31,17.55,-0.01,66,115830,卖盘
2067,09:34:27,17.56,0.01,296,519775,买盘
2068,09:34:21,17.55,--,2,4949,买盘
2069,09:34:16,17.55,0.01,20,35100,买盘
2070,09:34:11,17.54,--,16,28064,买盘
2071,09:34:06,17.54,--,2,3508,买盘
2072,09:34:01,17.54,--,3,5262,买盘
2073,09:33:56,17.54,--,17,29818,买盘
2074,09:33:51,17.54,--,30,52620,买盘
2075,09:33:46,17.54,--,23,40342,买盘
2076,09:33:42,17.54,0.01,26,45604,买盘
2077,09:33:36,17.53,--,38,66614,买盘
2078,09:33:31,17.53,0.01,65,113945,买盘
2079,09:33:26,17.52,--,17,29784,卖盘
2080,09:33:21,17.52,--,15,26280,卖盘
2081,09:33:16,17.52,0.02,115,201480,买盘
2082,09:33:11,17.5,0.01,24,42000,买盘
2083,09:33:06,17.49,-0.01,6,10493,卖盘
2084,09:33:01,17.5,--,10,17500,卖盘
2085,09:32:56,17.5,0.01,33,57750,买盘
2086,09:32:51,17.49,-0.01,34,59465,卖盘
2087,09:32:41,17.5,--,90,157500,卖盘
2088,09:32:36,17.5,--,4,7000,卖盘
2089,09:32:31,17.5,-0.02,33,57750,卖盘
2090,09:32:26,17.52,0.02,45,78840,买盘
2091,09:32:21,17.5,--,6,10500,买盘
2092,09:32:11,17.5,--,41,71750,买盘
2093,09:32:06,17.5,-0.02,55,96250,卖盘
2094,09:32:01,17.52,--,6,10512,中性盘
2095,09:31:56,17.52,--,4,7008,买盘
2096,09:31:51,17.52,--,72,126144,卖盘
2097,09:31:46,17.52,-0.01,13,22776,卖盘
2098,09:31:41,17.53,--,3,5259,买盘
2099,09:31:36,17.53,0.01,67,117451,买盘
2100,09:31:31,17.52,0.02,3,5256,买盘
2101,09:31:16,17.5,--,41,71750,卖盘
2102,09:31:11,17.5,--,52,91000,买盘
2103,09:31:06,17.5,--,206,360500,买盘
2104,09:31:01,17.5,--,21,36750,卖盘
2105,09:30:56,17.5,-0.02,10,17500,卖盘
2106,09:30:51,17.52,0.02,41,71832,买盘
2107,09:30:46,17.5,--,18,31500,买盘
2108,09:30:36,17.5,--,121,211750,买盘
2109,09:30:31,17.5,--,19,33250,买盘
2110,09:30:26,17.5,--,1,1750,买盘
2111,09:30:21,17.5,0.01,49,85750,中性盘
2112,09:30:16,17.49,-0.03,57,99692,卖盘
2113,09:30:10,17.52,0.02,11,19272,中性盘
2114,09:30:06,17.5,0.01,343,600250,买盘
2115,09:28:55,17.49,--,0,0,买盘
2116,09:25:03,17.49,17.49,193,337556,买盘
