,time,price,change,volume,amount,type
0,15:00:00,16.48,--,0,0,卖盘
1,15:00:00,16.48,--,0,0,卖盘
2,15:00:00,16.48,--,10,16480,卖盘
3,14:59:55,16.48,--,29,47792,卖盘
4,14:59:50,16.48,0.01,1116,1839168,卖盘
5,14:59:45,16.47,-0.01,11,18117,卖盘
6,14:59:40,16.48,--,137,225792,买盘
7,14:59:35,16.48,--,58,95584,买盘
8,14:59:30,16.48,0.01,55,90640,买盘
9,14:59:25,16.47,--,73,120230,卖盘
10,14:59:15,16.47,--,3,4941,卖盘
11,14:59:10,16.47,--,17,27998,卖盘
12,14:59:05,16.47,0.01,135,223876,买盘
13,14:59:00,16.46,-0.01,76,125096,卖盘
14,14:58:55,16.47,--,39,64232,买盘
15,14:58:50,16.47,-0.01,53,87406,卖盘
16,14:58:45,16.48,0.01,122,202588,买盘
17,14:58:40,16.47,--,43,70821,卖盘
18,14:58:30,16.47,--,121,199287,卖盘
19,14:58:25,16.47,-0.01,17,27998,中性盘
20,14:58:20,16.48,0.01,200,329600,买盘
21,14:58:15,16.47,--,75,123524,卖盘
22,14:58:10,16.47,-0.01,167,275049,卖盘
23,14:58:04,16.48,--,140,230720,买盘
24,14:58:00,16.48,--,97,159856,买盘
25,14:57:55,16.48,0.01,7,11536,买盘
26,14:57:45,16.47,-0.01,9,14822,卖盘
27,14:57:40,16.48,--,13,21424,买盘
28,14:57:34,16.48,--,10,16480,买盘
29,14:57:30,16.48,--,43,70864,买盘
30,14:57:25,16.48,--,30,49440,卖盘
31,14:57:19,16.48,0.01,8,13184,买盘
32,14:57:15,16.47,-0.02,44,72468,卖盘
33,14:57:10,16.49,0.01,1,1648,买盘
34,14:57:04,16.48,0.01,10,16480,卖盘
35,14:57:00,16.47,-0.02,10,16470,卖盘
36,14:56:55,16.49,--,519,855830,买盘
37,14:56:45,16.49,0.01,43,70907,买盘
38,14:56:40,16.48,--,45,74160,卖盘
39,14:56:34,16.48,0.01,6,9888,中性盘
40,14:56:30,16.47,-0.02,2,3294,卖盘
41,14:56:19,16.49,--,74,122025,买盘
42,14:56:15,16.49,--,17,28181,卖盘
43,14:56:10,16.49,-0.01,90,149630,卖盘
44,14:56:04,16.5,0.01,341,562650,买盘
45,14:56:00,16.49,--,100,164899,卖盘
46,14:55:54,16.49,-0.01,139,229491,卖盘
47,14:55:49,16.5,0.01,30,49500,买盘
48,14:55:45,16.49,0.02,18,29681,买盘
49,14:55:39,16.47,0.01,15,24705,中性盘
50,14:55:34,16.46,-0.03,39,64194,卖盘
51,14:55:30,16.49,-0.01,16,26383,买盘
52,14:55:24,16.5,--,0,0,买盘
53,14:55:19,16.5,--,9,14850,买盘
54,14:55:15,16.5,0.03,194,320100,买盘
55,14:55:09,16.47,--,30,49410,卖盘
56,14:55:04,16.47,--,0,0,卖盘
57,14:55:00,16.47,--,194,319518,卖盘
58,14:54:54,16.47,-0.01,46,75762,中性盘
59,14:54:49,16.48,0.01,60,98880,买盘
60,14:54:45,16.47,--,5,8235,买盘
61,14:54:39,16.47,--,17,27998,卖盘
62,14:54:30,16.47,--,16,26352,卖盘
63,14:54:19,16.47,-0.02,38,62585,卖盘
64,14:54:15,16.49,0.02,41,67609,买盘
65,14:54:09,16.47,-0.02,10,16470,卖盘
66,14:54:04,16.49,0.02,20,32980,买盘
67,14:54:00,16.47,-0.02,7,11529,卖盘
68,14:53:54,16.49,--,1,1648,买盘
69,14:53:45,16.49,-0.01,6,9893,买盘
70,14:53:39,16.5,0.01,23,37950,买盘
71,14:53:34,16.49,--,290,478209,卖盘
72,14:53:30,16.49,-0.01,54,89045,卖盘
73,14:53:24,16.5,--,18,29700,买盘
74,14:53:19,16.5,--,4,6600,买盘
75,14:53:15,16.5,--,5,8250,买盘
76,14:53:09,16.5,0.01,10,16500,买盘
77,14:53:04,16.49,-0.01,15,24734,卖盘
78,14:53:00,16.5,0.01,5,8250,买盘
79,14:52:54,16.49,-0.01,494,814605,卖盘
80,14:52:49,16.5,--,21,34650,买盘
81,14:52:44,16.5,0.01,14,23100,买盘
82,14:52:39,16.49,--,16,26383,卖盘
83,14:52:34,16.49,--,6,9893,卖盘
84,14:52:24,16.49,0.01,430,709069,中性盘
85,14:52:19,16.48,0.02,175,288400,买盘
86,14:52:09,16.46,--,12,19752,卖盘
87,14:52:04,16.46,--,40,65840,卖盘
88,14:51:59,16.46,--,2,3292,卖盘
89,14:51:49,16.46,--,2,3292,卖盘
90,14:51:39,16.46,0.01,32,52672,中性盘
91,14:51:34,16.45,-0.01,350,575750,卖盘
92,14:51:29,16.46,-0.01,5,8230,中性盘
93,14:51:24,16.47,0.02,57,93879,买盘
94,14:51:19,16.45,-0.03,110,180950,卖盘
95,14:51:14,16.48,0.03,119,196112,买盘
96,14:51:09,16.45,--,241,396445,卖盘
97,14:51:04,16.45,--,0,0,卖盘
98,14:50:59,16.45,--,12,19740,卖盘
99,14:50:54,16.45,--,50,82250,卖盘
100,14:50:49,16.45,--,31,51504,卖盘
101,14:50:44,16.45,-0.03,95,156275,卖盘
102,14:50:39,16.48,0.03,18,29664,买盘
103,14:50:34,16.45,-0.02,112,184240,卖盘
104,14:50:29,16.47,0.02,2,3294,买盘
105,14:50:24,16.45,-0.02,1144,1883015,卖盘
106,14:50:19,16.47,-0.01,78,128465,卖盘
107,14:50:09,16.48,-0.01,35,57680,卖盘
108,14:50:04,16.49,0.01,630,1038869,买盘
109,14:49:58,16.48,--,172,284049,卖盘
110,14:49:54,16.48,--,126,207648,卖盘
111,14:49:49,16.48,--,114,187872,卖盘
112,14:49:43,16.48,--,0,0,卖盘
113,14:49:39,16.48,-0.01,247,407056,卖盘
114,14:49:34,16.49,--,74,122025,买盘
115,14:49:28,16.49,0.01,16,26383,买盘
116,14:49:24,16.48,-0.01,29,47792,卖盘
117,14:49:19,16.49,-0.01,10,16490,买盘
118,14:49:09,16.5,--,10,16500,买盘
119,14:49:03,16.5,0.01,11,18150,买盘
120,14:48:58,16.49,--,3,4946,卖盘
121,14:48:54,16.49,--,8,13191,卖盘
122,14:48:48,16.49,0.01,1,1648,卖盘
123,14:48:43,16.48,-0.01,116,191168,卖盘
124,14:48:39,16.49,--,33,54416,卖盘
125,14:48:33,16.49,--,64,105535,卖盘
126,14:48:28,16.49,--,12,19787,卖盘
127,14:48:23,16.49,--,18,29681,卖盘
128,14:48:18,16.49,-0.01,53,89029,卖盘
129,14:48:09,16.5,0.01,19,32455,买盘
130,14:48:03,16.49,-0.01,3,4946,买盘
131,14:47:53,16.5,0.01,43,70950,买盘
132,14:47:38,16.49,--,13,21436,卖盘
133,14:47:33,16.49,--,4,6595,卖盘
134,14:47:28,16.49,-0.01,1137,1874912,卖盘
135,14:47:18,16.5,--,24,39600,买盘
136,14:47:03,16.5,--,10,16500,买盘
137,14:46:53,16.5,--,26,42982,卖盘
138,14:46:48,16.5,--,14,23100,卖盘
139,14:46:43,16.5,--,10,16500,卖盘
140,14:46:38,16.5,--,120,198000,卖盘
141,14:46:33,16.5,--,54,89100,卖盘
142,14:46:28,16.5,--,10,16500,卖盘
143,14:46:23,16.5,--,106,174900,卖盘
144,14:46:18,16.5,--,29,47850,卖盘
145,14:46:13,16.5,--,10,16500,卖盘
146,14:46:08,16.5,--,50,84067,买盘
147,14:46:03,16.5,0.01,1,1650,买盘
148,14:45:58,16.49,--,2,3297,卖盘
149,14:45:53,16.49,--,11,18139,卖盘
150,14:45:43,16.49,-0.01,32,52767,卖盘
151,14:45:38,16.5,0.01,46,75900,买盘
152,14:45:33,16.49,--,13,21436,卖盘
153,14:45:28,16.49,-0.01,1,1648,卖盘
154,14:45:23,16.5,0.01,522,861300,买盘
155,14:45:18,16.49,-0.01,2,3297,卖盘
156,14:45:13,16.5,--,137,226050,买盘
157,14:45:08,16.5,--,0,0,买盘
158,14:45:03,16.5,0.01,30,49500,买盘
159,14:44:58,16.49,0.01,863,1423086,买盘
160,14:44:53,16.48,-0.01,1,1648,卖盘
161,14:44:48,16.49,0.01,10,16490,买盘
162,14:44:43,16.48,--,14,23549,买盘
163,14:44:38,16.48,0.01,17,28016,买盘
164,14:44:33,16.47,-0.01,638,1050786,卖盘
165,14:44:28,16.48,--,57,93936,买盘
166,14:44:23,16.48,0.01,69,113712,买盘
167,14:44:18,16.47,-0.01,113,186111,卖盘
168,14:44:13,16.48,--,93,153264,买盘
169,14:44:08,16.48,--,35,57680,买盘
170,14:44:03,16.48,--,110,181280,买盘
171,14:43:58,16.48,--,100,164800,卖盘
172,14:43:53,16.48,--,264,435072,卖盘
173,14:43:48,16.48,--,30,49440,卖盘
174,14:43:43,16.48,-0.01,70,115360,卖盘
175,14:43:38,16.49,0.01,118,194581,买盘
176,14:43:33,16.48,-0.01,307,505936,卖盘
177,14:43:28,16.49,0.01,54,89045,买盘
178,14:43:23,16.48,-0.01,10,16480,卖盘
179,14:43:08,16.49,--,533,878916,卖盘
180,14:43:03,16.49,--,320,527680,卖盘
181,14:42:58,16.49,-0.01,119,196230,卖盘
182,14:42:53,16.5,--,1,1650,买盘
183,14:42:48,16.5,--,62,102300,买盘
184,14:42:43,16.5,--,896,1479654,卖盘
185,14:42:38,16.5,--,37,61050,卖盘
186,14:42:33,16.5,--,4,6600,卖盘
187,14:42:28,16.5,--,10,16500,卖盘
188,14:42:23,16.5,--,13,21450,卖盘
189,14:42:18,16.5,--,95,156750,卖盘
190,14:42:12,16.5,--,2,3300,卖盘
191,14:42:07,16.5,--,51,84150,卖盘
192,14:42:03,16.5,-0.01,101,166650,卖盘
193,14:41:57,16.51,--,43,70993,买盘
194,14:41:52,16.51,--,105,173355,买盘
195,14:41:47,16.51,0.01,10,16510,买盘
196,14:41:42,16.5,--,8,13200,卖盘
197,14:41:37,16.5,--,10,16500,卖盘
198,14:41:32,16.5,--,15,24750,卖盘
199,14:41:27,16.5,--,71,117150,卖盘
200,14:41:22,16.5,-0.01,84,138600,卖盘
201,14:41:17,16.51,0.01,65,108784,买盘
202,14:41:12,16.5,--,81,133650,卖盘
203,14:41:07,16.5,-0.01,4,6600,卖盘
204,14:41:02,16.51,0.01,165,272415,买盘
205,14:40:52,16.5,-0.01,1,2805,卖盘
206,14:40:47,16.51,-0.01,440,726440,卖盘
207,14:40:42,16.52,0.01,64,105728,买盘
208,14:40:32,16.51,--,115,189865,卖盘
209,14:40:27,16.51,-0.01,255,421005,卖盘
210,14:40:22,16.52,0.01,25,41300,买盘
211,14:40:17,16.51,-0.01,61,100711,卖盘
212,14:40:12,16.52,0.01,118,194936,买盘
213,14:40:02,16.51,--,239,394589,卖盘
214,14:39:57,16.51,--,12,19812,卖盘
215,14:39:52,16.51,--,13,21463,卖盘
216,14:39:47,16.51,--,50,82550,卖盘
217,14:39:42,16.51,--,51,84201,卖盘
218,14:39:37,16.51,--,1,1651,卖盘
219,14:39:32,16.51,-0.01,10,16510,卖盘
220,14:39:27,16.52,0.01,56,92512,买盘
221,14:39:22,16.51,-0.01,44,72644,卖盘
222,14:39:12,16.52,0.01,10,16520,买盘
223,14:39:07,16.51,-0.01,29,47879,卖盘
224,14:39:02,16.52,-0.01,133,220459,卖盘
225,14:38:57,16.53,--,34,56202,买盘
226,14:38:52,16.53,0.01,213,352089,买盘
227,14:38:47,16.52,--,1,1652,卖盘
228,14:38:42,16.52,--,15,24780,卖盘
229,14:38:32,16.52,--,8,13216,卖盘
230,14:38:27,16.52,0.01,275,455208,买盘
231,14:38:22,16.51,--,165,272415,卖盘
232,14:38:17,16.51,-0.01,301,496951,卖盘
233,14:38:12,16.52,0.01,6,9912,买盘
234,14:38:07,16.51,--,10,16510,卖盘
235,14:38:02,16.51,-0.01,8,13208,卖盘
236,14:37:57,16.52,--,15,24780,买盘
237,14:37:52,16.52,0.01,10,16520,买盘
238,14:37:47,16.51,--,28,46228,卖盘
239,14:37:32,16.51,-0.01,21,34671,卖盘
240,14:37:27,16.52,--,15,24780,买盘
241,14:37:22,16.52,--,274,452648,买盘
242,14:37:12,16.52,0.01,10,16520,买盘
243,14:37:07,16.51,-0.01,67,110617,卖盘
244,14:37:02,16.52,0.01,111,183372,买盘
245,14:36:57,16.51,-0.01,2,3302,卖盘
246,14:36:47,16.52,--,1,1652,买盘
247,14:36:37,16.52,--,69,113988,卖盘
248,14:36:32,16.52,--,18,29736,卖盘
249,14:36:27,16.52,--,30,49560,卖盘
250,14:36:22,16.52,--,314,518728,卖盘
251,14:36:07,16.52,--,150,247800,卖盘
252,14:36:02,16.52,--,5,8260,卖盘
253,14:35:57,16.52,--,158,261016,卖盘
254,14:35:52,16.52,--,15,24780,卖盘
255,14:35:47,16.52,-0.01,4,6608,卖盘
256,14:35:42,16.53,0.01,1,1653,买盘
257,14:35:37,16.52,--,32,52864,卖盘
258,14:35:32,16.52,--,25,41300,卖盘
259,14:35:27,16.52,-0.01,15,24780,卖盘
260,14:35:21,16.53,0.01,7,11571,买盘
261,14:35:17,16.52,--,9,14868,卖盘
262,14:35:12,16.52,--,11,18172,卖盘
263,14:35:06,16.52,-0.01,3,4956,卖盘
264,14:34:57,16.53,--,43,71079,买盘
265,14:34:51,16.53,--,3,4959,买盘
266,14:34:42,16.53,0.01,3,4959,买盘
267,14:34:32,16.52,-0.01,232,383264,卖盘
268,14:34:27,16.53,--,7,11571,买盘
269,14:34:21,16.53,--,27,44631,买盘
270,14:34:17,16.53,-0.01,91,150423,卖盘
271,14:34:12,16.54,--,7,11578,买盘
272,14:34:06,16.54,--,3,4962,买盘
273,14:33:46,16.54,-0.02,17,28118,卖盘
274,14:33:41,16.56,0.03,19,31463,买盘
275,14:33:36,16.53,--,0,0,卖盘
276,14:33:26,16.53,--,0,0,卖盘
277,14:33:16,16.53,--,10,16530,卖盘
278,14:33:11,16.53,--,10,16530,卖盘
279,14:33:06,16.53,-0.03,38,62814,卖盘
280,14:33:01,16.56,0.03,10,16560,买盘
281,14:32:56,16.53,-0.03,3,4959,卖盘
282,14:32:51,16.56,--,0,0,中性盘
283,14:32:46,16.56,0.03,11,18216,买盘
284,14:32:36,16.53,--,13,21489,卖盘
285,14:32:21,16.53,-0.04,205,338865,卖盘
286,14:32:16,16.57,-0.01,2,3314,买盘
287,14:32:11,16.58,--,0,0,买盘
288,14:32:06,16.58,--,101,167457,买盘
289,14:32:01,16.58,--,183,303413,买盘
290,14:31:56,16.58,--,65,107769,买盘
291,14:31:51,16.58,--,184,305071,买盘
292,14:31:41,16.58,--,20,33160,买盘
293,14:31:36,16.58,0.01,84,139272,买盘
294,14:31:31,16.57,0.04,194,321458,买盘
295,14:31:26,16.53,-0.03,93,153729,卖盘
296,14:31:21,16.56,--,13,21528,卖盘
297,14:31:16,16.56,-0.01,12,19872,中性盘
298,14:31:11,16.57,0.01,59,97763,买盘
299,14:31:06,16.56,0.03,149,246743,买盘
300,14:31:01,16.53,-0.03,43,71079,卖盘
301,14:30:56,16.56,--,11,18216,买盘
302,14:30:51,16.56,0.03,19,31463,买盘
303,14:30:46,16.53,-0.03,10,16530,卖盘
304,14:30:41,16.56,--,0,0,买盘
305,14:30:26,16.56,0.03,7,11592,买盘
306,14:30:21,16.53,-0.03,22,36366,卖盘
307,14:30:16,16.56,--,1,1655,卖盘
308,14:30:11,16.56,0.03,26,43056,买盘
309,14:30:06,16.53,-0.03,15,24795,卖盘
310,14:29:56,16.56,-0.01,5,8280,中性盘
311,14:29:51,16.57,0.04,15,24855,买盘
312,14:29:46,16.53,-0.05,19,31407,卖盘
313,14:29:41,16.58,0.05,22,36475,买盘
314,14:29:36,16.53,-0.04,55,90915,卖盘
315,14:29:26,16.57,0.02,38,62966,买盘
316,14:29:21,16.55,0.02,114,188670,中性盘
317,14:29:16,16.53,0.01,9,14877,买盘
318,14:29:11,16.52,-0.01,25,41300,卖盘
319,14:29:06,16.53,0.01,65,107445,买盘
320,14:29:01,16.52,-0.07,18,29736,卖盘
321,14:28:56,16.59,--,0,0,买盘
322,14:28:51,16.59,0.09,397,658623,买盘
323,14:28:46,16.5,-0.02,1173,1935450,卖盘
324,14:28:41,16.52,--,46,75992,卖盘
325,14:28:36,16.52,0.01,70,115640,买盘
326,14:28:31,16.51,-0.02,33,54483,卖盘
327,14:28:26,16.53,--,21,34713,买盘
328,14:28:15,16.53,--,4,6612,买盘
329,14:28:06,16.53,--,17,28101,买盘
330,14:28:00,16.53,0.02,20,33060,中性盘
331,14:27:45,16.51,-0.02,1142,1885442,卖盘
332,14:27:41,16.53,--,11,18183,卖盘
333,14:27:36,16.53,--,16,26448,卖盘
334,14:27:30,16.53,-0.01,2,3306,卖盘
335,14:27:21,16.54,-0.03,132,218328,卖盘
336,14:27:15,16.57,0.01,7,11599,中性盘
337,14:27:11,16.56,-0.02,87,144072,卖盘
338,14:27:06,16.58,--,26,43107,卖盘
339,14:27:00,16.58,--,144,238751,卖盘
340,14:26:56,16.58,-0.01,5,8290,卖盘
341,14:26:35,16.59,--,54,89586,买盘
342,14:26:30,16.59,0.01,26,43134,买盘
343,14:26:26,16.58,--,11,18237,卖盘
344,14:26:21,16.58,--,37,61345,卖盘
345,14:26:15,16.58,--,26,43107,卖盘
346,14:25:55,16.58,-0.01,102,169115,卖盘
347,14:25:40,16.59,--,109,180831,买盘
348,14:25:35,16.59,0.01,7,11613,买盘
349,14:25:30,16.58,-0.01,9,14921,卖盘
350,14:25:20,16.59,0.01,2,3318,买盘
351,14:25:15,16.58,--,0,0,卖盘
352,14:25:00,16.58,--,5,8290,卖盘
353,14:24:55,16.58,-0.02,5,8290,卖盘
354,14:24:50,16.6,0.02,180,298800,买盘
355,14:24:45,16.58,--,1,1657,卖盘
356,14:24:40,16.58,-0.02,3,4973,卖盘
357,14:24:30,16.6,--,1,1660,买盘
358,14:24:20,16.6,--,48,79680,卖盘
359,14:24:15,16.6,-0.01,16,26560,卖盘
360,14:24:10,16.61,0.01,74,122914,买盘
361,14:24:05,16.6,-0.01,5,8300,卖盘
362,14:24:00,16.61,0.01,18,29898,买盘
363,14:23:55,16.6,--,11,18260,卖盘
364,14:23:50,16.6,-0.01,125,207500,卖盘
365,14:23:45,16.61,--,304,504944,买盘
366,14:23:35,16.61,0.01,76,126236,买盘
367,14:23:30,16.6,-0.01,149,247340,卖盘
368,14:23:25,16.61,0.01,108,179388,买盘
369,14:23:20,16.6,--,30,49800,卖盘
370,14:23:15,16.6,--,64,106240,卖盘
371,14:23:10,16.6,-0.01,71,117860,卖盘
372,14:23:05,16.61,0.01,286,475046,买盘
373,14:23:00,16.6,-0.01,5,8300,中性盘
374,14:22:50,16.61,--,155,257455,买盘
375,14:22:45,16.61,--,65,107965,买盘
376,14:22:40,16.61,--,124,205964,买盘
377,14:22:35,16.61,--,2,3322,买盘
378,14:22:30,16.61,--,58,96338,买盘
379,14:22:25,16.61,--,54,89694,买盘
380,14:22:20,16.61,0.01,146,242506,买盘
381,14:22:15,16.6,--,3,4980,买盘
382,14:22:10,16.6,--,77,127820,买盘
383,14:22:05,16.6,--,54,89640,买盘
384,14:22:00,16.6,0.01,80,132800,买盘
385,14:21:55,16.59,-0.01,8,13272,卖盘
386,14:21:50,16.6,--,123,204180,买盘
387,14:21:45,16.6,--,229,380140,买盘
388,14:21:35,16.6,0.01,136,225760,买盘
389,14:21:30,16.59,-0.01,45,74655,卖盘
390,14:21:25,16.6,0.01,6,9960,买盘
391,14:21:15,16.59,--,5,8295,卖盘
392,14:21:10,16.59,-0.01,148,245532,中性盘
393,14:21:05,16.6,0.03,408,677280,买盘
394,14:21:00,16.57,--,20,33140,卖盘
395,14:20:50,16.57,--,12,19884,卖盘
396,14:20:45,16.57,--,61,101077,卖盘
397,14:20:38,16.57,--,28,46396,卖盘
398,14:20:35,16.57,--,1,1657,卖盘
399,14:20:30,16.57,--,10,16570,卖盘
400,14:20:24,16.57,--,8,13256,卖盘
401,14:20:09,16.57,-0.01,72,119304,卖盘
402,14:20:05,16.58,0.01,3,4973,买盘
403,14:20:00,16.57,--,4,6628,卖盘
404,14:19:54,16.57,-0.02,18,29826,卖盘
405,14:19:50,16.59,0.02,146,242214,买盘
406,14:19:45,16.57,-0.02,1,1657,卖盘
407,14:19:30,16.59,--,64,106176,买盘
408,14:19:20,16.59,-0.01,171,283689,卖盘
409,14:19:09,16.6,0.01,54,89640,买盘
410,14:19:00,16.59,-0.01,55,91245,卖盘
411,14:18:53,16.6,0.01,54,89640,买盘
412,14:18:50,16.59,-0.01,10,16590,卖盘
413,14:18:44,16.6,0.01,56,92960,买盘
414,14:18:38,16.59,--,96,159264,卖盘
415,14:18:35,16.59,-0.01,9,14931,卖盘
416,14:18:29,16.6,--,62,102920,买盘
417,14:18:24,16.6,--,20,33200,买盘
418,14:18:15,16.6,--,7,11620,买盘
419,14:18:09,16.6,--,91,151060,买盘
420,14:18:04,16.6,0.01,6,9960,买盘
421,14:17:59,16.59,0.01,1,1659,卖盘
422,14:17:53,16.58,--,0,0,中性盘
423,14:17:39,16.58,-0.02,46,76267,卖盘
424,14:17:34,16.6,0.02,129,214140,买盘
425,14:17:29,16.58,-0.01,4,6631,卖盘
426,14:17:23,16.59,0.01,6,9954,买盘
427,14:17:14,16.58,--,4,6631,卖盘
428,14:17:09,16.58,-0.01,3,4973,卖盘
429,14:16:59,16.59,--,10,16590,买盘
430,14:16:49,16.59,--,315,522585,卖盘
431,14:16:38,16.59,--,15,24885,卖盘
432,14:16:29,16.59,-0.01,58,96222,卖盘
433,14:16:14,16.6,0.02,54,89640,买盘
434,14:16:08,16.58,--,64,106111,卖盘
435,14:15:59,16.58,--,50,82899,卖盘
436,14:15:53,16.58,--,10,16580,卖盘
437,14:15:49,16.58,--,1,1657,卖盘
438,14:15:44,16.58,--,15,24869,卖盘
439,14:15:38,16.58,-0.02,2,3315,卖盘
440,14:15:34,16.6,--,135,224100,买盘
441,14:15:29,16.6,--,47,78020,买盘
442,14:15:23,16.6,0.02,7,11620,买盘
443,14:15:14,16.58,-0.02,2,3315,卖盘
444,14:14:53,16.6,--,54,89640,买盘
445,14:14:49,16.6,--,110,182600,卖盘
446,14:14:44,16.6,--,93,154380,卖盘
447,14:14:38,16.6,--,44,73040,卖盘
448,14:14:34,16.6,--,62,102920,卖盘
449,14:14:29,16.6,--,39,64740,卖盘
450,14:14:23,16.6,-0.01,195,323700,卖盘
451,14:14:14,16.61,--,125,207625,买盘
452,14:14:08,16.61,0.01,264,438504,买盘
453,14:14:04,16.6,--,35,58100,买盘
454,14:13:59,16.6,0.04,170,282200,买盘
455,14:13:53,16.56,-0.04,229,379223,中性盘
456,14:13:47,16.6,0.07,1361,2259260,买盘
457,14:13:44,16.53,-0.03,43,71079,卖盘
458,14:13:32,16.56,--,54,89424,买盘
459,14:13:23,16.56,0.04,12,19872,买盘
460,14:13:17,16.52,--,0,0,卖盘
461,14:13:14,16.52,-0.04,40,66080,卖盘
462,14:13:08,16.56,--,25,41400,买盘
463,14:12:59,16.56,0.03,3,4968,买盘
464,14:12:53,16.53,--,5,8265,买盘
465,14:12:47,16.53,0.01,31,51243,买盘
466,14:12:44,16.52,-0.01,107,176764,卖盘
467,14:12:38,16.53,--,117,193401,买盘
468,14:12:32,16.53,--,110,181830,买盘
469,14:12:29,16.53,--,10,16530,买盘
470,14:12:17,16.53,--,101,166953,卖盘
471,14:12:02,16.53,--,8,13224,卖盘
472,14:11:58,16.53,0.01,24,39672,卖盘
473,14:11:47,16.52,-0.04,57,94164,卖盘
474,14:11:32,16.56,-0.01,3,4968,中性盘
475,14:11:23,16.57,--,6,9942,买盘
476,14:11:17,16.57,0.01,1741,2884837,买盘
477,14:11:13,16.56,--,57,94391,买盘
478,14:11:02,16.56,-0.02,5,8280,卖盘
479,14:10:58,16.58,0.01,107,177405,买盘
480,14:10:53,16.57,0.01,32,53024,卖盘
481,14:10:47,16.56,-0.02,10,16560,卖盘
482,14:10:43,16.58,-0.01,7,11605,买盘
483,14:10:28,16.59,--,0,0,买盘
484,14:10:17,16.59,0.04,61,101199,买盘
485,14:10:08,16.55,0.03,32,52960,卖盘
486,14:10:02,16.52,-0.07,1145,1891540,卖盘
487,14:09:53,16.59,0.05,149,247191,买盘
488,14:09:47,16.54,-0.05,6,9924,卖盘
489,14:09:38,16.59,-0.01,5,8295,买盘
490,14:09:28,16.6,0.01,30,49800,买盘
491,14:09:23,16.59,-0.01,25,41475,卖盘
492,14:09:17,16.6,--,2370,3934200,买盘
493,14:09:13,16.6,--,13,21580,买盘
494,14:08:58,16.6,--,26,43160,买盘
495,14:08:53,16.6,--,14,23240,买盘
496,14:08:43,16.6,--,0,0,买盘
497,14:08:38,16.6,--,528,876480,买盘
498,14:08:28,16.6,--,83,137780,买盘
499,14:08:17,16.6,--,13,21580,买盘
500,14:08:02,16.6,-0.02,13,21580,卖盘
501,14:07:58,16.62,0.01,55,91410,买盘
502,14:07:53,16.61,0.01,2,3322,买盘
503,14:07:47,16.6,-0.01,24,39840,卖盘
504,14:07:38,16.61,--,2,3322,买盘
505,14:07:32,16.61,--,37,61457,买盘
506,14:07:28,16.61,--,98,162778,买盘
507,14:07:23,16.61,--,13,21593,买盘
508,14:07:17,16.61,--,15,24915,买盘
509,14:07:08,16.61,--,2,3322,买盘
510,14:07:02,16.61,--,34,56474,买盘
511,14:06:56,16.61,--,258,428538,买盘
512,14:06:47,16.61,--,13,21593,买盘
513,14:06:41,16.61,-0.02,139,230879,卖盘
514,14:06:38,16.63,0.01,20,33260,买盘
515,14:06:32,16.62,-0.01,367,609954,中性盘
516,14:06:26,16.63,--,16,26608,买盘
517,14:06:23,16.63,--,15,24945,买盘
518,14:06:17,16.63,0.01,70,116410,买盘
519,14:06:11,16.62,--,6,9972,买盘
520,14:06:08,16.62,-0.01,18,29916,买盘
521,14:05:56,16.63,0.02,28,46564,买盘
522,14:05:53,16.61,-0.01,53,88033,中性盘
523,14:05:47,16.62,--,24,39888,买盘
524,14:05:41,16.62,0.02,16,26592,买盘
525,14:05:38,16.6,-0.01,73,121180,卖盘
526,14:05:32,16.61,-0.01,11,18271,中性盘
527,14:05:26,16.62,0.02,122,202764,买盘
528,14:05:23,16.6,-0.02,35,58100,卖盘
529,14:05:17,16.62,0.02,14,23268,买盘
530,14:05:08,16.6,-0.02,1,1660,卖盘
531,14:05:02,16.62,--,17,28254,买盘
532,14:04:56,16.62,0.02,52,86424,买盘
533,14:04:53,16.6,-0.02,1,1660,卖盘
534,14:04:47,16.62,0.02,18,29916,买盘
535,14:04:32,16.6,-0.03,59,97940,卖盘
536,14:04:26,16.63,--,43,71509,买盘
537,14:04:17,16.63,--,23,38249,买盘
538,14:04:11,16.63,--,32,53216,买盘
539,14:04:02,16.63,--,28,46564,买盘
540,14:03:56,16.63,--,251,417413,买盘
541,14:03:52,16.63,--,4,6652,买盘
542,14:03:47,16.63,--,51,84813,买盘
543,14:03:41,16.63,0.01,343,570409,买盘
544,14:03:32,16.62,-0.01,13,21606,卖盘
545,14:03:26,16.63,0.02,209,347733,买盘
546,14:03:22,16.61,--,30,49830,买盘
547,14:03:17,16.61,--,17,28237,买盘
548,14:03:11,16.61,--,34,56474,买盘
549,14:03:07,16.61,0.01,11,18271,买盘
550,14:03:02,16.6,--,151,250660,卖盘
551,14:02:56,16.6,-0.01,150,249000,卖盘
552,14:02:47,16.61,--,54,89694,买盘
553,14:02:41,16.61,--,14,23254,买盘
554,14:02:37,16.61,--,31,51491,买盘
555,14:02:32,16.61,0.01,13,21593,买盘
556,14:02:26,16.6,--,43,71380,买盘
557,14:02:22,16.6,-0.01,4,6640,中性盘
558,14:02:17,16.61,0.01,79,131219,买盘
559,14:02:11,16.6,0.01,93,154380,买盘
560,14:02:07,16.59,-0.02,3,4977,卖盘
561,14:02:02,16.61,0.01,77,127897,买盘
562,14:01:56,16.6,0.01,12,19920,买盘
563,14:01:52,16.59,-0.02,22,36498,卖盘
564,14:01:47,16.61,--,16,26576,买盘
565,14:01:41,16.61,0.02,38,63118,买盘
566,14:01:32,16.59,-0.01,1,1659,卖盘
567,14:01:26,16.6,--,4,6640,买盘
568,14:01:22,16.6,--,3,4980,买盘
569,14:01:17,16.6,-0.01,21,34860,中性盘
570,14:01:11,16.61,0.01,58,96338,买盘
571,14:01:07,16.6,--,32,53120,买盘
572,14:01:02,16.6,--,0,0,买盘
573,14:00:56,16.6,0.02,33,54780,买盘
574,14:00:41,16.58,-0.02,16,26527,卖盘
575,14:00:37,16.6,0.02,15,24900,买盘
576,14:00:32,16.58,-0.01,6,9947,卖盘
577,14:00:26,16.59,--,47,77973,买盘
578,14:00:17,16.59,0.01,37,61383,买盘
579,14:00:11,16.58,--,1,1657,卖盘
580,14:00:07,16.58,-0.02,1,1657,卖盘
581,13:59:56,16.6,0.02,55,91300,买盘
582,13:59:50,16.58,--,14,23211,卖盘
583,13:59:47,16.58,--,5,8290,卖盘
584,13:59:32,16.58,--,2,3315,卖盘
585,13:59:26,16.58,-0.02,6,9947,卖盘
586,13:59:20,16.6,0.02,16,26560,买盘
587,13:59:17,16.58,-0.02,5,8290,卖盘
588,13:58:56,16.6,0.01,4,6640,买盘
589,13:58:50,16.59,0.02,3,4977,卖盘
590,13:58:46,16.57,-0.01,48,80596,卖盘
591,13:58:41,16.58,--,15,24869,买盘
592,13:58:26,16.58,0.01,64,106111,买盘
593,13:58:20,16.57,-0.01,4,6628,卖盘
594,13:58:11,16.58,0.01,2,3315,买盘
595,13:58:05,16.57,-0.01,9,14913,卖盘
596,13:58:02,16.58,--,28,46423,买盘
597,13:57:56,16.58,0.01,202,334915,买盘
598,13:57:50,16.57,-0.01,5,8285,卖盘
599,13:57:47,16.58,0.01,1,1657,买盘
600,13:57:41,16.57,-0.01,11,18227,卖盘
601,13:57:35,16.58,--,10,16580,买盘
602,13:57:31,16.58,--,32,53055,买盘
603,13:57:26,16.58,--,536,888687,买盘
604,13:57:20,16.58,--,2,3315,买盘
605,13:57:11,16.58,-0.03,153,254270,卖盘
606,13:57:01,16.61,0.01,17,28237,买盘
607,13:56:56,16.6,--,71,117860,卖盘
608,13:56:50,16.6,--,0,199,卖盘
609,13:56:46,16.6,--,11,19106,买盘
610,13:56:41,16.6,0.02,14,23240,买盘
611,13:56:35,16.58,-0.02,12,19912,中性盘
612,13:56:31,16.6,--,181,300460,买盘
613,13:56:26,16.6,0.02,36,59760,买盘
614,13:56:20,16.58,-0.02,10,16580,卖盘
615,13:56:16,16.6,--,15,24916,买盘
616,13:56:11,16.6,0.02,1,1660,买盘
617,13:56:01,16.58,--,30,49739,卖盘
618,13:55:56,16.58,-0.02,148,245383,卖盘
619,13:55:50,16.6,0.02,49,81340,买盘
620,13:55:46,16.58,--,182,302817,买盘
621,13:55:41,16.58,-0.01,648,1074384,卖盘
622,13:55:35,16.59,-0.01,15,24885,卖盘
623,13:55:31,16.6,--,0,0,买盘
624,13:55:26,16.6,0.01,67,111220,买盘
625,13:55:05,16.59,--,45,75252,卖盘
626,13:55:01,16.59,-0.02,174,288666,卖盘
627,13:54:56,16.61,--,8,13288,买盘
628,13:54:50,16.61,0.02,15,24915,买盘
629,13:54:46,16.59,--,0,0,卖盘
630,13:54:35,16.59,--,114,190187,卖盘
631,13:54:26,16.59,--,144,238896,卖盘
632,13:54:11,16.59,-0.01,10,16590,卖盘
633,13:54:05,16.6,-0.01,2,3320,买盘
634,13:54:01,16.61,0.01,35,58135,买盘
635,13:53:56,16.6,0.01,6,9960,买盘
636,13:53:35,16.59,-0.01,1,1659,卖盘
637,13:53:31,16.6,--,10,16600,买盘
638,13:53:26,16.6,-0.01,5,8300,买盘
639,13:53:10,16.61,0.01,20,33220,买盘
640,13:53:05,16.6,-0.01,982,1631614,卖盘
641,13:52:56,16.61,--,148,245828,买盘
642,13:52:41,16.61,--,20,33220,卖盘
643,13:52:35,16.61,-0.01,3,4983,卖盘
644,13:52:25,16.62,0.01,83,137946,买盘
645,13:52:20,16.61,-0.01,10,16610,卖盘
646,13:52:10,16.62,-0.01,7,11634,卖盘
647,13:51:59,16.63,--,1,1663,买盘
648,13:51:55,16.63,0.01,30,49890,买盘
649,13:51:50,16.62,0.01,26,43212,买盘
650,13:51:40,16.61,--,90,149490,卖盘
651,13:51:29,16.61,--,10,16610,卖盘
652,13:51:25,16.61,-0.01,15,24915,卖盘
653,13:51:10,16.62,--,5,8310,买盘
654,13:50:59,16.62,--,4,6648,买盘
655,13:50:55,16.62,--,317,526854,卖盘
656,13:50:50,16.62,-0.02,20,33240,卖盘
657,13:50:40,16.64,--,1,1664,买盘
658,13:50:29,16.64,--,2,3328,买盘
659,13:50:25,16.64,--,20,33280,买盘
660,13:50:20,16.64,--,14,23296,买盘
661,13:50:10,16.64,0.02,108,179712,买盘
662,13:50:05,16.62,--,61,101382,卖盘
663,13:49:59,16.62,--,0,0,卖盘
664,13:49:55,16.62,-0.01,17,28254,卖盘
665,13:49:50,16.63,0.01,6,9978,买盘
666,13:49:40,16.62,--,118,196116,卖盘
667,13:49:35,16.62,-0.02,37,61494,卖盘
668,13:49:29,16.64,0.01,21,34944,买盘
669,13:49:25,16.63,0.02,74,123061,买盘
670,13:49:20,16.61,--,2,3322,卖盘
671,13:49:10,16.61,--,0,0,卖盘
672,13:48:55,16.61,--,7,11627,卖盘
673,13:48:50,16.61,--,29,48169,卖盘
674,13:48:40,16.61,--,1,1661,卖盘
675,13:48:35,16.61,--,51,84711,卖盘
676,13:48:29,16.61,--,0,0,卖盘
677,13:48:25,16.61,--,100,166100,卖盘
678,13:48:20,16.61,--,5,8305,卖盘
679,13:47:55,16.61,--,62,102982,卖盘
680,13:47:50,16.61,-0.02,4,6644,卖盘
681,13:47:44,16.63,0.03,47,78161,买盘
682,13:47:40,16.6,--,0,0,卖盘
683,13:47:35,16.6,-0.04,14,23240,卖盘
684,13:47:29,16.64,0.04,126,209664,买盘
685,13:47:20,16.6,-0.04,19,31540,卖盘
686,13:47:14,16.64,0.04,150,249600,买盘
687,13:47:10,16.6,--,1,1660,卖盘
688,13:47:05,16.6,-0.04,2,3320,卖盘
689,13:46:59,16.64,--,6,9984,买盘
690,13:46:50,16.64,--,10,16640,买盘
691,13:46:44,16.64,--,5,8320,买盘
692,13:46:35,16.64,0.04,1,1664,买盘
693,13:46:29,16.6,-0.04,72,119520,卖盘
694,13:46:14,16.64,-0.01,25,41600,卖盘
695,13:46:10,16.65,0.01,4,6659,买盘
696,13:46:05,16.64,--,36,59904,卖盘
697,13:45:59,16.64,--,70,116480,买盘
698,13:45:55,16.64,--,1,1664,买盘
699,13:45:50,16.64,0.01,6,9984,买盘
700,13:45:44,16.63,-0.02,11,18293,卖盘
701,13:45:35,16.65,0.04,1269,2112885,买盘
702,13:45:29,16.61,-0.03,155,257455,卖盘
703,13:45:25,16.64,--,4,6656,买盘
704,13:45:20,16.64,--,105,174720,买盘
705,13:45:14,16.64,--,0,0,买盘
706,13:45:10,16.64,--,12,19968,买盘
707,13:45:05,16.64,0.01,13,21632,买盘
708,13:44:59,16.63,-0.01,193,321125,卖盘
709,13:44:55,16.64,0.01,45,74880,买盘
710,13:44:49,16.63,--,22,36586,卖盘
711,13:44:44,16.63,--,2,3326,卖盘
712,13:44:34,16.63,-0.01,5,8315,卖盘
713,13:44:29,16.64,0.01,492,818688,买盘
714,13:44:23,16.63,-0.01,40,66520,卖盘
715,13:44:19,16.64,--,10,16640,卖盘
716,13:44:14,16.64,-0.01,132,219648,卖盘
717,13:44:08,16.65,--,97,161505,买盘
718,13:44:04,16.65,--,328,546120,买盘
719,13:43:59,16.65,--,372,619380,买盘
720,13:43:53,16.65,--,73,121544,买盘
721,13:43:49,16.65,0.02,1307,2176155,买盘
722,13:43:44,16.63,--,81,134703,卖盘
723,13:43:38,16.63,-0.02,79,131377,卖盘
724,13:43:34,16.65,--,85,141525,买盘
725,13:43:29,16.65,0.07,77,128204,买盘
726,13:43:23,16.58,-0.07,129,213881,卖盘
727,13:43:19,16.65,0.01,257,427904,买盘
728,13:43:14,16.64,0.08,464,772096,买盘
729,13:43:08,16.56,--,0,0,卖盘
730,13:43:04,16.56,-0.04,126,208655,卖盘
731,13:42:59,16.6,0.04,2,3320,中性盘
732,13:42:53,16.56,-0.07,372,616032,卖盘
733,13:42:49,16.63,0.03,110,182930,买盘
734,13:42:44,16.6,--,35,58100,买盘
735,13:42:38,16.6,--,70,116200,买盘
736,13:42:34,16.6,--,30,49800,买盘
737,13:42:29,16.6,-0.03,74,124417,卖盘
738,13:42:19,16.63,0.03,20,33260,买盘
739,13:42:14,16.6,-0.05,439,728740,卖盘
740,13:42:08,16.65,0.02,200,333000,买盘
741,13:42:04,16.63,--,92,152996,卖盘
742,13:41:59,16.63,--,375,623625,卖盘
743,13:41:49,16.63,--,64,106432,卖盘
744,13:41:44,16.63,--,21,36502,卖盘
745,13:41:34,16.63,0.02,88,146510,买盘
746,13:41:29,16.61,-0.02,163,270743,卖盘
747,13:41:23,16.63,0.03,48,79824,买盘
748,13:41:19,16.6,-0.03,10,16600,卖盘
749,13:41:14,16.63,0.03,118,196234,买盘
750,13:41:08,16.6,-0.02,20,33200,卖盘
751,13:41:04,16.62,0.02,81,134622,买盘
752,13:40:59,16.6,--,248,411680,卖盘
753,13:40:53,16.6,--,0,0,卖盘
754,13:40:49,16.6,--,20,33200,卖盘
755,13:40:44,16.6,-0.02,10,16600,卖盘
756,13:40:38,16.62,0.02,114,189468,买盘
757,13:40:34,16.6,--,28,46480,卖盘
758,13:40:29,16.6,--,457,758620,卖盘
759,13:40:19,16.6,--,19,31540,卖盘
760,13:40:14,16.6,--,171,283860,卖盘
761,13:40:08,16.6,--,70,116200,卖盘
762,13:40:04,16.6,0.04,25,41500,买盘
763,13:39:59,16.56,0.01,39,64583,中性盘
764,13:39:53,16.55,0.01,1,1655,中性盘
765,13:39:49,16.54,-0.06,308,509432,卖盘
766,13:39:44,16.6,-0.03,6,9960,中性盘
767,13:39:38,16.63,0.03,200,332600,买盘
768,13:39:29,16.6,--,18,29880,买盘
769,13:39:23,16.6,--,0,0,买盘
770,13:39:19,16.6,--,1129,1874140,买盘
771,13:39:14,16.6,-0.04,17,28220,中性盘
772,13:39:08,16.64,0.04,308,512512,买盘
773,13:39:04,16.6,-0.01,5,8300,卖盘
774,13:38:59,16.61,0.01,10,16610,买盘
775,13:38:49,16.6,--,6,9960,卖盘
776,13:38:38,16.6,--,10,16600,卖盘
777,13:38:34,16.6,--,5,8300,卖盘
778,13:38:29,16.6,0.01,41,68060,卖盘
779,13:38:23,16.59,0.04,47,79316,买盘
780,13:38:19,16.55,--,0,0,卖盘
781,13:38:14,16.55,-0.07,1177,1947935,卖盘
782,13:38:08,16.62,0.03,101,168809,买盘
783,13:38:04,16.59,--,30,49770,买盘
784,13:37:59,16.59,-0.01,10,16590,卖盘
785,13:37:53,16.6,0.02,8,13280,买盘
786,13:37:44,16.58,-0.02,1003,1663405,卖盘
787,13:37:38,16.6,--,15,24900,买盘
788,13:37:28,16.6,0.01,511,848260,买盘
789,13:37:23,16.59,--,60,99540,卖盘
790,13:37:13,16.59,--,8,13272,卖盘
791,13:37:08,16.59,0.01,66,109494,中性盘
792,13:36:58,16.58,--,590,978634,买盘
793,13:36:47,16.58,--,1,1657,买盘
794,13:36:38,16.58,--,145,240409,买盘
795,13:36:32,16.58,-0.04,2270,3764903,卖盘
796,13:36:28,16.62,0.02,2,3324,买盘
797,13:36:23,16.6,--,15,24900,卖盘
798,13:36:13,16.6,-0.02,223,370180,卖盘
799,13:36:08,16.62,0.02,1,1662,买盘
800,13:35:58,16.6,--,194,322040,卖盘
801,13:35:53,16.6,--,285,473100,卖盘
802,13:35:43,16.6,--,315,522900,卖盘
803,13:35:38,16.6,--,3,4980,卖盘
804,13:35:32,16.6,--,0,0,卖盘
805,13:35:28,16.6,-0.01,521,864860,卖盘
806,13:35:23,16.61,--,441,732501,买盘
807,13:35:17,16.61,--,37,61457,买盘
808,13:35:13,16.61,-0.04,659,1094599,卖盘
809,13:35:08,16.65,0.03,159,264735,买盘
810,13:35:02,16.62,0.01,3,4986,买盘
811,13:34:58,16.61,-0.01,83,137863,卖盘
812,13:34:53,16.62,--,0,0,中性盘
813,13:34:43,16.62,--,29,48198,卖盘
814,13:34:38,16.62,-0.03,50,83100,卖盘
815,13:34:32,16.65,--,0,0,买盘
816,13:34:28,16.65,0.03,274,456209,买盘
817,13:34:17,16.62,--,40,66480,卖盘
818,13:34:08,16.62,-0.03,6,9972,卖盘
819,13:33:58,16.65,--,42,69930,买盘
820,13:33:47,16.65,--,0,0,买盘
821,13:33:43,16.65,-0.01,345,574425,卖盘
822,13:33:38,16.66,--,97,161602,买盘
823,13:33:32,16.66,0.01,111,184926,买盘
824,13:33:28,16.65,--,994,1655009,卖盘
825,13:33:23,16.65,-0.01,22,36630,卖盘
826,13:33:17,16.66,--,33,54978,买盘
827,13:33:13,16.66,0.01,6,9996,买盘
828,13:33:08,16.65,--,496,825839,卖盘
829,13:33:02,16.65,-0.01,1001,1666664,卖盘
830,13:32:58,16.66,0.01,925,1541050,买盘
831,13:32:53,16.65,-0.01,56,93239,卖盘
832,13:32:47,16.66,--,1033,1720978,买盘
833,13:32:43,16.66,0.01,56,93296,买盘
834,13:32:38,16.65,--,25,41625,卖盘
835,13:32:31,16.65,--,1521,2532465,买盘
836,13:32:28,16.65,0.01,1291,2149515,买盘
837,13:32:23,16.64,-0.01,66,109824,卖盘
838,13:32:17,16.65,--,3,4995,买盘
839,13:32:13,16.65,--,17,28304,买盘
840,13:32:08,16.65,--,204,339660,买盘
841,13:32:01,16.65,--,137,228104,买盘
842,13:31:58,16.65,--,946,1575089,买盘
843,13:31:53,16.65,-0.01,154,256409,卖盘
844,13:31:47,16.66,0.01,49,81634,买盘
845,13:31:43,16.65,--,26,43289,卖盘
846,13:31:38,16.65,--,163,271395,卖盘
847,13:31:32,16.65,--,22,36630,卖盘
848,13:31:27,16.65,0.05,99,165334,买盘
849,13:31:23,16.6,--,26,43757,买盘
850,13:31:17,16.6,-0.04,1619,2688602,卖盘
851,13:31:12,16.64,0.03,21,34944,买盘
852,13:31:07,16.61,-0.04,8,13288,卖盘
853,13:31:02,16.65,--,53,88244,买盘
854,13:30:57,16.65,0.04,147,244754,买盘
855,13:30:52,16.61,-0.04,276,458436,卖盘
856,13:30:47,16.65,0.02,88,146520,买盘
857,13:30:42,16.63,-0.02,40,66520,卖盘
858,13:30:37,16.65,0.02,45,74925,买盘
859,13:30:32,16.63,--,67,111421,卖盘
860,13:30:26,16.63,-0.02,230,382490,卖盘
861,13:30:22,16.65,0.02,29,48284,买盘
862,13:30:17,16.63,0.01,249,414087,中性盘
863,13:30:11,16.62,-0.01,113,187806,卖盘
864,13:30:07,16.63,--,79,131377,卖盘
865,13:30:02,16.63,0.01,25,41575,卖盘
866,13:29:56,16.62,--,353,586686,卖盘
867,13:29:52,16.62,--,20,33240,卖盘
868,13:29:47,16.62,--,32,53184,卖盘
869,13:29:41,16.62,-0.03,10,16620,卖盘
870,13:29:37,16.65,0.03,234,389609,买盘
871,13:29:32,16.62,-0.03,118,196116,卖盘
872,13:29:26,16.65,0.03,1156,1924739,买盘
873,13:29:22,16.62,--,44,73128,卖盘
874,13:29:17,16.62,-0.03,11,18282,卖盘
875,13:29:11,16.65,0.03,229,381284,买盘
876,13:29:07,16.62,--,17,28254,卖盘
877,13:29:02,16.62,-0.02,20,33240,卖盘
878,13:28:56,16.64,0.02,3,4992,买盘
879,13:28:47,16.62,-0.02,20,33240,卖盘
880,13:28:41,16.64,0.02,46,76544,买盘
881,13:28:37,16.62,--,20,33240,卖盘
882,13:28:32,16.62,-0.03,10,16620,卖盘
883,13:28:26,16.65,0.03,16,26639,买盘
884,13:28:22,16.62,-0.03,17,28254,卖盘
885,13:28:17,16.65,0.01,56,93239,买盘
886,13:28:07,16.64,0.01,308,512512,买盘
887,13:28:02,16.63,--,96,159648,买盘
888,13:27:56,16.63,0.01,422,701786,买盘
889,13:27:52,16.62,--,20,33240,卖盘
890,13:27:47,16.62,--,14,23268,卖盘
891,13:27:41,16.62,-0.01,4,6648,卖盘
892,13:27:37,16.63,--,59,98117,买盘
893,13:27:31,16.63,0.01,15,24945,买盘
894,13:27:26,16.62,--,280,465360,卖盘
895,13:27:22,16.62,--,41,68142,卖盘
896,13:27:17,16.62,--,10,16620,卖盘
897,13:27:10,16.62,-0.01,23,38226,卖盘
898,13:27:07,16.63,-0.02,75,124724,买盘
899,13:27:01,16.65,--,14,23309,买盘
900,13:26:56,16.65,0.01,105,174824,买盘
901,13:26:52,16.64,0.01,17,28288,买盘
902,13:26:47,16.63,--,43,71509,卖盘
903,13:26:40,16.63,-0.02,10,16630,卖盘
904,13:26:37,16.65,0.02,60,99899,买盘
905,13:26:31,16.63,-0.02,88,146344,卖盘
906,13:26:26,16.65,0.02,273,454544,买盘
907,13:26:22,16.63,-0.02,11,18293,卖盘
908,13:26:17,16.65,0.02,55,91574,买盘
909,13:26:10,16.63,-0.02,14,23282,卖盘
910,13:26:07,16.65,0.02,229,381284,买盘
911,13:26:01,16.63,-0.01,5,8315,卖盘
912,13:25:55,16.64,0.01,32,53248,买盘
913,13:25:51,16.63,--,4,6652,卖盘
914,13:25:46,16.63,--,1,1663,卖盘
915,13:25:40,16.63,-0.01,10,16630,卖盘
916,13:25:37,16.64,0.01,21,34944,买盘
917,13:25:25,16.63,--,107,177941,卖盘
918,13:25:16,16.63,-0.01,3,4989,卖盘
919,13:25:10,16.64,--,22,36608,买盘
920,13:25:01,16.64,0.01,5,8320,买盘
921,13:24:55,16.63,-0.03,48,79824,卖盘
922,13:24:40,16.66,--,0,0,买盘
923,13:24:37,16.66,0.01,100,166600,买盘
924,13:24:31,16.65,-0.01,30,49949,卖盘
925,13:24:25,16.66,--,511,851326,买盘
926,13:24:21,16.66,0.01,86,143276,买盘
927,13:24:16,16.65,--,20,33300,卖盘
928,13:24:10,16.65,--,380,632700,卖盘
929,13:24:01,16.65,-0.01,5,8325,卖盘
930,13:23:55,16.66,--,255,424830,买盘
931,13:23:40,16.66,0.01,15,24990,买盘
932,13:23:34,16.65,--,15,24974,卖盘
933,13:23:31,16.65,-0.01,36,59939,卖盘
934,13:23:25,16.66,0.01,46,76636,买盘
935,13:23:19,16.65,--,2,3329,卖盘
936,13:23:16,16.65,-0.02,70,116549,卖盘
937,13:23:10,16.67,0.02,41,68347,买盘
938,13:23:04,16.65,0.01,18,29969,买盘
939,13:23:01,16.64,-0.03,12,19968,卖盘
940,13:22:55,16.67,0.04,308,513436,买盘
941,13:22:46,16.63,-0.01,1132,1882516,卖盘
942,13:22:40,16.64,--,38,63232,买盘
943,13:22:34,16.64,--,85,141440,买盘
944,13:22:31,16.64,--,247,411008,卖盘
945,13:22:25,16.64,--,450,748800,卖盘
946,13:22:19,16.64,-0.01,1,1664,卖盘
947,13:22:16,16.65,0.01,1,1664,买盘
948,13:22:10,16.64,--,66,109824,卖盘
949,13:22:04,16.64,--,5,8320,卖盘
950,13:22:01,16.64,-0.01,1,1664,卖盘
951,13:21:55,16.65,--,241,401264,买盘
952,13:21:46,16.65,--,50,83250,卖盘
953,13:21:40,16.65,--,10,16650,买盘
954,13:21:34,16.65,--,125,208124,卖盘
955,13:21:31,16.65,0.01,45,74925,买盘
956,13:21:25,16.64,-0.01,633,1053312,卖盘
957,13:21:19,16.65,--,37,61604,卖盘
958,13:21:16,16.65,-0.01,277,461204,卖盘
959,13:21:10,16.66,0.01,231,384846,买盘
960,13:21:04,16.65,--,3,4995,买盘
961,13:21:01,16.65,--,52,86946,买盘
962,13:20:55,16.65,0.01,59,98234,买盘
963,13:20:40,16.64,-0.02,57,94848,卖盘
964,13:20:31,16.66,--,0,0,买盘
965,13:20:25,16.66,0.02,39,64974,买盘
966,13:20:16,16.64,-0.01,125,208000,卖盘
967,13:20:10,16.65,0.01,12,19980,买盘
968,13:20:01,16.64,-0.01,23,38272,卖盘
969,13:19:55,16.65,0.01,8,13319,买盘
970,13:19:49,16.64,--,6,9984,卖盘
971,13:19:46,16.64,-0.02,1,1946,卖盘
972,13:19:34,16.66,--,75,124950,买盘
973,13:19:31,16.66,--,0,0,买盘
974,13:19:25,16.66,0.02,363,604758,买盘
975,13:19:19,16.64,--,50,83200,卖盘
976,13:19:16,16.64,--,28,46592,卖盘
977,13:19:10,16.64,--,269,447616,卖盘
978,13:19:04,16.64,-0.01,14,23296,卖盘
979,13:18:55,16.65,0.01,412,685979,买盘
980,13:18:49,16.64,--,18,29952,卖盘
981,13:18:45,16.64,--,10,16640,卖盘
982,13:18:34,16.64,-0.01,16,26624,卖盘
983,13:18:25,16.65,0.01,43,71595,买盘
984,13:18:19,16.64,-0.02,29,48256,卖盘
985,13:18:16,16.66,--,0,0,买盘
986,13:18:10,16.66,0.01,228,379848,买盘
987,13:18:04,16.65,--,6,9990,买盘
988,13:17:55,16.65,-0.01,2,3329,买盘
989,13:17:40,16.66,0.03,150,249900,买盘
990,13:17:30,16.63,--,0,0,卖盘
991,13:17:25,16.63,-0.03,826,1373638,卖盘
992,13:17:19,16.66,--,13,21658,买盘
993,13:17:10,16.66,--,118,196588,买盘
994,13:17:04,16.66,--,41,68306,买盘
995,13:17:00,16.66,0.01,24,39984,买盘
996,13:16:55,16.65,0.02,20,33300,中性盘
997,13:16:49,16.63,0.03,234,389142,卖盘
998,13:16:45,16.6,--,0,0,卖盘
999,13:16:40,16.6,-0.05,32,53120,卖盘
1000,13:16:34,16.65,0.05,1144,1904759,买盘
1001,13:16:28,16.6,--,0,0,卖盘
1002,13:16:25,16.6,-0.02,130,215800,卖盘
1003,13:16:13,16.62,0.02,142,236004,买盘
1004,13:16:10,16.6,--,344,571720,卖盘
1005,13:16:04,16.6,-0.02,748,1241680,卖盘
1006,13:15:58,16.62,-0.02,84,139608,卖盘
1007,13:15:55,16.64,0.02,19,31616,买盘
1008,13:15:49,16.62,--,34,56508,卖盘
1009,13:15:43,16.62,--,10,16620,卖盘
1010,13:15:40,16.62,--,51,84762,卖盘
1011,13:15:34,16.62,-0.02,5,8310,卖盘
1012,13:15:28,16.64,--,13,21632,买盘
1013,13:15:25,16.64,0.02,47,78208,买盘
1014,13:15:19,16.62,-0.02,121,201102,卖盘
1015,13:15:13,16.64,--,221,367744,卖盘
1016,13:15:04,16.64,--,34,56576,卖盘
1017,13:14:58,16.64,--,29,48256,买盘
1018,13:14:55,16.64,-0.01,102,169728,卖盘
1019,13:14:49,16.65,0.01,73,121544,买盘
1020,13:14:34,16.64,--,13,21632,卖盘
1021,13:14:28,16.64,0.01,401,667264,买盘
1022,13:14:25,16.63,--,3,4989,买盘
1023,13:14:13,16.63,--,3,4989,卖盘
1024,13:14:10,16.63,-0.01,10,16630,卖盘
1025,13:14:04,16.64,--,41,68224,买盘
1026,13:13:55,16.64,--,183,304512,卖盘
1027,13:13:43,16.64,-0.01,20,33280,卖盘
1028,13:13:40,16.65,--,11,18315,买盘
1029,13:13:28,16.65,--,19,31634,卖盘
1030,13:13:25,16.65,-0.01,33,54944,卖盘
1031,13:13:19,16.66,0.01,3,4998,买盘
1032,13:13:13,16.65,--,10,16650,卖盘
1033,13:13:10,16.65,--,120,199799,卖盘
1034,13:13:04,16.65,--,11,18315,卖盘
1035,13:12:58,16.65,-0.01,1,1664,卖盘
1036,13:12:55,16.66,0.01,59,98294,买盘
1037,13:12:49,16.65,--,13,21644,卖盘
1038,13:12:40,16.65,--,10,16650,卖盘
1039,13:12:28,16.65,-0.01,17,28304,卖盘
1040,13:12:25,16.66,--,221,368186,买盘
1041,13:12:13,16.66,--,0,0,买盘
1042,13:12:09,16.66,0.02,1196,1992536,买盘
1043,13:11:58,16.64,-0.01,24,39936,卖盘
1044,13:11:49,16.65,--,47,78255,买盘
1045,13:11:39,16.65,0.01,99,164835,买盘
1046,13:11:34,16.64,--,2,3328,卖盘
1047,13:11:28,16.64,-0.01,90,149760,卖盘
1048,13:11:24,16.65,0.03,128,213119,买盘
1049,13:11:19,16.62,-0.02,25,41550,卖盘
1050,13:11:13,16.64,-0.01,3,4992,中性盘
1051,13:11:09,16.65,0.03,28,46619,买盘
1052,13:11:04,16.62,0.01,7,11634,中性盘
1053,13:10:58,16.61,-0.04,202,335522,卖盘
1054,13:10:54,16.65,0.02,12,19980,买盘
1055,13:10:49,16.63,0.01,10,16630,买盘
1056,13:10:43,16.62,-0.03,16,26592,中性盘
1057,13:10:39,16.65,0.03,51,84915,买盘
1058,13:10:34,16.62,-0.03,22,36564,卖盘
1059,13:10:28,16.65,0.02,126,209789,买盘
1060,13:10:24,16.63,--,0,0,卖盘
1061,13:10:19,16.63,-0.02,40,66520,中性盘
1062,13:10:13,16.65,--,28,46619,买盘
1063,13:10:04,16.65,--,155,258074,买盘
1064,13:09:58,16.65,--,1,1664,买盘
1065,13:09:54,16.65,--,19,31634,买盘
1066,13:09:43,16.65,0.03,106,176489,买盘
1067,13:09:39,16.62,-0.03,10,16620,卖盘
1068,13:09:34,16.65,0.04,165,274725,买盘
1069,13:09:28,16.61,-0.04,542,900262,卖盘
1070,13:09:22,16.65,0.01,127,211454,买盘
1071,13:09:19,16.64,--,30,49920,买盘
1072,13:09:04,16.64,0.03,31,51584,买盘
1073,13:08:58,16.61,--,5,8305,卖盘
1074,13:08:52,16.61,-0.04,141,234201,卖盘
1075,13:08:34,16.65,--,0,0,买盘
1076,13:08:28,16.65,--,60,99899,买盘
1077,13:08:22,16.65,--,14,23309,买盘
1078,13:08:19,16.65,0.04,16,26639,买盘
1079,13:08:13,16.61,-0.04,1,1661,卖盘
1080,13:08:07,16.65,0.01,49,81585,买盘
1081,13:08:04,16.64,-0.01,20,33280,买盘
1082,13:07:58,16.65,0.04,95,158175,买盘
1083,13:07:52,16.61,-0.04,10,16610,卖盘
1084,13:07:49,16.65,0.04,119,198134,买盘
1085,13:07:43,16.61,--,289,480029,卖盘
1086,13:07:37,16.61,--,337,559757,买盘
1087,13:07:34,16.61,-0.04,163,270743,卖盘
1088,13:07:28,16.65,0.04,1206,2007989,买盘
1089,13:07:22,16.61,--,0,0,卖盘
1090,13:07:19,16.61,-0.02,393,652773,卖盘
1091,13:07:13,16.63,0.02,37,61530,买盘
1092,13:07:07,16.61,-0.03,1,1661,卖盘
1093,13:07:04,16.64,--,100,166400,买盘
1094,13:06:58,16.64,0.03,37,61568,买盘
1095,13:06:52,16.61,--,20,33220,卖盘
1096,13:06:49,16.61,-0.03,175,290675,卖盘
1097,13:06:43,16.64,0.01,12,19968,买盘
1098,13:06:34,16.63,0.03,5,8315,买盘
1099,13:06:28,16.6,--,4,6640,卖盘
1100,13:06:19,16.6,-0.04,2,3320,卖盘
1101,13:06:04,16.64,0.04,10,16640,买盘
1102,13:05:58,16.6,--,16,26560,卖盘
1103,13:05:48,16.6,--,5,8300,卖盘
1104,13:05:28,16.6,--,13,21580,卖盘
1105,13:05:18,16.6,-0.01,14,23240,卖盘
1106,13:05:13,16.61,-0.03,2,3322,买盘
1107,13:05:07,16.64,--,0,0,买盘
1108,13:05:03,16.64,--,4,6656,买盘
1109,13:04:58,16.64,--,28,46592,卖盘
1110,13:04:43,16.64,0.02,30,49920,卖盘
1111,13:04:37,16.62,--,10,16620,买盘
1112,13:04:33,16.62,0.02,10,16620,买盘
1113,13:04:28,16.6,--,121,200860,卖盘
1114,13:04:18,16.6,-0.05,34,56440,卖盘
1115,13:04:07,16.65,0.05,127,211454,买盘
1116,13:04:03,16.6,--,1,1660,卖盘
1117,13:03:58,16.6,-0.02,542,899720,卖盘
1118,13:03:48,16.62,--,10,16620,买盘
1119,13:03:37,16.62,0.02,32,53184,买盘
1120,13:03:28,16.6,-0.05,50,83000,卖盘
1121,13:03:22,16.65,0.05,33,54944,买盘
1122,13:03:13,16.6,--,0,0,卖盘
1123,13:03:07,16.6,-0.03,140,232400,卖盘
1124,13:02:58,16.63,0.01,87,144681,买盘
1125,13:02:43,16.62,-0.03,4,6648,卖盘
1126,13:02:37,16.65,0.03,36,59939,买盘
1127,13:02:28,16.62,--,154,255948,卖盘
1128,13:02:22,16.62,--,0,0,卖盘
1129,13:02:16,16.62,--,3,4986,卖盘
1130,13:02:07,16.62,-0.03,39,64818,卖盘
1131,13:02:01,16.65,--,32,53279,买盘
1132,13:01:57,16.65,0.03,5,8325,买盘
1133,13:01:52,16.62,-0.03,127,211074,卖盘
1134,13:01:46,16.65,0.01,213,354644,中性盘
1135,13:01:42,16.64,--,24,39936,卖盘
1136,13:01:37,16.64,--,1162,1933568,卖盘
1137,13:01:31,16.64,-0.01,6,9984,卖盘
1138,13:01:27,16.65,0.01,43,71595,买盘
1139,13:01:12,16.64,-0.01,107,178048,卖盘
1140,13:01:07,16.65,--,28,46619,买盘
1141,13:01:01,16.65,--,562,935729,买盘
1142,13:00:57,16.65,0.01,139,231434,买盘
1143,13:00:52,16.64,-0.01,200,332800,中性盘
1144,13:00:42,16.65,--,21,34965,买盘
1145,13:00:37,16.65,0.03,12,19980,买盘
1146,13:00:27,16.62,--,123,204426,卖盘
1147,13:00:22,16.62,-0.02,140,232680,卖盘
1148,13:00:16,16.64,--,394,655616,买盘
1149,13:00:12,16.64,0.02,211,351104,中性盘
1150,13:00:07,16.62,--,1804,2999826,卖盘
1151,13:00:01,16.62,--,71,118002,卖盘
1152,11:30:00,16.62,--,0,0,卖盘
1153,11:29:59,16.62,-0.02,3,4986,卖盘
1154,11:29:58,16.64,--,86,143104,买盘
1155,11:29:53,16.64,0.01,313,520832,买盘
1156,11:29:47,16.63,0.01,29,48227,中性盘
1157,11:29:43,16.62,-0.01,4,6648,卖盘
1158,11:29:38,16.63,0.01,18,29934,买盘
1159,11:29:32,16.62,--,0,0,卖盘
1160,11:29:08,16.62,--,25,41550,卖盘
1161,11:28:43,16.62,-0.02,5,8310,卖盘
1162,11:28:38,16.64,--,11,18304,买盘
1163,11:28:32,16.64,0.02,13,21632,买盘
1164,11:28:23,16.62,-0.03,1,1662,卖盘
1165,11:28:17,16.65,0.01,155,258074,买盘
1166,11:28:08,16.64,--,504,840236,卖盘
1167,11:28:02,16.64,--,454,755456,卖盘
1168,11:27:53,16.64,0.02,267,444371,买盘
1169,11:27:38,16.62,-0.02,3,4986,卖盘
1170,11:27:28,16.64,--,24,39936,买盘
1171,11:27:23,16.64,--,0,0,买盘
1172,11:27:17,16.64,0.01,98,163072,买盘
1173,11:27:13,16.63,--,2,3326,买盘
1174,11:27:08,16.63,0.01,18,29934,中性盘
1175,11:27:02,16.62,-0.01,100,166200,卖盘
1176,11:26:53,16.63,0.01,472,784936,买盘
1177,11:26:47,16.62,0.01,66,109692,买盘
1178,11:26:43,16.61,--,26,43186,卖盘
1179,11:26:38,16.61,--,19,31559,卖盘
1180,11:26:32,16.61,--,272,451792,卖盘
1181,11:26:23,16.61,-0.01,34,56474,中性盘
1182,11:26:17,16.62,0.01,54,89748,买盘
1183,11:26:08,16.61,-0.01,35,58135,卖盘
1184,11:26:02,16.62,--,11,18282,卖盘
1185,11:25:53,16.62,-0.01,2,3324,卖盘
1186,11:25:38,16.63,--,22,36586,买盘
1187,11:25:32,16.63,--,9,14967,买盘
1188,11:25:26,16.63,--,69,116326,卖盘
1189,11:25:17,16.63,--,21,34923,卖盘
1190,11:25:11,16.63,-0.01,10,16630,卖盘
1191,11:25:02,16.64,--,21,34944,买盘
1192,11:24:47,16.64,--,23,38272,卖盘
1193,11:24:41,16.64,--,5,8320,卖盘
1194,11:24:38,16.64,--,3,4992,卖盘
1195,11:24:32,16.64,--,30,49920,卖盘
1196,11:24:23,16.64,0.01,17,28288,买盘
1197,11:24:17,16.63,--,125,207875,卖盘
1198,11:24:11,16.63,--,2,3326,卖盘
1199,11:24:08,16.63,--,3,4989,卖盘
1200,11:24:02,16.63,--,26,43238,卖盘
1201,11:23:56,16.63,--,12,19956,卖盘
1202,11:23:47,16.63,-0.02,29,48227,卖盘
1203,11:23:37,16.65,0.02,13,21644,买盘
1204,11:23:32,16.63,-0.02,5,8315,卖盘
1205,11:23:26,16.65,--,60,99899,买盘
1206,11:23:17,16.65,0.02,26,43289,买盘
1207,11:23:07,16.63,-0.02,90,149670,卖盘
1208,11:23:02,16.65,--,97,161505,买盘
1209,11:22:56,16.65,0.02,2,3329,买盘
1210,11:22:47,16.63,-0.02,501,833163,卖盘
1211,11:22:32,16.65,0.02,26,43289,买盘
1212,11:22:26,16.63,--,23,38332,卖盘
1213,11:22:22,16.63,-0.02,71,118073,卖盘
1214,11:22:11,16.65,0.02,17,28304,买盘
1215,11:22:07,16.63,--,25,41575,卖盘
1216,11:22:02,16.63,--,10,16630,卖盘
1217,11:21:56,16.63,--,75,124724,卖盘
1218,11:21:41,16.63,--,10,16630,卖盘
1219,11:21:37,16.63,-0.01,8,13304,卖盘
1220,11:21:26,16.64,-0.01,15,24960,买盘
1221,11:21:17,16.65,--,210,349649,买盘
1222,11:21:11,16.65,0.02,69,114884,买盘
1223,11:21:07,16.63,-0.02,1181,1964002,卖盘
1224,11:21:02,16.65,0.01,88,146520,买盘
1225,11:20:56,16.64,--,11,18304,卖盘
1226,11:20:52,16.64,-0.01,101,168064,卖盘
1227,11:20:47,16.65,--,27,44954,买盘
1228,11:20:41,16.65,0.01,110,183149,买盘
1229,11:20:37,16.64,--,70,116480,卖盘
1230,11:20:32,16.64,--,10,16640,卖盘
1231,11:20:26,16.64,--,27,44928,卖盘
1232,11:20:22,16.64,-0.01,15,24960,卖盘
1233,11:20:17,16.65,--,12,19980,买盘
1234,11:20:07,16.65,0.01,8,13319,买盘
1235,11:20:02,16.64,-0.01,17,28288,卖盘
1236,11:19:52,16.65,--,10,16650,卖盘
1237,11:19:46,16.65,0.01,19,31634,买盘
1238,11:19:41,16.64,-0.01,3,4992,卖盘
1239,11:19:37,16.65,0.01,15,24974,买盘
1240,11:19:32,16.64,-0.02,6,9984,卖盘
1241,11:19:26,16.66,0.02,16,26656,买盘
1242,11:19:11,16.64,--,29,48256,卖盘
1243,11:19:05,16.64,-0.02,10,16640,卖盘
1244,11:19:02,16.66,--,14,23324,买盘
1245,11:18:56,16.66,--,0,0,买盘
1246,11:18:50,16.66,0.03,35,58310,买盘
1247,11:18:47,16.63,-0.03,74,123061,卖盘
1248,11:18:41,16.66,0.03,27,44982,买盘
1249,11:18:31,16.63,--,0,0,卖盘
1250,11:18:26,16.63,-0.03,102,169626,卖盘
1251,11:18:20,16.66,--,70,116620,买盘
1252,11:18:17,16.66,--,149,248234,买盘
1253,11:18:11,16.66,--,254,423164,买盘
1254,11:18:05,16.66,0.01,543,904638,买盘
1255,11:18:01,16.65,--,1181,1966648,买盘
1256,11:17:56,16.65,0.02,89,148185,买盘
1257,11:17:47,16.63,--,121,201223,卖盘
1258,11:17:41,16.63,--,35,58205,卖盘
1259,11:17:35,16.63,--,0,0,卖盘
1260,11:17:31,16.63,-0.02,127,211201,卖盘
1261,11:17:26,16.65,0.01,91,151515,买盘
1262,11:17:20,16.64,0.01,11,18304,买盘
1263,11:17:16,16.63,-0.02,66,109758,卖盘
1264,11:17:11,16.65,--,44,73260,买盘
1265,11:17:05,16.65,--,117,194804,买盘
1266,11:17:01,16.65,0.01,322,536130,买盘
1267,11:16:56,16.64,0.01,96,159744,买盘
1268,11:16:46,16.63,--,1,1663,卖盘
1269,11:16:41,16.63,-0.02,11,18293,卖盘
1270,11:16:35,16.65,--,0,0,买盘
1271,11:16:26,16.65,0.02,11,18315,买盘
1272,11:16:20,16.63,-0.02,2,3326,卖盘
1273,11:16:11,16.65,--,69,114884,买盘
1274,11:16:05,16.65,0.02,61,101564,买盘
1275,11:16:01,16.63,-0.02,447,743361,卖盘
1276,11:15:56,16.65,--,351,584415,买盘
1277,11:15:41,16.65,--,78,129869,买盘
1278,11:15:35,16.65,0.02,71,118214,买盘
1279,11:15:31,16.63,-0.02,410,681830,卖盘
1280,11:15:26,16.65,0.01,135,224774,买盘
1281,11:15:20,16.64,--,27,44928,卖盘
1282,11:15:16,16.64,--,13,21632,卖盘
1283,11:15:11,16.64,--,56,93184,卖盘
1284,11:15:01,16.64,-0.01,100,166400,卖盘
1285,11:14:56,16.65,0.01,191,318015,买盘
1286,11:14:50,16.64,-0.01,1,1664,卖盘
1287,11:14:46,16.65,--,13,21644,买盘
1288,11:14:35,16.65,--,40,66600,买盘
1289,11:14:26,16.65,0.01,53,88244,买盘
1290,11:14:20,16.64,--,121,201344,卖盘
1291,11:14:11,16.64,0.01,2,3328,中性盘
1292,11:14:05,16.63,--,24,39912,卖盘
1293,11:14:01,16.63,--,6,9978,卖盘
1294,11:13:56,16.63,-0.01,25,41575,卖盘
1295,11:13:50,16.64,0.01,12,19968,买盘
1296,11:13:46,16.63,0.03,8,13304,买盘
1297,11:13:41,16.6,--,10,16600,卖盘
1298,11:13:35,16.6,-0.03,2,3320,卖盘
1299,11:13:31,16.63,0.03,1,1663,买盘
1300,11:13:26,16.6,-0.05,11,18260,卖盘
1301,11:13:16,16.65,--,0,0,买盘
1302,11:13:05,16.65,--,18,29969,买盘
1303,11:13:01,16.65,--,8,13319,买盘
1304,11:12:56,16.65,--,13,21644,买盘
1305,11:12:50,16.65,--,72,119879,买盘
1306,11:12:45,16.65,--,43,71595,买盘
1307,11:12:41,16.65,0.05,79,131535,买盘
1308,11:12:35,16.6,-0.05,1,1660,卖盘
1309,11:12:31,16.65,--,23,38295,买盘
1310,11:12:26,16.65,0.04,124,206459,买盘
1311,11:12:20,16.61,0.01,262,436544,买盘
1312,11:12:15,16.6,-0.05,652,1082618,卖盘
1313,11:12:11,16.65,0.04,291,484798,买盘
1314,11:12:05,16.61,--,136,227258,卖盘
1315,11:11:59,16.61,-0.04,117,195715,卖盘
1316,11:11:50,16.65,--,128,213119,买盘
1317,11:11:44,16.65,--,152,253079,买盘
1318,11:11:40,16.65,--,107,178154,买盘
1319,11:11:35,16.65,--,273,454544,买盘
1320,11:11:29,16.65,--,129,214784,买盘
1321,11:11:26,16.65,0.02,343,571095,买盘
1322,11:11:20,16.63,-0.02,1,1663,中性盘
1323,11:11:14,16.65,0.04,105,174824,买盘
1324,11:11:10,16.61,-0.03,338,561418,卖盘
1325,11:11:05,16.64,--,484,805376,卖盘
1326,11:10:59,16.64,-0.01,172,286208,卖盘
1327,11:10:55,16.65,0.01,465,774508,买盘
1328,11:10:50,16.64,0.04,361,600704,买盘
1329,11:10:44,16.6,--,104,172640,卖盘
1330,11:10:40,16.6,-0.01,250,415000,卖盘
1331,11:10:35,16.61,0.02,306,508266,买盘
1332,11:10:25,16.59,-0.01,137,227283,卖盘
1333,11:10:20,16.6,--,75,124500,买盘
1334,11:10:14,16.6,0.01,180,298800,买盘
1335,11:10:10,16.59,-0.01,39,64701,卖盘
1336,11:10:05,16.6,--,19,31540,买盘
1337,11:09:59,16.6,--,19,31540,买盘
1338,11:09:55,16.6,0.01,124,205840,买盘
1339,11:09:50,16.59,-0.01,96,159264,卖盘
1340,11:09:40,16.6,--,6,9960,中性盘
1341,11:09:35,16.6,0.01,75,124500,买盘
1342,11:09:29,16.59,--,0,0,卖盘
1343,11:09:20,16.59,-0.01,66,109494,卖盘
1344,11:09:14,16.6,0.02,17,28220,买盘
1345,11:09:10,16.58,-0.01,301,499057,卖盘
1346,11:09:05,16.59,--,161,267099,卖盘
1347,11:08:55,16.59,--,694,1151760,买盘
1348,11:08:50,16.59,0.01,99,164241,买盘
1349,11:08:44,16.58,-0.01,29,48081,卖盘
1350,11:08:35,16.59,--,528,877196,卖盘
1351,11:08:29,16.59,--,10,16590,卖盘
1352,11:08:25,16.59,-0.01,20,33180,卖盘
1353,11:08:20,16.6,0.01,405,672300,买盘
1354,11:08:14,16.59,-0.01,1,1659,卖盘
1355,11:08:05,16.6,0.01,61,101260,买盘
1356,11:07:59,16.59,-0.01,3,4977,卖盘
1357,11:07:55,16.6,--,691,1147060,买盘
1358,11:07:50,16.6,--,5,8300,买盘
1359,11:07:44,16.6,-0.01,1926,3198803,卖盘
1360,11:07:40,16.61,-0.02,5,8305,卖盘
1361,11:07:35,16.63,0.02,19,31596,买盘
1362,11:07:25,16.61,-0.02,2,3322,卖盘
1363,11:07:20,16.63,0.01,82,136366,买盘
1364,11:07:05,16.62,--,54,89748,卖盘
1365,11:06:55,16.62,0.01,439,729618,买盘
1366,11:06:50,16.61,-0.02,107,177727,卖盘
1367,11:06:44,16.63,0.02,55,91465,买盘
1368,11:06:40,16.61,-0.01,2363,3924943,买盘
1369,11:06:35,16.62,-0.01,57,94734,买盘
1370,11:06:29,16.63,--,1095,1820985,买盘
1371,11:06:25,16.63,0.01,385,640255,买盘
1372,11:06:20,16.62,0.02,254,422148,买盘
1373,11:06:14,16.6,-0.02,796,1321360,卖盘
1374,11:06:10,16.62,0.01,35,58170,买盘
1375,11:06:05,16.61,--,46,76422,买盘
1376,11:05:59,16.61,0.01,57,94677,买盘
1377,11:05:55,16.6,--,73,121180,卖盘
1378,11:05:44,16.6,-0.01,14,23240,卖盘
1379,11:05:40,16.61,0.01,10,16610,买盘
1380,11:05:35,16.6,--,20,33200,卖盘
1381,11:05:29,16.6,--,17,28220,卖盘
1382,11:05:25,16.6,-0.01,15,24900,卖盘
1383,11:05:20,16.61,--,47,78067,买盘
1384,11:05:14,16.61,--,81,134541,买盘
1385,11:05:10,16.61,--,254,421894,买盘
1386,11:05:05,16.61,--,134,222574,买盘
1387,11:04:59,16.61,0.01,17,28237,买盘
1388,11:04:55,16.6,--,118,195880,卖盘
1389,11:04:50,16.6,-0.01,31,51460,卖盘
1390,11:04:44,16.61,0.01,35,58135,买盘
1391,11:04:40,16.6,--,100,166000,卖盘
1392,11:04:35,16.6,-0.01,29,48140,卖盘
1393,11:04:29,16.61,0.01,43,71423,买盘
1394,11:04:24,16.6,--,13,21580,卖盘
1395,11:04:20,16.6,-0.01,31,51460,卖盘
1396,11:04:14,16.61,0.01,36,59796,买盘
1397,11:04:05,16.6,--,6,9960,卖盘
1398,11:03:59,16.6,-0.01,111,184260,卖盘
1399,11:03:50,16.61,--,24,39864,卖盘
1400,11:03:44,16.61,--,99,164439,买盘
1401,11:03:38,16.61,--,42,69762,买盘
1402,11:03:29,16.61,--,87,144507,卖盘
1403,11:03:23,16.61,-0.01,7,11627,卖盘
1404,11:03:20,16.62,0.01,18,29916,买盘
1405,11:03:14,16.61,--,42,69762,买盘
1406,11:03:08,16.61,--,89,147829,卖盘
1407,11:03:05,16.61,0.01,14,23254,卖盘
1408,11:02:59,16.6,-0.01,68,112880,卖盘
1409,11:02:53,16.61,--,5,8305,卖盘
1410,11:02:49,16.61,--,57,94677,买盘
1411,11:02:44,16.61,0.01,77,127897,买盘
1412,11:02:38,16.6,--,7,11620,卖盘
1413,11:02:34,16.6,--,53,87980,卖盘
1414,11:02:29,16.6,--,436,723760,卖盘
1415,11:02:23,16.6,--,20,33200,卖盘
1416,11:02:19,16.6,--,102,169320,卖盘
1417,11:02:14,16.6,--,30,49800,卖盘
1418,11:02:04,16.6,-0.01,510,846600,卖盘
1419,11:01:59,16.61,--,28,46508,买盘
1420,11:01:44,16.61,-0.01,140,232540,卖盘
1421,11:01:38,16.62,--,13,21606,买盘
1422,11:01:29,16.62,--,84,139608,买盘
1423,11:01:23,16.62,--,22,36564,买盘
1424,11:01:19,16.62,-0.01,173,287526,卖盘
1425,11:01:14,16.63,--,113,187919,买盘
1426,11:01:08,16.63,0.01,12,19956,买盘
1427,11:01:04,16.62,-0.01,11,18282,卖盘
1428,11:00:59,16.63,--,20,33260,买盘
1429,11:00:53,16.63,--,17,28271,卖盘
1430,11:00:49,16.63,-0.01,3,4989,卖盘
1431,11:00:44,16.64,0.01,35,58406,买盘
1432,11:00:34,16.63,-0.02,10,16630,买盘
1433,11:00:19,16.65,--,0,0,买盘
1434,11:00:14,16.65,0.02,77,128204,买盘
1435,11:00:04,16.63,--,155,257764,卖盘
1436,10:59:59,16.63,-0.01,2,3326,卖盘
1437,10:59:44,16.64,--,23,38272,买盘
1438,10:59:38,16.64,--,3,4992,买盘
1439,10:59:34,16.64,-0.01,108,180876,卖盘
1440,10:59:29,16.65,--,18,29969,买盘
1441,10:59:19,16.65,0.01,30,49949,中性盘
1442,10:59:08,16.64,-0.02,35,58240,卖盘
1443,10:59:04,16.66,0.01,26,43815,买盘
1444,10:58:59,16.65,--,9,14984,买盘
1445,10:58:53,16.65,0.01,49,81585,买盘
1446,10:58:49,16.64,--,38,63232,卖盘
1447,10:58:44,16.64,-0.02,42,69888,卖盘
1448,10:58:38,16.66,0.02,14,23324,买盘
1449,10:58:34,16.64,--,10,16640,卖盘
1450,10:58:29,16.64,--,62,103168,卖盘
1451,10:58:19,16.64,-0.02,1,1664,卖盘
1452,10:58:14,16.66,--,21,34986,买盘
1453,10:58:08,16.66,0.02,41,69139,买盘
1454,10:58:04,16.64,--,119,198016,买盘
1455,10:57:59,16.64,--,27,44928,买盘
1456,10:57:53,16.64,--,49,81536,买盘
1457,10:57:44,16.64,-0.03,245,407680,卖盘
1458,10:57:38,16.67,--,35,58345,买盘
1459,10:57:34,16.67,--,24,40008,买盘
1460,10:57:29,16.67,0.01,1344,2240448,买盘
1461,10:57:23,16.66,0.02,105,174930,买盘
1462,10:57:14,16.64,0.01,31,51584,卖盘
1463,10:57:08,16.63,--,0,0,卖盘
1464,10:57:04,16.63,--,6,9978,卖盘
1465,10:56:59,16.63,-0.02,7,11641,卖盘
1466,10:56:53,16.65,-0.01,63,104894,买盘
1467,10:56:49,16.66,--,0,0,买盘
1468,10:56:44,16.66,--,70,116620,买盘
1469,10:56:38,16.66,--,14,23324,买盘
1470,10:56:29,16.66,--,80,133280,买盘
1471,10:56:23,16.66,--,66,109956,买盘
1472,10:56:18,16.66,--,0,0,买盘
1473,10:56:14,16.66,--,155,258230,卖盘
1474,10:56:08,16.66,--,85,141610,卖盘
1475,10:56:04,16.66,-0.01,112,186592,卖盘
1476,10:55:59,16.67,0.01,96,160032,买盘
1477,10:55:52,16.66,0.02,322,536452,买盘
1478,10:55:48,16.64,-0.02,228,379392,卖盘
1479,10:55:43,16.66,--,53,88298,买盘
1480,10:55:38,16.66,0.02,143,238238,买盘
1481,10:55:32,16.64,--,5,8320,卖盘
1482,10:55:28,16.64,--,11,18304,卖盘
1483,10:55:23,16.64,-0.02,365,607360,买盘
1484,10:55:17,16.66,--,35,58310,买盘
1485,10:55:13,16.66,0.01,200,333200,买盘
1486,10:55:08,16.65,0.05,776,1292040,买盘
1487,10:55:02,16.6,--,150,249830,买盘
1488,10:54:59,16.6,-0.02,4815,7993730,卖盘
1489,10:54:53,16.62,--,138,229356,卖盘
1490,10:54:46,16.62,-0.01,107,177834,卖盘
1491,10:54:43,16.63,-0.01,58,96454,卖盘
1492,10:54:38,16.64,--,94,156416,买盘
1493,10:54:32,16.64,0.01,105,174720,买盘
1494,10:54:28,16.63,-0.01,67,111421,中性盘
1495,10:54:23,16.64,--,48,79872,买盘
1496,10:54:16,16.64,--,98,163072,买盘
1497,10:54:13,16.64,--,1,1664,买盘
1498,10:54:07,16.64,--,41,68224,买盘
1499,10:53:58,16.64,-0.01,205,341120,卖盘
1500,10:53:43,16.65,0.01,64,106559,买盘
1501,10:53:37,16.64,-0.01,4,6656,卖盘
1502,10:53:31,16.65,-0.01,264,439559,卖盘
1503,10:53:28,16.66,--,34,56644,买盘
1504,10:53:22,16.66,0.01,37,61642,买盘
1505,10:53:07,16.65,-0.01,84,139860,卖盘
1506,10:52:58,16.66,-0.01,12,19992,买盘
1507,10:52:53,16.67,--,281,468427,买盘
1508,10:52:46,16.67,0.01,64,106688,买盘
1509,10:52:43,16.66,-0.01,106,176596,卖盘
1510,10:52:37,16.67,0.01,161,268387,买盘
1511,10:52:31,16.66,--,30,49980,卖盘
1512,10:52:28,16.66,--,18,29988,卖盘
1513,10:52:22,16.66,--,431,718046,买盘
1514,10:52:16,16.66,0.01,26,43316,买盘
1515,10:52:13,16.65,-0.02,4,6659,卖盘
1516,10:52:07,16.67,--,48,80016,买盘
1517,10:52:01,16.67,--,0,0,买盘
1518,10:51:58,16.67,0.01,206,343402,买盘
1519,10:51:43,16.66,0.01,27,44982,买盘
1520,10:51:37,16.65,-0.01,58,96569,卖盘
1521,10:51:31,16.66,--,30,49980,卖盘
1522,10:51:28,16.66,--,51,84966,卖盘
1523,10:51:22,16.66,-0.01,11,18326,卖盘
1524,10:51:16,16.67,--,301,501767,买盘
1525,10:51:13,16.67,0.01,166,276722,买盘
1526,10:51:07,16.66,0.01,1398,2329068,中性盘
1527,10:51:01,16.65,-0.01,87,144855,卖盘
1528,10:50:58,16.66,-0.01,117,194922,买盘
1529,10:50:52,16.67,0.02,1110,1850370,买盘
1530,10:50:46,16.65,-0.01,48,79920,卖盘
1531,10:50:43,16.66,0.01,20,33320,买盘
1532,10:50:37,16.65,-0.01,238,396269,卖盘
1533,10:50:31,16.66,-0.01,65,108290,中性盘
1534,10:50:28,16.67,--,421,701807,买盘
1535,10:50:22,16.67,0.02,108,180036,买盘
1536,10:50:16,16.65,--,103,171494,买盘
1537,10:50:13,16.65,-0.02,51,84915,卖盘
1538,10:50:07,16.67,0.02,611,1018537,买盘
1539,10:50:01,16.65,-0.01,216,359639,卖盘
1540,10:49:58,16.66,0.01,162,269892,买盘
1541,10:49:52,16.65,--,5,8325,卖盘
1542,10:49:46,16.65,--,509,847484,卖盘
1543,10:49:43,16.65,--,50,83250,卖盘
1544,10:49:37,16.65,--,20,33300,卖盘
1545,10:49:31,16.65,-0.01,106,176489,卖盘
1546,10:49:28,16.66,0.01,7,11662,买盘
1547,10:49:22,16.65,-0.01,79,131535,中性盘
1548,10:49:16,16.66,--,373,621418,买盘
1549,10:49:07,16.66,--,123,204918,买盘
1550,10:49:01,16.66,0.02,80,133280,买盘
1551,10:48:57,16.64,-0.02,388,645632,卖盘
1552,10:48:52,16.66,--,0,0,买盘
1553,10:48:46,16.66,0.02,67,111622,买盘
1554,10:48:43,16.64,--,15,24960,卖盘
1555,10:48:37,16.64,-0.02,54,89856,卖盘
1556,10:48:31,16.66,-0.01,126,209916,买盘
1557,10:48:27,16.67,0.04,54,90018,买盘
1558,10:48:22,16.63,--,2,3326,卖盘
1559,10:48:16,16.63,-0.04,57,94791,卖盘
1560,10:48:12,16.67,0.04,172,286724,买盘
1561,10:48:07,16.63,-0.03,25,41841,卖盘
1562,10:48:01,16.66,0.01,875,1457750,买盘
1563,10:47:57,16.65,0.02,40,66600,买盘
1564,10:47:52,16.63,--,256,425728,买盘
1565,10:47:46,16.63,--,248,412424,买盘
1566,10:47:42,16.63,0.01,117,194571,买盘
1567,10:47:37,16.62,0.01,235,390570,买盘
1568,10:47:31,16.61,--,113,188523,卖盘
1569,10:47:25,16.61,--,50,83050,卖盘
1570,10:47:22,16.61,--,4,6644,卖盘
1571,10:47:16,16.61,--,61,101321,卖盘
1572,10:47:10,16.61,--,5,8305,卖盘
1573,10:47:07,16.61,-0.01,21,34881,卖盘
1574,10:47:01,16.62,0.01,78,129636,买盘
1575,10:46:52,16.61,--,23,38203,卖盘
1576,10:46:46,16.61,--,63,104643,卖盘
1577,10:46:37,16.61,-0.02,4,6644,卖盘
1578,10:46:31,16.63,--,15,24945,买盘
1579,10:46:22,16.63,-0.01,36,59868,卖盘
1580,10:46:16,16.64,0.01,49,81536,买盘
1581,10:46:10,16.63,--,25,41575,卖盘
1582,10:46:07,16.63,--,5,8315,卖盘
1583,10:46:01,16.63,--,1,1663,卖盘
1584,10:45:52,16.63,-0.02,26,43238,中性盘
1585,10:45:46,16.65,--,14,23776,买盘
1586,10:45:40,16.65,0.02,95,158175,买盘
1587,10:45:37,16.63,-0.02,15,24945,卖盘
1588,10:45:31,16.65,0.02,98,163702,买盘
1589,10:45:25,16.63,-0.01,64,106432,卖盘
1590,10:45:22,16.64,0.01,110,183206,买盘
1591,10:45:16,16.63,--,80,133040,卖盘
1592,10:45:10,16.63,--,28,46564,卖盘
1593,10:45:07,16.63,-0.01,58,96952,卖盘
1594,10:45:01,16.64,0.01,16,26624,买盘
1595,10:44:55,16.63,--,19,31596,卖盘
1596,10:44:52,16.63,--,113,187919,卖盘
1597,10:44:46,16.63,--,61,101443,卖盘
1598,10:44:37,16.63,-0.01,2,3326,卖盘
1599,10:44:22,16.64,-0.01,4,6656,卖盘
1600,10:44:16,16.65,--,16,26639,买盘
1601,10:44:10,16.65,0.02,6,9990,买盘
1602,10:44:07,16.63,--,30,49890,卖盘
1603,10:44:01,16.63,-0.03,37,61530,卖盘
1604,10:43:55,16.66,0.01,27,44982,买盘
1605,10:43:52,16.65,0.02,65,108224,买盘
1606,10:43:46,16.63,--,6,9978,卖盘
1607,10:43:37,16.63,--,5,8315,卖盘
1608,10:43:31,16.63,--,26,43238,卖盘
1609,10:43:22,16.63,-0.04,1,1663,卖盘
1610,10:43:16,16.67,0.01,110,183370,买盘
1611,10:43:10,16.66,--,19,31654,买盘
1612,10:43:07,16.66,--,111,184926,买盘
1613,10:43:01,16.66,-0.01,75,124950,买盘
1614,10:42:55,16.67,0.01,393,655131,买盘
1615,10:42:52,16.66,--,154,256564,卖盘
1616,10:42:46,16.66,-0.01,20,33320,卖盘
1617,10:42:40,16.67,--,67,111689,买盘
1618,10:42:37,16.67,0.01,15,25005,买盘
1619,10:42:31,16.66,--,201,334866,卖盘
1620,10:42:22,16.66,--,416,693056,卖盘
1621,10:42:16,16.66,-0.01,290,483140,卖盘
1622,10:42:10,16.67,--,37,61679,买盘
1623,10:42:07,16.67,--,126,210042,买盘
1624,10:42:01,16.67,0.04,565,942088,买盘
1625,10:41:55,16.63,-0.03,333,553779,卖盘
1626,10:41:52,16.66,--,516,859656,买盘
1627,10:41:46,16.66,--,453,754698,买盘
1628,10:41:40,16.66,--,427,711382,买盘
1629,10:41:36,16.66,--,70,116620,买盘
1630,10:41:31,16.66,0.01,1156,1925896,买盘
1631,10:41:25,16.65,--,85,141525,买盘
1632,10:41:21,16.65,--,41,68265,买盘
1633,10:41:16,16.65,0.02,467,777554,买盘
1634,10:41:10,16.63,-0.02,164,272732,卖盘
1635,10:41:06,16.65,--,149,248084,买盘
1636,10:41:01,16.65,0.01,160,266400,买盘
1637,10:40:55,16.64,--,61,101504,买盘
1638,10:40:51,16.64,--,166,276224,买盘
1639,10:40:46,16.64,--,231,384384,买盘
1640,10:40:40,16.64,--,319,530816,买盘
1641,10:40:36,16.64,0.01,28,46592,买盘
1642,10:40:31,16.63,-0.01,182,302666,中性盘
1643,10:40:25,16.64,--,91,151424,买盘
1644,10:40:21,16.64,--,14,23296,买盘
1645,10:40:16,16.64,--,124,206336,买盘
1646,10:40:10,16.64,0.01,151,251264,买盘
1647,10:40:06,16.63,--,144,239472,买盘
1648,10:40:01,16.63,0.01,250,415750,买盘
1649,10:39:55,16.62,-0.01,175,290850,卖盘
1650,10:39:49,16.63,--,324,538812,买盘
1651,10:39:46,16.63,0.01,130,216190,买盘
1652,10:39:40,16.62,--,445,739590,买盘
1653,10:39:34,16.62,--,54,89748,买盘
1654,10:39:31,16.62,0.01,28,46536,买盘
1655,10:39:25,16.61,-0.01,35,58135,中性盘
1656,10:39:19,16.62,0.01,28,46536,买盘
1657,10:39:16,16.61,-0.01,57,94677,中性盘
1658,10:39:10,16.62,--,172,285864,买盘
1659,10:39:04,16.62,--,3,4986,买盘
1660,10:39:01,16.62,0.03,71,118002,买盘
1661,10:38:55,16.59,-0.02,66,109494,卖盘
1662,10:38:49,16.61,--,42,69762,卖盘
1663,10:38:46,16.61,-0.02,26,43186,卖盘
1664,10:38:40,16.63,0.01,15,24945,买盘
1665,10:38:34,16.62,-0.01,57,94734,卖盘
1666,10:38:31,16.63,0.01,22,36586,买盘
1667,10:38:25,16.62,--,43,71466,买盘
1668,10:38:19,16.62,--,118,196116,买盘
1669,10:38:16,16.62,0.01,28,46536,买盘
1670,10:38:10,16.61,--,38,63118,买盘
1671,10:38:04,16.61,--,44,73084,买盘
1672,10:38:01,16.61,-0.01,30,49830,卖盘
1673,10:37:55,16.62,0.01,15,24930,买盘
1674,10:37:49,16.61,-0.01,27,44847,卖盘
1675,10:37:46,16.62,--,25,41550,买盘
1676,10:37:40,16.62,--,3,4986,买盘
1677,10:37:34,16.62,0.01,27,44874,买盘
1678,10:37:31,16.61,-0.01,26,43186,卖盘
1679,10:37:25,16.62,-0.01,150,249300,卖盘
1680,10:37:19,16.63,--,39,64856,买盘
1681,10:37:16,16.63,0.02,373,620299,买盘
1682,10:37:10,16.61,--,125,207625,买盘
1683,10:37:04,16.61,-0.02,88,146168,卖盘
1684,10:37:01,16.63,0.02,123,204549,买盘
1685,10:36:55,16.61,--,518,860398,卖盘
1686,10:36:46,16.61,--,113,187693,卖盘
1687,10:36:40,16.61,--,35,58135,卖盘
1688,10:36:34,16.61,--,3,4983,卖盘
1689,10:36:31,16.61,-0.02,93,154473,卖盘
1690,10:36:25,16.63,-0.01,45,74835,买盘
1691,10:36:19,16.64,0.03,19,31616,买盘
1692,10:36:16,16.61,-0.03,77,127897,卖盘
1693,10:36:10,16.64,0.03,104,173056,买盘
1694,10:36:04,16.61,--,5,8305,卖盘
1695,10:36:01,16.61,-0.03,35,58135,卖盘
1696,10:35:55,16.64,--,3,4992,买盘
1697,10:35:49,16.64,0.02,17,28288,买盘
1698,10:35:46,16.62,-0.01,28,46536,卖盘
1699,10:35:40,16.63,-0.01,87,144681,中性盘
1700,10:35:34,16.64,0.01,1,1664,买盘
1701,10:35:31,16.63,--,42,69846,买盘
1702,10:35:25,16.63,0.01,150,249449,买盘
1703,10:35:15,16.62,-0.02,30,50624,卖盘
1704,10:35:10,16.64,0.01,40,66560,买盘
1705,10:35:04,16.63,-0.01,16,26608,买盘
1706,10:35:00,16.64,--,0,0,买盘
1707,10:34:55,16.64,--,65,108160,买盘
1708,10:34:49,16.64,0.01,54,89856,买盘
1709,10:34:46,16.63,--,87,144681,卖盘
1710,10:34:40,16.63,--,17,28271,卖盘
1711,10:34:34,16.63,--,35,58205,卖盘
1712,10:34:30,16.63,--,18,29934,卖盘
1713,10:34:25,16.63,-0.01,74,123061,卖盘
1714,10:34:19,16.64,0.01,51,84864,买盘
1715,10:34:15,16.63,--,1,1663,卖盘
1716,10:34:10,16.63,0.01,127,211201,卖盘
1717,10:34:04,16.62,--,78,129636,卖盘
1718,10:34:00,16.62,--,0,16,卖盘
1719,10:33:55,16.62,-0.02,60,99720,卖盘
1720,10:33:49,16.64,0.02,33,55793,买盘
1721,10:33:45,16.62,0.02,53,88086,买盘
1722,10:33:40,16.6,--,200,332000,卖盘
1723,10:33:34,16.6,-0.04,56,92960,卖盘
1724,10:33:30,16.64,0.03,21,34944,买盘
1725,10:33:25,16.61,-0.03,60,99660,卖盘
1726,10:33:15,16.64,0.03,48,80271,买盘
1727,10:33:10,16.61,--,274,456376,卖盘
1728,10:33:04,16.61,-0.01,91,151151,卖盘
1729,10:33:00,16.62,--,15,24930,卖盘
1730,10:32:55,16.62,--,26,43212,卖盘
1731,10:32:49,16.62,-0.03,41,68142,卖盘
1732,10:32:45,16.65,0.03,20,33300,买盘
1733,10:32:40,16.62,--,14,23268,卖盘
1734,10:32:34,16.62,--,112,186144,卖盘
1735,10:32:30,16.62,-0.03,34,56508,卖盘
1736,10:32:25,16.65,--,102,169830,买盘
1737,10:32:19,16.65,0.02,78,129869,买盘
1738,10:32:15,16.63,-0.02,20,33260,卖盘
1739,10:32:10,16.65,-0.01,153,254744,卖盘
1740,10:32:04,16.66,0.01,9,14994,买盘
1741,10:31:58,16.65,--,22,36630,卖盘
1742,10:31:55,16.65,-0.01,6,9990,卖盘
1743,10:31:43,16.66,0.01,14,23324,买盘
1744,10:31:40,16.65,0.04,10,16650,买盘
1745,10:31:34,16.61,--,1134,1883574,卖盘
1746,10:31:28,16.61,-0.05,122,202642,卖盘
1747,10:31:25,16.66,-0.01,441,734706,卖盘
1748,10:31:19,16.67,--,772,1287324,买盘
1749,10:31:13,16.67,0.01,81,135027,买盘
1750,10:31:10,16.66,-0.01,280,466480,卖盘
1751,10:31:04,16.67,--,337,561779,买盘
1752,10:30:58,16.67,0.02,989,1649029,买盘
1753,10:30:55,16.65,0.03,209,347984,买盘
1754,10:30:49,16.62,-0.04,274,455388,卖盘
1755,10:30:43,16.66,0.01,162,269892,买盘
1756,10:30:40,16.65,-0.01,255,424574,中性盘
1757,10:30:34,16.66,--,160,266560,买盘
1758,10:30:28,16.66,--,671,1117886,买盘
1759,10:30:25,16.66,0.01,516,859656,买盘
1760,10:30:19,16.65,--,1410,2347650,买盘
1761,10:30:13,16.65,0.01,1529,2545785,买盘
1762,10:30:10,16.64,--,381,633984,买盘
1763,10:30:04,16.64,0.04,392,652288,买盘
1764,10:29:58,16.6,-0.04,311,516260,卖盘
1765,10:29:55,16.64,--,89,148096,买盘
1766,10:29:49,16.64,0.04,197,327808,买盘
1767,10:29:43,16.6,-0.04,268,444880,卖盘
1768,10:29:40,16.64,--,169,281216,买盘
1769,10:29:34,16.64,0.04,150,249600,买盘
1770,10:29:28,16.6,-0.04,382,634120,卖盘
1771,10:29:25,16.64,--,37,61568,买盘
1772,10:29:19,16.64,--,105,174720,买盘
1773,10:29:13,16.64,--,255,424320,买盘
1774,10:29:10,16.64,0.01,179,297856,买盘
1775,10:29:04,16.63,--,134,222842,卖盘
1776,10:28:58,16.63,--,10,16630,卖盘
1777,10:28:55,16.63,--,26,43238,卖盘
1778,10:28:49,16.63,--,294,488921,买盘
1779,10:28:43,16.63,0.03,48,79824,买盘
1780,10:28:39,16.6,--,94,156040,买盘
1781,10:28:34,16.6,--,126,209160,买盘
1782,10:28:28,16.6,--,11,18260,买盘
1783,10:28:25,16.6,--,28,46480,买盘
1784,10:28:19,16.6,0.01,11,18260,中性盘
1785,10:28:13,16.59,-0.04,20,33196,卖盘
1786,10:28:09,16.63,0.04,64,106432,买盘
1787,10:28:04,16.59,-0.01,46,76314,卖盘
1788,10:27:58,16.6,--,48,79680,卖盘
1789,10:27:54,16.6,--,1117,1854220,买盘
1790,10:27:49,16.6,0.01,22,36520,买盘
1791,10:27:43,16.59,--,182,301938,卖盘
1792,10:27:39,16.59,-0.01,89,147651,卖盘
1793,10:27:34,16.6,--,1,1660,买盘
1794,10:27:28,16.6,--,1005,1668300,买盘
1795,10:27:24,16.6,--,1626,2699160,卖盘
1796,10:27:09,16.6,-0.04,1211,2010260,卖盘
1797,10:27:04,16.64,0.01,130,216320,买盘
1798,10:26:58,16.63,--,68,113084,卖盘
1799,10:26:54,16.63,--,0,0,中性盘
1800,10:26:49,16.63,-0.01,2,3326,买盘
1801,10:26:43,16.64,--,0,0,买盘
1802,10:26:39,16.64,--,59,98176,买盘
1803,10:26:34,16.64,--,76,126464,卖盘
1804,10:26:28,16.64,-0.01,163,271232,中性盘
1805,10:26:24,16.65,0.01,83,138195,买盘
1806,10:26:19,16.64,--,17,28288,卖盘
1807,10:26:13,16.64,--,190,316160,卖盘
1808,10:26:09,16.64,--,74,123136,卖盘
1809,10:26:04,16.64,--,42,69888,卖盘
1810,10:25:58,16.64,--,36,59904,卖盘
1811,10:25:54,16.64,-0.01,146,242944,卖盘
1812,10:25:49,16.65,0.01,80,133200,买盘
1813,10:25:43,16.64,--,37,61568,卖盘
1814,10:25:39,16.64,--,228,379392,卖盘
1815,10:25:34,16.64,-0.01,2,3328,卖盘
1816,10:25:28,16.65,0.01,77,128204,买盘
1817,10:25:24,16.64,--,2,3328,卖盘
1818,10:25:19,16.64,-0.01,56,93184,卖盘
1819,10:25:13,16.65,--,60,99899,买盘
1820,10:25:04,16.65,-0.02,4,6659,中性盘
1821,10:24:58,16.67,0.04,1232,2053744,买盘
1822,10:24:54,16.63,-0.03,20,33260,卖盘
1823,10:24:49,16.66,0.01,199,331534,买盘
1824,10:24:43,16.65,-0.01,95,158175,卖盘
1825,10:24:39,16.66,--,150,249900,买盘
1826,10:24:34,16.66,-0.01,1,1666,买盘
1827,10:24:28,16.67,--,157,261719,买盘
1828,10:24:24,16.67,0.01,132,220044,买盘
1829,10:24:19,16.66,--,50,83300,卖盘
1830,10:24:13,16.66,--,113,188258,卖盘
1831,10:24:07,16.66,--,146,243236,卖盘
1832,10:24:04,16.66,-0.01,76,126616,卖盘
1833,10:23:58,16.67,0.01,110,183370,买盘
1834,10:23:52,16.66,--,10,16660,卖盘
1835,10:23:48,16.66,--,158,263228,卖盘
1836,10:23:43,16.66,--,65,108290,卖盘
1837,10:23:37,16.66,0.01,1832,3052661,买盘
1838,10:23:34,16.65,0.01,280,466199,买盘
1839,10:23:28,16.64,-0.01,328,545792,卖盘
1840,10:23:22,16.65,--,61,101564,买盘
1841,10:23:18,16.65,0.01,1203,2002994,买盘
1842,10:23:13,16.64,0.01,284,472576,买盘
1843,10:23:07,16.63,--,157,261090,卖盘
1844,10:23:03,16.63,0.01,546,907998,买盘
1845,10:22:58,16.62,--,745,1238190,买盘
1846,10:22:52,16.62,--,64,106368,买盘
1847,10:22:48,16.62,0.01,1057,1756734,买盘
1848,10:22:43,16.61,0.01,688,1144063,买盘
1849,10:22:37,16.6,--,106,175960,买盘
1850,10:22:33,16.6,--,541,898060,买盘
1851,10:22:28,16.6,0.01,364,604240,买盘
1852,10:22:22,16.59,-0.01,337,560310,卖盘
1853,10:22:18,16.6,0.01,763,1267011,买盘
1854,10:22:13,16.59,-0.01,311,515949,卖盘
1855,10:22:07,16.6,--,40,66400,买盘
1856,10:22:03,16.6,0.01,166,275560,买盘
1857,10:21:58,16.59,--,344,570696,卖盘
1858,10:21:52,16.59,--,3,4977,卖盘
1859,10:21:48,16.59,--,392,650328,卖盘
1860,10:21:43,16.59,0.03,185,306915,买盘
1861,10:21:37,16.56,--,54,89424,买盘
1862,10:21:33,16.56,-0.04,291,481895,卖盘
1863,10:21:28,16.6,0.03,162,268920,买盘
1864,10:21:22,16.57,-0.03,382,632974,中性盘
1865,10:21:18,16.6,--,645,1070700,买盘
1866,10:21:13,16.6,0.01,1495,2481700,买盘
1867,10:21:07,16.59,0.01,59,97881,买盘
1868,10:21:03,16.58,0.02,100,165799,买盘
1869,10:20:58,16.56,-0.03,8,13247,卖盘
1870,10:20:52,16.59,--,269,446271,买盘
1871,10:20:48,16.59,--,0,0,买盘
1872,10:20:43,16.59,0.01,1424,2362416,买盘
1873,10:20:37,16.58,0.02,37,61345,买盘
1874,10:20:33,16.56,--,143,236807,卖盘
1875,10:20:28,16.56,--,45,74520,卖盘
1876,10:20:22,16.56,-0.02,55,91080,卖盘
1877,10:20:18,16.58,--,0,0,买盘
1878,10:20:13,16.58,0.03,184,305071,买盘
1879,10:20:07,16.55,--,36,59580,卖盘
1880,10:20:03,16.55,--,184,304520,卖盘
1881,10:19:58,16.55,--,76,125780,卖盘
1882,10:19:52,16.55,--,6,9930,卖盘
1883,10:19:48,16.55,--,7,11585,卖盘
1884,10:19:37,16.55,-0.01,15,24825,卖盘
1885,10:19:33,16.56,-0.02,10,16560,卖盘
1886,10:19:28,16.58,0.03,12,19895,买盘
1887,10:19:22,16.55,-0.03,3,4965,卖盘
1888,10:19:18,16.58,0.03,19,31501,买盘
1889,10:19:13,16.55,--,6,9930,卖盘
1890,10:19:03,16.55,-0.03,41,67855,卖盘
1891,10:18:58,16.58,--,8,13263,卖盘
1892,10:18:52,16.58,-0.01,106,175747,中性盘
1893,10:18:48,16.59,0.02,153,253827,买盘
1894,10:18:43,16.57,-0.02,1,1657,中性盘
1895,10:18:37,16.59,--,36,59724,买盘
1896,10:18:33,16.59,0.01,70,116130,买盘
1897,10:18:28,16.58,0.01,161,266938,买盘
1898,10:18:22,16.57,0.04,13,21541,买盘
1899,10:18:18,16.53,-0.02,91,150423,卖盘
1900,10:18:07,16.55,--,45,74475,卖盘
1901,10:17:58,16.55,-0.03,1,1655,卖盘
1902,10:17:52,16.58,0.03,18,29843,中性盘
1903,10:17:48,16.55,-0.04,20,33100,卖盘
1904,10:17:37,16.59,-0.01,40,66360,中性盘
1905,10:17:33,16.6,--,39,64740,买盘
1906,10:17:28,16.6,0.01,39,64740,买盘
1907,10:17:22,16.59,--,228,378252,卖盘
1908,10:17:18,16.59,-0.01,134,222306,卖盘
1909,10:17:13,16.6,--,365,606082,买盘
1910,10:17:07,16.6,--,486,808237,买盘
1911,10:17:03,16.6,--,687,1140420,买盘
1912,10:16:58,16.6,--,189,313740,买盘
1913,10:16:52,16.6,0.01,640,1062400,买盘
1914,10:16:48,16.59,--,159,263781,买盘
1915,10:16:43,16.59,--,634,1051806,买盘
1916,10:16:37,16.59,--,767,1272453,买盘
1917,10:16:33,16.59,--,76,126084,买盘
1918,10:16:28,16.59,0.02,226,374934,买盘
1919,10:16:22,16.57,--,58,96106,卖盘
1920,10:16:18,16.57,-0.02,15,24855,卖盘
1921,10:16:13,16.59,0.01,372,617148,买盘
1922,10:16:07,16.58,0.02,392,650599,买盘
1923,10:16:01,16.56,--,728,1205568,卖盘
1924,10:15:58,16.56,-0.02,211,349416,卖盘
1925,10:15:52,16.58,0.01,194,321651,买盘
1926,10:15:46,16.57,0.01,69,114333,买盘
1927,10:15:43,16.56,--,128,211967,卖盘
1928,10:15:37,16.56,-0.01,119,197063,卖盘
1929,10:15:31,16.57,--,31,51367,买盘
1930,10:15:28,16.57,-0.01,106,175642,中性盘
1931,10:15:22,16.58,0.01,188,311703,买盘
1932,10:15:16,16.57,-0.01,51,84507,卖盘
1933,10:15:12,16.58,--,302,500715,买盘
1934,10:15:07,16.58,0.01,97,160825,买盘
1935,10:14:57,16.57,-0.02,214,354598,卖盘
1936,10:14:52,16.59,--,40,66360,买盘
1937,10:14:46,16.59,0.01,93,154287,买盘
1938,10:14:42,16.58,--,73,121033,卖盘
1939,10:14:37,16.58,-0.01,24,39791,卖盘
1940,10:14:31,16.59,--,56,92904,买盘
1941,10:14:27,16.59,0.01,96,159264,中性盘
1942,10:14:22,16.58,-0.01,261,432737,卖盘
1943,10:14:16,16.59,--,94,155946,卖盘
1944,10:14:12,16.59,--,267,442953,卖盘
1945,10:14:07,16.59,--,148,245532,卖盘
1946,10:14:01,16.59,--,468,776412,卖盘
1947,10:13:57,16.59,-0.01,26,43134,卖盘
1948,10:13:52,16.6,--,200,332000,买盘
1949,10:13:46,16.6,--,43,71380,买盘
1950,10:13:42,16.6,0.01,151,250660,买盘
1951,10:13:37,16.59,-0.01,160,265440,卖盘
1952,10:13:31,16.6,--,56,92960,买盘
1953,10:13:27,16.6,0.01,620,1029200,买盘
1954,10:13:22,16.59,-0.01,107,177513,卖盘
1955,10:13:16,16.6,0.01,159,263940,买盘
1956,10:13:12,16.59,-0.01,12,19908,卖盘
1957,10:13:07,16.6,0.01,498,826680,买盘
1958,10:13:01,16.59,-0.01,34,56406,卖盘
1959,10:12:57,16.6,0.02,93,154380,买盘
1960,10:12:52,16.58,-0.02,62,102795,卖盘
1961,10:12:46,16.6,0.02,77,127820,买盘
1962,10:12:42,16.58,-0.02,203,336573,中性盘
1963,10:12:37,16.6,0.01,616,1022560,买盘
1964,10:12:31,16.59,--,1197,1985823,买盘
1965,10:12:27,16.59,0.02,638,1058442,买盘
1966,10:12:22,16.57,-0.01,466,772162,卖盘
1967,10:12:16,16.58,--,538,892003,卖盘
1968,10:12:12,16.58,--,399,661541,卖盘
1969,10:12:07,16.58,--,314,521606,买盘
1970,10:12:01,16.58,0.02,10,16580,买盘
1971,10:11:57,16.56,--,738,1222128,卖盘
1972,10:11:52,16.56,--,67,110951,中性盘
1973,10:11:46,16.56,-0.02,4,6623,卖盘
1974,10:11:42,16.58,0.02,52,87857,买盘
1975,10:11:37,16.56,-0.02,366,606096,卖盘
1976,10:11:31,16.58,--,37,61345,买盘
1977,10:11:27,16.58,0.01,49,81241,买盘
1978,10:11:22,16.57,--,15,24855,卖盘
1979,10:11:16,16.57,-0.01,209,346313,中性盘
1980,10:11:12,16.58,--,130,215539,买盘
1981,10:11:07,16.58,--,410,679779,买盘
1982,10:11:01,16.58,0.01,237,392945,买盘
1983,10:10:57,16.57,0.01,527,873239,买盘
1984,10:10:52,16.56,-0.01,678,1122768,中性盘
1985,10:10:46,16.57,0.02,112,185584,买盘
1986,10:10:42,16.55,-0.02,1552,2568560,卖盘
1987,10:10:37,16.57,--,1647,2729079,买盘
1988,10:10:31,16.57,0.02,238,394366,买盘
1989,10:10:27,16.55,0.01,107,177085,卖盘
1990,10:10:22,16.54,-0.03,1072,1773088,卖盘
1991,10:10:16,16.57,0.01,174,288318,买盘
1992,10:10:12,16.56,0.01,1137,1882871,买盘
1993,10:10:07,16.55,-0.01,12,19860,买盘
1994,10:10:01,16.56,0.01,307,508391,买盘
1995,10:09:52,16.55,--,40,66200,买盘
1996,10:09:46,16.55,-0.01,210,347550,卖盘
1997,10:09:37,16.56,--,120,198719,买盘
1998,10:09:31,16.56,--,574,950543,买盘
1999,10:09:27,16.56,--,13,21528,买盘
2000,10:09:22,16.56,--,129,213623,买盘
2001,10:09:16,16.56,--,91,150696,买盘
2002,10:09:12,16.56,0.01,327,541512,买盘
2003,10:09:07,16.55,-0.01,16,26480,卖盘
2004,10:09:01,16.56,0.01,68,112607,买盘
2005,10:08:57,16.55,--,111,183705,卖盘
2006,10:08:52,16.55,-0.01,346,572630,卖盘
2007,10:08:46,16.56,0.02,207,342792,买盘
2008,10:08:42,16.54,-0.02,311,514394,卖盘
2009,10:08:37,16.56,0.02,1043,1727787,买盘
2010,10:08:31,16.54,-0.01,860,1422440,卖盘
2011,10:08:22,16.55,0.01,26,43030,买盘
2012,10:08:16,16.54,--,13,21502,卖盘
2013,10:08:10,16.54,--,7,11578,卖盘
2014,10:08:06,16.54,-0.01,55,90970,卖盘
2015,10:08:01,16.55,0.01,37,61235,买盘
2016,10:07:55,16.54,-0.01,5,8270,卖盘
2017,10:07:51,16.55,--,80,132400,买盘
2018,10:07:46,16.55,0.01,67,110885,买盘
2019,10:07:40,16.54,-0.01,27,44658,卖盘
2020,10:07:36,16.55,--,147,243285,买盘
2021,10:07:31,16.55,0.01,99,163845,买盘
2022,10:07:25,16.54,-0.01,16,26464,卖盘
2023,10:07:21,16.55,0.01,95,157225,买盘
2024,10:07:16,16.54,--,43,71122,卖盘
2025,10:07:10,16.54,-0.01,277,458158,卖盘
2026,10:07:06,16.55,0.01,79,130745,买盘
2027,10:07:01,16.54,-0.01,127,210058,卖盘
2028,10:06:55,16.55,--,73,120815,买盘
2029,10:06:51,16.55,-0.01,229,378995,卖盘
2030,10:06:46,16.56,--,148,245087,买盘
2031,10:06:40,16.56,--,50,82800,买盘
2032,10:06:36,16.56,--,402,665712,买盘
2033,10:06:31,16.56,0.01,120,198719,买盘
2034,10:06:25,16.55,--,234,387270,卖盘
2035,10:06:21,16.55,0.01,280,463400,买盘
2036,10:06:16,16.54,-0.01,157,259678,卖盘
2037,10:06:10,16.55,--,360,595800,买盘
2038,10:06:06,16.55,--,663,1097265,买盘
2039,10:06:01,16.55,--,27,44685,买盘
2040,10:05:55,16.55,0.01,85,140675,买盘
2041,10:05:51,16.54,-0.01,63,104202,卖盘
2042,10:05:46,16.55,--,33,54615,买盘
2043,10:05:40,16.55,0.01,15,24825,买盘
2044,10:05:36,16.54,--,95,157130,买盘
2045,10:05:31,16.54,--,58,95932,卖盘
2046,10:05:25,16.54,--,140,231560,买盘
2047,10:05:21,16.54,-0.02,305,504470,买盘
2048,10:05:16,16.56,0.03,116,192095,买盘
2049,10:05:10,16.53,-0.01,29,47937,卖盘
2050,10:05:06,16.54,--,62,102548,卖盘
2051,10:05:01,16.54,0.01,362,598748,买盘
2052,10:04:55,16.53,--,10,16530,卖盘
2053,10:04:51,16.53,--,83,137199,买盘
2054,10:04:46,16.53,--,2190,3620070,卖盘
2055,10:04:40,16.53,--,10,16530,卖盘
2056,10:04:36,16.53,--,3,4959,卖盘
2057,10:04:31,16.53,--,129,213237,卖盘
2058,10:04:25,16.53,--,20,33060,卖盘
2059,10:04:21,16.53,--,348,575244,卖盘
2060,10:04:16,16.53,-0.01,269,444657,卖盘
2061,10:04:10,16.54,0.01,2100,3473400,买盘
2062,10:04:06,16.53,-0.01,37,61161,卖盘
2063,10:04:01,16.54,0.01,160,264640,买盘
2064,10:03:55,16.53,--,12,19836,卖盘
2065,10:03:51,16.53,-0.01,124,204972,卖盘
2066,10:03:46,16.54,0.01,742,1227268,买盘
2067,10:03:36,16.53,--,387,639711,买盘
2068,10:03:31,16.53,-0.01,47,77691,中性盘
2069,10:03:25,16.54,--,85,140590,买盘
2070,10:03:21,16.54,0.01,18,29772,买盘
2071,10:03:15,16.53,-0.01,1,1653,卖盘
2072,10:03:10,16.54,--,33,54582,买盘
2073,10:03:06,16.54,0.01,29,47966,买盘
2074,10:03:01,16.53,0.01,54,89262,中性盘
2075,10:02:55,16.52,-0.01,32,52864,卖盘
2076,10:02:51,16.53,-0.01,82,135546,卖盘
2077,10:02:45,16.54,--,30,49620,买盘
2078,10:02:36,16.54,0.01,125,206750,买盘
2079,10:02:31,16.53,-0.01,17,28101,中性盘
2080,10:02:25,16.54,0.02,31,51274,买盘
2081,10:02:21,16.52,-0.03,36,59472,卖盘
2082,10:02:16,16.55,0.01,57,94335,买盘
2083,10:02:10,16.54,0.01,185,305990,买盘
2084,10:02:06,16.53,--,79,130587,买盘
2085,10:02:00,16.53,-0.01,133,219849,中性盘
2086,10:01:55,16.54,0.02,146,241484,买盘
2087,10:01:51,16.52,--,388,640976,卖盘
2088,10:01:45,16.52,-0.03,1,1652,卖盘
2089,10:01:40,16.55,--,174,287970,买盘
2090,10:01:35,16.55,--,27,44685,买盘
2091,10:01:30,16.55,--,1147,1898285,买盘
2092,10:01:25,16.55,0.03,156,258180,买盘
2093,10:01:20,16.52,--,0,0,卖盘
2094,10:01:15,16.52,-0.03,58,95816,卖盘
2095,10:01:10,16.55,--,869,1438195,买盘
2096,10:01:04,16.55,0.03,82,135710,买盘
2097,10:01:00,16.52,-0.02,546,901992,卖盘
2098,10:00:55,16.54,0.01,510,843540,买盘
2099,10:00:49,16.53,--,461,762033,卖盘
2100,10:00:45,16.53,--,1508,2492724,买盘
2101,10:00:40,16.53,--,623,1029819,买盘
2102,10:00:34,16.53,0.01,40,66120,买盘
2103,10:00:30,16.52,--,1771,2925692,卖盘
2104,10:00:25,16.52,0.01,672,1110144,买盘
2105,10:00:19,16.51,--,399,658749,买盘
2106,10:00:15,16.51,--,603,995553,卖盘
2107,10:00:10,16.51,0.01,1004,1657604,买盘
2108,10:00:04,16.5,-0.01,129,212850,买盘
2109,10:00:00,16.51,0.01,57,94107,买盘
2110,09:59:55,16.5,--,91,150150,卖盘
2111,09:59:49,16.5,--,37,61050,卖盘
2112,09:59:45,16.5,-0.01,265,437250,卖盘
2113,09:59:40,16.51,--,118,194818,买盘
2114,09:59:34,16.51,0.02,310,511810,买盘
2115,09:59:30,16.49,-0.01,538,887161,卖盘
2116,09:59:25,16.5,0.01,71,117150,买盘
2117,09:59:19,16.49,-0.01,87,143463,卖盘
2118,09:59:15,16.5,--,49,80850,买盘
2119,09:59:10,16.5,--,217,358050,买盘
2120,09:59:04,16.5,0.01,22,36300,买盘
2121,09:59:00,16.49,-0.02,156,257243,卖盘
2122,09:58:55,16.51,0.01,91,150241,买盘
2123,09:58:49,16.5,--,95,156750,买盘
2124,09:58:45,16.5,--,48,79200,卖盘
2125,09:58:40,16.5,--,57,94050,卖盘
2126,09:58:34,16.5,--,21,34650,卖盘
2127,09:58:30,16.5,--,54,89100,卖盘
2128,09:58:25,16.5,--,118,194700,卖盘
2129,09:58:19,16.5,-0.01,8,13200,卖盘
2130,09:58:10,16.51,--,114,188214,买盘
2131,09:58:04,16.51,--,3,4953,买盘
2132,09:58:00,16.51,--,106,175006,卖盘
2133,09:57:55,16.51,--,26,42926,卖盘
2134,09:57:49,16.51,--,77,127127,卖盘
2135,09:57:45,16.51,-0.01,24,39624,卖盘
2136,09:57:40,16.52,0.01,165,272580,买盘
2137,09:57:34,16.51,-0.01,19,31369,卖盘
2138,09:57:30,16.52,0.01,125,206500,买盘
2139,09:57:25,16.51,--,27,44577,卖盘
2140,09:57:19,16.51,--,39,64389,卖盘
2141,09:57:15,16.51,--,50,82550,卖盘
2142,09:57:09,16.51,--,9,14859,卖盘
2143,09:57:04,16.51,--,209,345059,卖盘
2144,09:57:00,16.51,0.01,27,44577,买盘
2145,09:56:55,16.5,--,1209,1994850,卖盘
2146,09:56:49,16.5,--,45,74250,卖盘
2147,09:56:45,16.5,--,62,102300,卖盘
2148,09:56:39,16.5,-0.01,6,9900,卖盘
2149,09:56:34,16.51,--,16,26416,买盘
2150,09:56:30,16.51,-0.01,337,556387,卖盘
2151,09:56:24,16.52,--,133,219716,卖盘
2152,09:56:19,16.52,--,13,21476,卖盘
2153,09:56:15,16.52,-0.01,323,533596,卖盘
2154,09:56:09,16.53,--,23,38019,买盘
2155,09:56:04,16.53,--,30,49590,买盘
2156,09:56:00,16.53,0.01,38,62814,买盘
2157,09:55:54,16.52,--,107,176764,卖盘
2158,09:55:49,16.52,--,8,13216,卖盘
2159,09:55:45,16.52,-0.01,25,41300,卖盘
2160,09:55:39,16.53,--,154,254562,买盘
2161,09:55:34,16.53,--,47,77691,买盘
2162,09:55:30,16.53,0.01,149,246297,买盘
2163,09:55:24,16.52,--,156,257712,卖盘
2164,09:55:19,16.52,--,335,553420,卖盘
2165,09:55:15,16.52,--,108,178416,卖盘
2166,09:55:09,16.52,-0.01,60,99120,卖盘
2167,09:55:04,16.53,0.02,529,874437,买盘
2168,09:55:00,16.51,-0.01,1,1651,卖盘
2169,09:54:54,16.52,-0.01,41,67732,中性盘
2170,09:54:49,16.53,--,709,1171977,买盘
2171,09:54:44,16.53,--,154,254562,买盘
2172,09:54:39,16.53,--,105,173565,买盘
2173,09:54:34,16.53,0.01,417,689301,买盘
2174,09:54:29,16.52,0.03,201,332052,买盘
2175,09:54:24,16.49,-0.03,599,987750,卖盘
2176,09:54:19,16.52,--,745,1231731,买盘
2177,09:54:14,16.52,--,45,74340,买盘
2178,09:54:09,16.52,0.01,318,525336,买盘
2179,09:54:04,16.51,--,545,899795,买盘
2180,09:53:59,16.51,--,255,421005,买盘
2181,09:53:54,16.51,0.01,371,612521,买盘
2182,09:53:49,16.5,--,1745,2879250,买盘
2183,09:53:44,16.5,0.01,47,77550,买盘
2184,09:53:39,16.49,-0.01,566,933333,卖盘
2185,09:53:34,16.5,0.01,286,471900,买盘
2186,09:53:29,16.49,--,145,239104,买盘
2187,09:53:24,16.49,0.02,728,1200472,买盘
2188,09:53:19,16.47,--,143,235520,卖盘
2189,09:53:14,16.47,-0.01,22,36234,卖盘
2190,09:53:09,16.48,--,96,158208,买盘
2191,09:53:04,16.48,--,93,153264,中性盘
2192,09:52:58,16.48,--,19,31312,买盘
2193,09:52:54,16.48,0.01,195,321360,买盘
2194,09:52:49,16.47,-0.02,40,65880,卖盘
2195,09:52:39,16.49,0.02,1157,1907892,买盘
2196,09:52:34,16.47,-0.01,42,69174,买盘
2197,09:52:28,16.48,--,0,0,买盘
2198,09:52:24,16.48,--,123,202704,买盘
2199,09:52:19,16.48,--,54,88992,买盘
2200,09:52:13,16.48,-0.01,35,57680,买盘
2201,09:52:09,16.49,0.01,145,239104,买盘
2202,09:52:04,16.48,--,89,146672,卖盘
2203,09:51:58,16.48,-0.01,30,49440,卖盘
2204,09:51:54,16.49,0.01,62,102237,买盘
2205,09:51:49,16.48,-0.01,58,95584,卖盘
2206,09:51:43,16.49,0.01,66,108833,买盘
2207,09:51:39,16.48,--,128,210944,卖盘
2208,09:51:34,16.48,--,97,160680,买盘
2209,09:51:24,16.48,--,173,285104,买盘
2210,09:51:19,16.48,0.01,503,828944,买盘
2211,09:51:13,16.47,0.01,155,255284,买盘
2212,09:51:09,16.46,--,860,1415560,买盘
2213,09:51:04,16.46,0.01,483,795018,买盘
2214,09:50:58,16.45,0.01,2,3290,买盘
2215,09:50:54,16.44,0.01,96,157824,买盘
2216,09:50:49,16.43,0.01,80,131440,买盘
2217,09:50:43,16.42,--,130,213460,买盘
2218,09:50:39,16.42,-0.01,294,482748,卖盘
2219,09:50:34,16.43,--,132,216876,买盘
2220,09:50:24,16.43,--,1,1643,买盘
2221,09:50:19,16.43,0.01,15,24645,中性盘
2222,09:50:13,16.42,--,716,1175672,买盘
2223,09:50:09,16.42,-0.03,563,924446,卖盘
2224,09:50:04,16.45,0.02,206,338870,买盘
2225,09:49:58,16.43,-0.02,24,39432,中性盘
2226,09:49:54,16.45,0.03,37,60865,买盘
2227,09:49:48,16.42,-0.01,14,22988,卖盘
2228,09:49:43,16.43,0.01,8,13144,买盘
2229,09:49:39,16.42,-0.01,131,215102,卖盘
2230,09:49:33,16.43,--,99,162657,买盘
2231,09:49:24,16.43,--,2,3286,中性盘
2232,09:49:18,16.43,--,13,21359,卖盘
2233,09:49:13,16.43,0.01,1,1643,卖盘
2234,09:49:09,16.42,--,138,226596,卖盘
2235,09:49:03,16.42,--,12,19704,卖盘
2236,09:48:54,16.42,--,0,0,卖盘
2237,09:48:48,16.42,-0.03,30,49260,卖盘
2238,09:48:43,16.45,0.04,6,9870,买盘
2239,09:48:39,16.41,--,111,182151,卖盘
2240,09:48:33,16.41,-0.06,7,11487,卖盘
2241,09:48:28,16.47,--,1,1647,买盘
2242,09:48:24,16.47,0.01,37,60938,买盘
2243,09:48:18,16.46,-0.01,7,11522,买盘
2244,09:48:13,16.47,--,0,0,买盘
2245,09:48:09,16.47,--,17,27998,买盘
2246,09:48:03,16.47,-0.01,159,261872,卖盘
2247,09:47:58,16.48,0.01,25,41200,买盘
2248,09:47:54,16.47,-0.02,26,42822,卖盘
2249,09:47:48,16.49,--,57,93992,买盘
2250,09:47:43,16.49,--,48,79151,卖盘
2251,09:47:39,16.49,-0.03,428,705771,卖盘
2252,09:47:33,16.52,0.04,1408,2326016,买盘
2253,09:47:28,16.48,-0.01,178,293344,卖盘
2254,09:47:23,16.49,0.01,121,199528,买盘
2255,09:47:18,16.48,-0.01,1077,1774896,卖盘
2256,09:47:13,16.49,0.01,83,136867,买盘
2257,09:47:09,16.48,-0.02,200,329600,卖盘
2258,09:47:03,16.5,0.48,365,602250,买盘
2259,09:46:58,16.02,-0.46,3937,6307074,卖盘
2260,09:46:53,16.48,0.48,331,546658,买盘
2261,09:46:48,16.0,-0.49,5709,9134864,卖盘
2262,09:46:43,16.49,0.01,4102,6764197,中性盘
2263,09:46:38,16.48,-0.01,4135,6814480,卖盘
2264,09:46:33,16.49,0.01,543,895406,买盘
2265,09:46:28,16.48,-0.01,3600,5932800,卖盘
2266,09:46:23,16.49,--,313,516136,买盘
2267,09:46:18,16.49,-0.01,370,610130,中性盘
2268,09:46:13,16.5,--,2388,3940200,买盘
2269,09:46:08,16.5,--,1215,2004750,买盘
2270,09:46:03,16.5,0.03,33,54450,买盘
2271,09:45:58,16.47,-0.01,1303,2146041,中性盘
2272,09:45:53,16.48,-0.02,24,39552,中性盘
2273,09:45:48,16.5,0.01,685,1130250,买盘
2274,09:45:43,16.49,--,1355,2235219,买盘
2275,09:45:38,16.49,0.01,388,639811,买盘
2276,09:45:33,16.48,-0.01,798,1316059,卖盘
2277,09:45:28,16.49,0.01,1009,1663840,买盘
2278,09:45:23,16.48,--,224,369152,买盘
2279,09:45:18,16.48,0.01,585,964080,买盘
2280,09:45:13,16.47,0.01,523,862220,买盘
2281,09:45:07,16.46,0.01,272,447712,买盘
2282,09:45:03,16.45,-0.01,550,904750,买盘
2283,09:44:58,16.46,0.01,10,16460,买盘
2284,09:44:52,16.45,--,205,338343,买盘
2285,09:44:48,16.45,0.02,24,39480,买盘
2286,09:44:43,16.43,--,71,116653,买盘
2287,09:44:37,16.43,-0.03,74,121582,中性盘
2288,09:44:33,16.46,--,69,114232,买盘
2289,09:44:28,16.46,0.01,127,209042,买盘
2290,09:44:22,16.45,--,238,391510,买盘
2291,09:44:18,16.45,0.03,595,978775,买盘
2292,09:44:13,16.42,--,1327,2178934,卖盘
2293,09:44:07,16.42,-0.01,560,919520,卖盘
2294,09:44:03,16.43,-0.03,165,271095,卖盘
2295,09:43:58,16.46,--,99,163102,卖盘
2296,09:43:52,16.46,-0.01,42,69132,卖盘
2297,09:43:48,16.47,0.01,50,82350,买盘
2298,09:43:43,16.46,--,37,60902,卖盘
2299,09:43:37,16.46,0.03,69,115071,买盘
2300,09:43:33,16.43,-0.03,2,3286,卖盘
2301,09:43:28,16.46,0.02,178,292988,买盘
2302,09:43:18,16.44,--,249,409356,买盘
2303,09:43:13,16.44,-0.02,505,830220,卖盘
2304,09:43:03,16.46,0.01,1,1646,买盘
2305,09:42:57,16.45,-0.02,1325,2179625,卖盘
2306,09:42:52,16.47,0.01,33,54350,买盘
2307,09:42:48,16.46,--,319,525074,卖盘
2308,09:42:42,16.46,--,94,154724,买盘
2309,09:42:37,16.46,0.01,29,47734,卖盘
2310,09:42:33,16.45,--,0,0,卖盘
2311,09:42:27,16.45,-0.02,43,70735,卖盘
2312,09:42:22,16.47,0.02,23,37881,买盘
2313,09:42:18,16.45,--,114,187530,卖盘
2314,09:42:12,16.45,-0.01,137,225365,卖盘
2315,09:42:07,16.46,-0.01,92,151432,中性盘
2316,09:42:03,16.47,0.01,92,151524,买盘
2317,09:41:57,16.46,--,185,304510,买盘
2318,09:41:52,16.46,-0.01,400,658400,卖盘
2319,09:41:48,16.47,-0.01,1126,1854521,卖盘
2320,09:41:42,16.48,0.01,97,159856,买盘
2321,09:41:37,16.47,--,59,97173,卖盘
2322,09:41:33,16.47,--,576,948671,卖盘
2323,09:41:27,16.47,0.01,259,426572,买盘
2324,09:41:22,16.46,-0.01,11,18106,卖盘
2325,09:41:18,16.47,--,100,164700,买盘
2326,09:41:12,16.47,--,406,668682,买盘
2327,09:41:07,16.47,-0.01,179,294813,卖盘
2328,09:41:03,16.48,--,400,659200,卖盘
2329,09:40:57,16.48,-0.01,302,497696,中性盘
2330,09:40:52,16.49,--,150,247349,买盘
2331,09:40:48,16.49,0.01,357,588693,买盘
2332,09:40:42,16.48,--,244,402112,买盘
2333,09:40:37,16.48,-0.01,76,125248,买盘
2334,09:40:33,16.49,0.01,284,468315,买盘
2335,09:40:27,16.48,-0.01,268,441664,卖盘
2336,09:40:22,16.49,0.01,17,28032,买盘
2337,09:40:17,16.48,0.01,74,121952,买盘
2338,09:40:12,16.47,--,1211,1996098,卖盘
2339,09:40:07,16.47,-0.01,463,762561,卖盘
2340,09:40:02,16.48,0.01,883,1455184,买盘
2341,09:39:57,16.47,--,28,46116,卖盘
2342,09:39:52,16.47,--,452,744444,卖盘
2343,09:39:47,16.47,0.01,182,299754,中性盘
2344,09:39:42,16.46,--,479,788434,卖盘
2345,09:39:37,16.46,--,63,103698,卖盘
2346,09:39:32,16.46,--,104,171184,买盘
2347,09:39:27,16.46,-0.01,97,159662,卖盘
2348,09:39:22,16.47,--,0,0,买盘
2349,09:39:17,16.47,0.02,61,100467,买盘
2350,09:39:12,16.45,-0.02,990,1628550,卖盘
2351,09:39:07,16.47,0.02,10,16470,买盘
2352,09:39:02,16.45,-0.02,63,103635,卖盘
2353,09:38:57,16.47,--,28,46116,买盘
2354,09:38:52,16.47,0.02,60,98820,买盘
2355,09:38:47,16.45,--,3,4935,卖盘
2356,09:38:42,16.45,--,74,121730,卖盘
2357,09:38:37,16.45,-0.02,170,279650,中性盘
2358,09:38:32,16.47,--,135,222344,买盘
2359,09:38:27,16.47,0.03,1242,2045573,买盘
2360,09:38:22,16.44,-0.01,7,11508,卖盘
2361,09:38:17,16.45,--,147,241815,买盘
2362,09:38:12,16.45,--,121,199045,买盘
2363,09:38:07,16.45,--,63,103635,买盘
2364,09:38:02,16.45,0.01,249,410822,买盘
2365,09:37:57,16.44,--,36,59184,买盘
2366,09:37:52,16.44,0.02,224,368256,买盘
2367,09:37:47,16.42,--,12,19704,卖盘
2368,09:37:42,16.42,--,45,73890,卖盘
2369,09:37:37,16.42,-0.02,894,1467948,卖盘
2370,09:37:32,16.44,0.02,54,88776,买盘
2371,09:37:27,16.42,-0.02,35,57470,卖盘
2372,09:37:22,16.44,0.02,199,327156,买盘
2373,09:37:16,16.42,-0.01,92,151064,卖盘
2374,09:37:12,16.43,--,1180,1938740,买盘
2375,09:37:07,16.43,-0.01,358,588194,买盘
2376,09:36:57,16.44,0.01,131,215791,买盘
2377,09:36:52,16.43,-0.01,139,228377,卖盘
2378,09:36:42,16.44,0.01,63,103572,买盘
2379,09:36:37,16.43,--,70,115010,卖盘
2380,09:36:31,16.43,--,3,4929,卖盘
2381,09:36:27,16.43,-0.01,250,411965,卖盘
2382,09:36:22,16.44,--,129,212076,卖盘
2383,09:36:16,16.44,--,112,184128,卖盘
2384,09:36:12,16.44,-0.01,42,69048,卖盘
2385,09:36:06,16.45,0.01,91,149695,买盘
2386,09:35:57,16.44,--,286,470184,卖盘
2387,09:35:51,16.44,0.01,66,108504,卖盘
2388,09:35:46,16.43,-0.02,3,4929,买盘
2389,09:35:42,16.45,0.06,55,90475,买盘
2390,09:35:36,16.39,-0.04,993,1627527,卖盘
2391,09:35:31,16.43,--,521,856003,卖盘
2392,09:35:27,16.43,-0.02,162,266166,卖盘
2393,09:35:21,16.45,--,87,143115,买盘
2394,09:35:16,16.45,0.02,409,672805,买盘
2395,09:35:12,16.43,--,356,584908,卖盘
2396,09:35:06,16.43,--,408,670344,买盘
2397,09:35:01,16.43,--,188,308884,买盘
2398,09:34:57,16.43,-0.01,1045,1716935,卖盘
2399,09:34:51,16.44,0.01,124,203856,买盘
2400,09:34:46,16.43,0.01,12,19716,买盘
2401,09:34:42,16.42,-0.01,30,49260,买盘
2402,09:34:36,16.43,0.01,81,133083,买盘
2403,09:34:31,16.42,0.02,60,98520,买盘
2404,09:34:27,16.4,-0.01,5,8200,卖盘
2405,09:34:21,16.41,--,209,342969,买盘
2406,09:34:16,16.41,0.01,36,59076,买盘
2407,09:34:12,16.4,-0.01,170,278800,卖盘
2408,09:34:06,16.41,0.02,1138,1867884,买盘
2409,09:34:01,16.39,-0.01,12,19668,卖盘
2410,09:33:57,16.4,0.01,890,1461026,买盘
2411,09:33:51,16.39,--,528,865392,买盘
2412,09:33:46,16.39,--,72,118008,买盘
2413,09:33:42,16.39,--,297,486783,买盘
2414,09:33:36,16.39,--,114,186846,买盘
2415,09:33:31,16.39,0.02,12,19668,买盘
2416,09:33:26,16.37,--,147,240639,卖盘
2417,09:33:21,16.37,-0.01,285,466545,卖盘
2418,09:33:16,16.38,--,130,212940,买盘
2419,09:33:11,16.38,--,157,257165,买盘
2420,09:33:06,16.38,--,72,117936,买盘
2421,09:33:01,16.38,--,1,1638,买盘
2422,09:32:56,16.38,--,315,515969,卖盘
2423,09:32:51,16.38,--,3,4914,卖盘
2424,09:32:46,16.38,--,151,247337,卖盘
2425,09:32:41,16.38,--,312,511055,卖盘
2426,09:32:36,16.38,--,472,773136,卖盘
2427,09:32:31,16.38,--,30,49140,卖盘
2428,09:32:21,16.38,0.01,52,85176,买盘
2429,09:32:16,16.37,-0.02,16,26192,卖盘
2430,09:32:11,16.39,--,0,0,买盘
2431,09:32:06,16.39,0.01,37,60643,买盘
2432,09:32:01,16.38,0.01,77,126125,中性盘
2433,09:31:56,16.37,-0.01,902,1476574,卖盘
2434,09:31:51,16.38,-0.01,277,453726,卖盘
2435,09:31:46,16.39,0.01,26,42614,买盘
2436,09:31:41,16.38,--,62,101556,卖盘
2437,09:31:36,16.38,--,23,38722,卖盘
2438,09:31:31,16.38,--,90,147420,卖盘
2439,09:31:21,16.38,--,371,607698,卖盘
2440,09:31:16,16.38,-0.01,619,1013921,卖盘
2441,09:31:11,16.39,--,45,73755,买盘
2442,09:31:06,16.39,0.02,2324,3809036,买盘
2443,09:31:01,16.37,--,78,127686,买盘
2444,09:30:56,16.37,-0.01,88,144056,卖盘
2445,09:30:51,16.38,--,71,116298,买盘
2446,09:30:46,16.38,--,210,343980,买盘
2447,09:30:41,16.38,--,34,55692,买盘
2448,09:30:36,16.38,0.01,145,237510,买盘
2449,09:30:31,16.37,0.01,113,184981,买盘
2450,09:30:26,16.36,-0.02,774,1266264,卖盘
2451,09:30:21,16.38,--,182,298116,买盘
2452,09:30:16,16.38,--,585,958230,买盘
2453,09:30:11,16.38,--,823,1348074,买盘
2454,09:30:06,16.38,-0.01,3075,5036850,卖盘
2455,09:28:55,16.39,--,0,0,买盘
2456,09:25:07,16.39,16.39,2738,4487582,买盘
