,time,price,change,volume,amount,type
0,15:00:00,12.31,--,0,0,卖盘
1,15:00:00,12.31,-0.03,0,0,卖盘
2,14:59:55,12.34,0.04,107,132679,买盘
3,14:59:49,12.3,--,36,44870,卖盘
4,14:59:40,12.3,--,10,12300,卖盘
5,14:59:34,12.3,0.01,82,101499,买盘
6,14:59:25,12.29,--,1,1229,卖盘
7,14:59:19,12.29,-0.01,36,44244,卖盘
8,14:59:10,12.3,--,26,31980,买盘
9,14:59:04,12.3,--,32,39360,买盘
10,14:58:55,12.3,--,49,60860,卖盘
11,14:58:45,12.3,--,0,0,卖盘
12,14:58:40,12.3,-0.05,7,8610,卖盘
13,14:58:34,12.35,--,10,12350,买盘
14,14:58:30,12.35,--,1025,1265875,卖盘
15,14:58:25,12.35,--,21,25935,卖盘
16,14:58:19,12.35,0.05,54,66690,买盘
17,14:58:10,12.3,--,10,12300,卖盘
18,14:58:04,12.3,--,65,79950,卖盘
19,14:57:49,12.3,--,16,19680,卖盘
20,14:57:40,12.3,--,222,273699,买盘
21,14:57:34,12.3,0.01,4,4920,买盘
22,14:57:24,12.29,--,39,47931,卖盘
23,14:57:19,12.29,-0.01,3,3686,卖盘
24,14:57:09,12.3,--,110,135300,买盘
25,14:57:04,12.3,0.01,42,51660,买盘
26,14:57:00,12.29,--,200,245799,卖盘
27,14:56:54,12.29,--,2,2458,卖盘
28,14:56:49,12.29,--,63,77427,买盘
29,14:56:45,12.29,--,16,19664,买盘
30,14:56:34,12.29,--,2,2458,买盘
31,14:56:24,12.29,-0.01,301,369929,卖盘
32,14:56:04,12.3,--,25,30750,买盘
33,14:56:00,12.3,--,15,18450,买盘
34,14:55:54,12.3,--,860,1058390,卖盘
35,14:55:45,12.3,--,42,51660,卖盘
36,14:55:39,12.3,0.01,117,144549,买盘
37,14:55:34,12.29,0.01,54,66366,中性盘
38,14:55:30,12.28,-0.02,200,245600,卖盘
39,14:55:19,12.3,--,90,110700,买盘
40,14:55:15,12.3,-0.01,98,121130,卖盘
41,14:55:09,12.31,0.01,14,17234,卖盘
42,14:55:04,12.3,-0.01,133,163590,卖盘
43,14:54:54,12.31,-0.04,18,22158,卖盘
44,14:54:39,12.35,--,0,0,买盘
45,14:54:34,12.35,0.02,11,13585,买盘
46,14:54:30,12.33,0.03,8,9864,卖盘
47,14:54:14,12.3,--,0,0,卖盘
48,14:54:09,12.3,-0.03,300,369578,卖盘
49,14:53:59,12.33,-0.02,30,36990,卖盘
50,14:53:54,12.35,0.02,7,8645,买盘
51,14:53:49,12.33,--,9,11097,卖盘
52,14:53:39,12.33,--,6,7398,卖盘
53,14:53:34,12.33,-0.01,23,28359,卖盘
54,14:53:29,12.34,--,4,4936,卖盘
55,14:53:24,12.34,-0.01,12,14808,卖盘
56,14:53:14,12.35,--,0,0,买盘
57,14:53:09,12.35,0.02,7,8645,买盘
58,14:53:04,12.33,--,0,0,卖盘
59,14:52:59,12.33,-0.03,10,12330,卖盘
60,14:52:54,12.36,0.02,22,27192,买盘
61,14:52:49,12.34,-0.01,26,32084,卖盘
62,14:52:39,12.35,--,3,3705,卖盘
63,14:52:34,12.35,--,14,17290,买盘
64,14:52:29,12.35,--,16,19760,买盘
65,14:52:24,12.35,--,20,24700,买盘
66,14:52:14,12.35,0.02,7,8645,买盘
67,14:52:09,12.33,-0.01,100,123300,卖盘
68,14:52:04,12.34,--,3,3763,买盘
69,14:51:54,12.34,--,9,12278,卖盘
70,14:51:49,12.34,--,27,33318,卖盘
71,14:51:39,12.34,--,3,3763,买盘
72,14:51:34,12.34,--,7,8638,买盘
73,14:51:28,12.34,0.01,1,1234,买盘
74,14:51:24,12.33,-0.01,30,36990,卖盘
75,14:51:19,12.34,--,2,3640,卖盘
76,14:51:13,12.34,--,4,4997,买盘
77,14:50:54,12.34,-0.01,114,140676,卖盘
78,14:50:49,12.35,--,0,0,卖盘
79,14:50:43,12.35,-0.02,100,123500,卖盘
80,14:50:33,12.37,--,7,8659,买盘
81,14:50:18,12.37,-0.01,29,35873,卖盘
82,14:50:13,12.38,0.01,13,16094,买盘
83,14:50:03,12.37,-0.01,18,22266,卖盘
84,14:49:54,12.38,--,7,8666,买盘
85,14:49:48,12.38,0.01,10,12380,买盘
86,14:49:43,12.37,--,5,6185,卖盘
87,14:49:38,12.37,-0.01,6,7421,卖盘
88,14:49:33,12.38,0.02,7,8666,买盘
89,14:49:28,12.36,-0.01,15,18540,卖盘
90,14:49:18,12.37,--,45,55665,卖盘
91,14:49:03,12.37,--,6,7421,卖盘
92,14:48:53,12.37,--,27,33399,卖盘
93,14:48:38,12.37,-0.01,13,16080,卖盘
94,14:48:33,12.38,0.01,8,9904,买盘
95,14:48:28,12.37,-0.01,7,8659,卖盘
96,14:48:13,12.38,--,11,13618,买盘
97,14:47:58,12.38,0.01,7,8666,买盘
98,14:47:53,12.37,--,6,7421,卖盘
99,14:47:48,12.37,--,1,1237,卖盘
100,14:47:43,12.37,-0.01,14,17318,卖盘
101,14:47:33,12.38,--,7,8666,买盘
102,14:47:28,12.38,--,4,4952,买盘
103,14:47:18,12.38,--,43,53234,买盘
104,14:47:08,12.38,-0.01,169,210398,卖盘
105,14:47:03,12.39,-0.01,3,3717,卖盘
106,14:46:58,12.4,0.01,7,8680,买盘
107,14:46:43,12.39,-0.01,6,7434,卖盘
108,14:46:33,12.4,0.01,27,33480,买盘
109,14:46:13,12.39,--,10,12451,买盘
110,14:45:58,12.39,--,8,11089,卖盘
111,14:45:48,12.39,--,5,6195,卖盘
112,14:45:38,12.39,0.01,0,61,买盘
113,14:45:33,12.38,-0.01,7,8666,卖盘
114,14:45:28,12.39,--,3,3717,买盘
115,14:45:18,12.39,0.01,7,8673,买盘
116,14:45:03,12.38,-0.01,6,7428,卖盘
117,14:44:58,12.39,--,7,8673,买盘
118,14:44:38,12.39,0.01,7,8673,买盘
119,14:44:28,12.38,-0.01,6,7428,卖盘
120,14:44:18,12.39,--,7,8673,买盘
121,14:44:13,12.39,-0.01,7,9850,卖盘
122,14:43:58,12.4,0.01,7,8680,买盘
123,14:43:53,12.39,--,6,7434,卖盘
124,14:43:48,12.39,--,1,1239,卖盘
125,14:43:43,12.39,--,12,14929,买盘
126,14:43:22,12.39,--,7,8673,买盘
127,14:43:17,12.39,--,8,11089,卖盘
128,14:43:07,12.39,--,8,9973,买盘
129,14:43:02,12.39,--,7,8673,买盘
130,14:42:52,12.39,--,5,7372,卖盘
131,14:42:42,12.39,--,20,24780,卖盘
132,14:42:27,12.39,-0.01,0,61,卖盘
133,14:42:22,12.4,--,17,21080,买盘
134,14:42:07,12.4,-0.01,116,143840,卖盘
135,14:42:02,12.41,--,7,8687,买盘
136,14:41:41,12.41,0.01,7,8687,买盘
137,14:41:37,12.4,--,21,26040,卖盘
138,14:41:32,12.4,--,2,2480,卖盘
139,14:41:27,12.4,-0.01,5,6200,卖盘
140,14:41:22,12.41,0.01,7,8687,买盘
141,14:41:12,12.4,-0.01,26,32240,卖盘
142,14:41:02,12.41,0.01,7,8687,买盘
143,14:40:57,12.4,-0.01,2,2480,卖盘
144,14:40:42,12.41,0.01,6,7446,买盘
145,14:40:32,12.4,--,6,7440,卖盘
146,14:40:27,12.4,-0.01,6,7440,卖盘
147,14:40:22,12.41,0.01,7,8687,买盘
148,14:40:12,12.4,-0.02,5,6200,卖盘
149,14:40:07,12.42,0.02,7,8694,买盘
150,14:39:52,12.4,-0.02,6,7440,卖盘
151,14:39:42,12.42,--,7,8694,买盘
152,14:39:27,12.42,0.02,7,8694,买盘
153,14:39:17,12.4,-0.02,6,7440,卖盘
154,14:39:12,12.42,--,0,0,买盘
155,14:39:07,12.42,0.03,7,8694,买盘
156,14:38:57,12.39,-0.03,26,32214,卖盘
157,14:38:47,12.42,0.02,7,8694,买盘
158,14:38:42,12.4,-0.02,44,54560,卖盘
159,14:38:27,12.42,--,7,8694,买盘
160,14:38:12,12.42,--,14,17388,卖盘
161,14:38:07,12.42,--,24,29808,卖盘
162,14:37:57,12.42,-0.01,10,12420,卖盘
163,14:37:47,12.43,--,7,8701,买盘
164,14:37:37,12.43,--,2,2486,卖盘
165,14:37:27,12.43,0.01,5,6215,买盘
166,14:37:22,12.42,-0.01,30,37260,卖盘
167,14:37:07,12.43,--,7,8701,买盘
168,14:36:57,12.43,--,2,2486,卖盘
169,14:36:47,12.43,--,5,6215,买盘
170,14:36:27,12.43,--,9,11187,卖盘
171,14:36:21,12.43,--,90,111870,卖盘
172,14:36:16,12.43,-0.01,5,6215,卖盘
173,14:36:06,12.44,0.01,7,8708,买盘
174,14:35:51,12.43,--,14,17402,卖盘
175,14:35:31,12.43,--,6,7458,卖盘
176,14:35:27,12.43,--,17,21131,卖盘
177,14:35:16,12.43,-0.01,9,11187,卖盘
178,14:35:11,12.44,0.01,14,17416,买盘
179,14:35:01,12.43,-0.01,50,62150,卖盘
180,14:34:51,12.44,0.01,7,8708,买盘
181,14:34:46,12.43,-0.01,7,8701,卖盘
182,14:34:31,12.44,0.01,7,8708,买盘
183,14:34:21,12.43,--,114,141702,买盘
184,14:34:11,12.43,0.01,7,8701,买盘
185,14:34:05,12.42,--,16,19872,卖盘
186,14:34:01,12.42,--,45,55890,卖盘
187,14:33:51,12.42,0.01,3,3726,买盘
188,14:33:36,12.41,-0.01,7,8687,卖盘
189,14:33:31,12.42,-0.01,7,8694,买盘
190,14:33:16,12.43,0.02,7,8701,买盘
191,14:33:06,12.41,--,39,48399,卖盘
192,14:33:01,12.41,-0.01,6,7446,卖盘
193,14:32:51,12.42,--,7,8694,买盘
194,14:32:35,12.42,0.01,7,8694,卖盘
195,14:32:31,12.41,--,290,359890,卖盘
196,14:32:26,12.41,-0.01,6,7446,卖盘
197,14:32:16,12.42,--,6,7452,买盘
198,14:31:51,12.42,--,33,40986,买盘
199,14:31:35,12.42,--,7,8694,买盘
200,14:31:31,12.42,0.01,96,119232,买盘
201,14:31:26,12.41,--,1,1241,卖盘
202,14:31:16,12.41,--,33,40953,卖盘
203,14:31:01,12.41,--,20,24820,卖盘
204,14:30:51,12.41,--,25,31025,买盘
205,14:30:36,12.41,--,9,11169,卖盘
206,14:30:16,12.41,--,13,16133,买盘
207,14:30:06,12.41,--,1,1241,卖盘
208,14:30:01,12.41,-0.01,1,1241,卖盘
209,14:29:56,12.42,--,7,8694,买盘
210,14:29:45,12.42,-0.02,331,411102,卖盘
211,14:29:41,12.44,--,0,0,买盘
212,14:29:36,12.44,0.02,7,8708,买盘
213,14:29:30,12.42,--,269,334098,卖盘
214,14:29:26,12.42,--,5,6210,卖盘
215,14:29:21,12.42,-0.01,10,12420,卖盘
216,14:29:15,12.43,0.01,32,39776,买盘
217,14:29:06,12.42,--,0,0,卖盘
218,14:29:00,12.42,-0.01,11,13662,卖盘
219,14:28:45,12.43,--,5,6215,卖盘
220,14:28:35,12.43,0.01,2,2486,买盘
221,14:28:25,12.42,--,0,0,卖盘
222,14:28:21,12.42,--,12,14904,卖盘
223,14:28:11,12.42,-0.01,5,6210,卖盘
224,14:28:00,12.43,--,11,13673,卖盘
225,14:27:51,12.43,-0.01,6,7458,卖盘
226,14:27:36,12.44,0.01,7,8708,买盘
227,14:27:29,12.43,0.01,90,111870,买盘
228,14:27:25,12.42,-0.01,10,12420,卖盘
229,14:27:20,12.43,0.01,7,8701,买盘
230,14:27:15,12.42,-0.01,6,7452,卖盘
231,14:26:59,12.43,0.01,7,8701,买盘
232,14:26:40,12.42,-0.01,13,16146,卖盘
233,14:26:20,12.43,0.01,7,8701,买盘
234,14:26:10,12.42,--,31,38502,买盘
235,14:25:59,12.42,--,7,8694,买盘
236,14:25:55,12.42,--,0,0,买盘
237,14:25:40,12.42,--,7,8694,买盘
238,14:25:30,12.42,-0.01,48,59616,卖盘
239,14:25:25,12.43,0.01,7,8701,买盘
240,14:25:10,12.42,-0.01,60,74520,卖盘
241,14:24:59,12.43,0.01,13,16159,买盘
242,14:24:55,12.42,-0.01,10,12420,卖盘
243,14:24:45,12.43,0.01,7,8701,买盘
244,14:24:40,12.42,--,50,62100,卖盘
245,14:24:25,12.42,-0.01,13,16146,卖盘
246,14:24:05,12.43,0.01,7,8701,买盘
247,14:23:59,12.42,-0.01,4,4968,卖盘
248,14:23:55,12.43,0.01,27,33561,买盘
249,14:23:50,12.42,-0.01,6,7452,卖盘
250,14:23:44,12.43,--,10,12430,买盘
251,14:23:25,12.43,0.01,7,8701,买盘
252,14:23:14,12.42,-0.01,7,8694,卖盘
253,14:23:10,12.43,0.01,1,1243,买盘
254,14:23:05,12.42,-0.01,86,106812,卖盘
255,14:22:44,12.43,0.01,7,8701,买盘
256,14:22:40,12.42,--,6,7452,卖盘
257,14:22:30,12.42,--,19,23598,买盘
258,14:22:23,12.42,--,17,21114,买盘
259,14:22:05,12.42,--,13,16146,买盘
260,14:21:45,12.42,0.02,7,8694,买盘
261,14:21:29,12.4,-0.02,6,7440,卖盘
262,14:21:24,12.42,0.01,7,8694,买盘
263,14:21:08,12.41,0.01,7,8687,买盘
264,14:20:53,12.4,-0.01,7,8680,卖盘
265,14:20:50,12.41,-0.01,3,3723,卖盘
266,14:20:45,12.42,--,7,8694,买盘
267,14:20:30,12.42,0.01,7,8694,买盘
268,14:20:24,12.41,-0.01,6,7446,卖盘
269,14:20:09,12.42,0.01,7,8694,买盘
270,14:19:59,12.41,--,5,6205,卖盘
271,14:19:54,12.41,--,10,12410,卖盘
272,14:19:44,12.41,--,203,251923,买盘
273,14:19:29,12.41,0.01,7,8687,买盘
274,14:19:14,12.4,-0.01,6,7440,卖盘
275,14:19:09,12.41,--,17,21097,买盘
276,14:18:49,12.41,0.01,17,21097,买盘
277,14:18:38,12.4,-0.01,6,7440,卖盘
278,14:18:34,12.41,--,7,8687,买盘
279,14:18:29,12.41,-0.01,132,163812,卖盘
280,14:18:23,12.42,--,7,8694,卖盘
281,14:18:18,12.42,--,85,105570,买盘
282,14:18:08,12.42,0.01,7,8694,买盘
283,14:18:04,12.41,-0.01,7,8687,卖盘
284,14:17:49,12.42,--,7,8694,买盘
285,14:17:34,12.42,--,13,16146,买盘
286,14:17:23,12.42,--,3,3726,卖盘
287,14:17:19,12.42,--,189,234738,买盘
288,14:17:09,12.42,--,7,8694,买盘
289,14:16:53,12.42,--,61,75762,卖盘
290,14:16:44,12.42,--,7,8694,卖盘
291,14:16:34,12.42,0.01,6,7452,买盘
292,14:16:23,12.41,--,0,0,卖盘
293,14:16:19,12.41,-0.02,50,62050,卖盘
294,14:16:14,12.43,0.01,7,8701,买盘
295,14:15:59,12.42,-0.01,5,6210,卖盘
296,14:15:53,12.43,--,0,0,买盘
297,14:15:49,12.43,0.02,357,443751,买盘
298,14:15:38,12.41,-0.02,35,43435,卖盘
299,14:15:34,12.43,0.01,7,8701,买盘
300,14:15:17,12.42,--,25,31050,卖盘
301,14:15:14,12.42,--,6,7452,卖盘
302,14:15:08,12.42,0.01,20,24840,买盘
303,14:15:02,12.41,-0.01,10,12410,卖盘
304,14:14:53,12.42,--,7,8694,买盘
305,14:14:38,12.42,-0.01,31,38502,卖盘
306,14:14:32,12.43,--,29,36047,买盘
307,14:14:17,12.43,0.01,7,8701,买盘
308,14:14:02,12.42,--,6,7452,卖盘
309,14:13:59,12.42,-0.01,8,9936,卖盘
310,14:13:53,12.43,--,7,8701,买盘
311,14:13:38,12.43,0.01,7,8701,买盘
312,14:13:32,12.42,--,8,9936,卖盘
313,14:13:29,12.42,-0.01,20,24840,卖盘
314,14:13:17,12.43,--,7,8701,买盘
315,14:12:53,12.43,-0.01,13,16159,买盘
316,14:12:43,12.44,--,0,0,买盘
317,14:12:38,12.44,0.02,7,8708,买盘
318,14:12:17,12.42,--,13,16146,卖盘
319,14:12:08,12.42,--,1,1242,卖盘
320,14:12:02,12.42,-0.02,22,27324,卖盘
321,14:11:58,12.44,0.02,7,8708,买盘
322,14:11:47,12.42,-0.03,86,106812,卖盘
323,14:11:38,12.45,--,17,21165,买盘
324,14:11:17,12.45,0.02,60,74700,买盘
325,14:11:13,12.43,--,4,4972,卖盘
326,14:11:08,12.43,-0.02,6,7458,卖盘
327,14:10:58,12.45,--,7,8715,买盘
328,14:10:43,12.45,0.02,7,8715,买盘
329,14:10:38,12.43,-0.02,7,8701,卖盘
330,14:10:17,12.45,--,43,53535,买盘
331,14:10:13,12.45,--,1,1245,买盘
332,14:10:02,12.45,--,7,8715,买盘
333,14:09:58,12.45,-0.01,48,59760,卖盘
334,14:09:43,12.46,0.01,7,8722,买盘
335,14:09:28,12.45,-0.01,6,7470,卖盘
336,14:09:23,12.46,0.01,17,21182,买盘
337,14:09:17,12.45,--,30,37350,卖盘
338,14:09:02,12.45,--,20,24900,卖盘
339,14:08:58,12.45,--,22,27390,买盘
340,14:08:43,12.45,--,7,8715,买盘
341,14:08:32,12.45,--,12,14940,买盘
342,14:08:23,12.45,0.01,7,8715,买盘
343,14:08:17,12.44,-0.01,17,21148,卖盘
344,14:08:08,12.45,--,12,14940,买盘
345,14:08:02,12.45,0.01,7,8715,买盘
346,14:07:56,12.44,--,2,2488,卖盘
347,14:07:47,12.44,--,108,134352,买盘
348,14:07:41,12.44,--,37,46028,买盘
349,14:07:23,12.44,0.01,7,8708,买盘
350,14:07:11,12.43,-0.01,6,7458,卖盘
351,14:07:02,12.44,--,7,8708,买盘
352,14:06:41,12.44,0.01,7,8708,买盘
353,14:06:38,12.43,--,6,7458,卖盘
354,14:06:32,12.43,--,3,3729,买盘
355,14:06:26,12.43,-0.01,7,8701,买盘
356,14:06:08,12.44,--,0,0,买盘
357,14:06:02,12.44,0.01,10,12440,买盘
358,14:05:47,12.43,0.01,4,4972,买盘
359,14:05:38,12.42,-0.01,10,12420,卖盘
360,14:05:26,12.43,--,9,11187,卖盘
361,14:05:08,12.43,--,5,6215,买盘
362,14:04:52,12.43,-0.01,1,1243,卖盘
363,14:04:47,12.44,--,7,8708,买盘
364,14:04:32,12.44,--,50,62200,买盘
365,14:04:26,12.44,0.01,7,8708,买盘
366,14:04:17,12.43,-0.01,6,7458,卖盘
367,14:04:07,12.44,--,7,8708,买盘
368,14:03:47,12.44,0.02,37,46028,买盘
369,14:03:41,12.42,-0.01,11,13662,卖盘
370,14:03:26,12.43,--,7,8701,买盘
371,14:03:11,12.43,-0.01,4,4972,卖盘
372,14:03:07,12.44,0.01,27,33588,买盘
373,14:02:47,12.43,0.01,105,130515,买盘
374,14:02:32,12.42,-0.01,11,13662,卖盘
375,14:02:26,12.43,0.01,7,8701,买盘
376,14:02:11,12.42,--,4,4968,买盘
377,14:02:02,12.42,-0.01,2,2484,卖盘
378,14:01:52,12.43,--,7,8701,买盘
379,14:01:41,12.43,--,11,13673,卖盘
380,14:01:32,12.43,0.01,27,33561,买盘
381,14:01:26,12.42,-0.01,7,8694,卖盘
382,14:01:11,12.43,0.01,9,11187,买盘
383,14:00:50,12.42,-0.01,17,21114,卖盘
384,14:00:31,12.43,--,7,8701,买盘
385,14:00:11,12.43,-0.01,14,17402,卖盘
386,13:59:50,12.44,0.01,12,14928,买盘
387,13:59:41,12.43,-0.01,7,8701,卖盘
388,13:59:35,12.44,--,7,8708,买盘
389,13:59:11,12.44,--,18,22392,买盘
390,13:58:56,12.44,--,7,8708,买盘
391,13:58:35,12.44,-0.02,20,25539,卖盘
392,13:58:11,12.46,0.02,7,8722,买盘
393,13:58:02,12.44,-0.02,6,7464,卖盘
394,13:57:56,12.46,--,7,8722,买盘
395,13:57:46,12.46,0.01,5,6230,买盘
396,13:57:35,12.45,--,7,8715,中性盘
397,13:57:26,12.45,-0.01,6,7470,卖盘
398,13:57:16,12.46,--,7,8722,买盘
399,13:57:05,12.46,--,0,0,买盘
400,13:56:56,12.46,0.02,7,8722,买盘
401,13:56:50,12.44,-0.02,7,8708,卖盘
402,13:56:35,12.46,0.02,7,8722,买盘
403,13:56:16,12.44,--,13,16172,卖盘
404,13:56:11,12.44,-0.02,50,62200,卖盘
405,13:55:56,12.46,0.02,7,8722,买盘
406,13:55:41,12.44,-0.02,6,7464,卖盘
407,13:55:34,12.46,--,19,23674,买盘
408,13:55:26,12.46,--,25,31150,买盘
409,13:55:20,12.46,0.02,7,8722,买盘
410,13:55:05,12.44,-0.02,6,7464,卖盘
411,13:54:56,12.46,--,7,8722,买盘
412,13:54:41,12.46,0.02,7,8722,买盘
413,13:54:35,12.44,-0.02,7,8708,卖盘
414,13:54:20,12.46,--,7,8722,买盘
415,13:53:59,12.46,0.02,13,16198,买盘
416,13:53:44,12.44,-0.01,3,3732,卖盘
417,13:53:40,12.45,--,5,6810,买盘
418,13:53:25,12.45,-0.01,0,659,卖盘
419,13:53:19,12.46,--,7,8722,买盘
420,13:53:05,12.46,--,10,12460,买盘
421,13:52:58,12.46,0.01,7,8722,买盘
422,13:52:50,12.45,--,6,7470,卖盘
423,13:52:40,12.45,--,5,6810,买盘
424,13:52:19,12.45,0.01,7,8715,买盘
425,13:52:13,12.44,--,7,8708,卖盘
426,13:52:05,12.44,-0.01,45,55980,卖盘
427,13:51:59,12.45,--,7,8715,买盘
428,13:51:44,12.45,--,13,16184,买盘
429,13:51:20,12.45,--,7,8715,买盘
430,13:51:05,12.45,-0.01,52,65399,卖盘
431,13:50:44,12.46,0.01,7,8722,买盘
432,13:50:35,12.45,-0.01,6,7470,卖盘
433,13:50:25,12.46,0.01,7,8722,买盘
434,13:50:05,12.45,--,18,22410,卖盘
435,13:49:58,12.45,-0.01,6,7470,卖盘
436,13:49:44,12.46,--,7,8722,买盘
437,13:49:34,12.46,--,358,446068,卖盘
438,13:49:29,12.46,-0.01,10,12460,卖盘
439,13:49:25,12.47,0.01,14,17458,买盘
440,13:49:14,12.46,--,300,373800,卖盘
441,13:49:05,12.46,--,9,11214,卖盘
442,13:48:50,12.46,-0.01,16,19936,卖盘
443,13:48:44,12.47,0.01,7,8729,买盘
444,13:48:40,12.46,-0.01,200,249200,卖盘
445,13:48:34,12.47,--,11,13717,买盘
446,13:48:29,12.47,0.01,111,138417,买盘
447,13:48:25,12.46,--,7,8722,买盘
448,13:48:20,12.46,0.01,7,8722,买盘
449,13:48:13,12.45,-0.01,6,7470,卖盘
450,13:48:04,12.46,--,26,32396,买盘
451,13:47:59,12.46,--,31,38626,买盘
452,13:47:55,12.46,--,41,51086,买盘
453,13:47:50,12.46,--,7,8722,买盘
454,13:47:44,12.46,0.01,17,21182,买盘
455,13:47:39,12.45,-0.01,25,31125,卖盘
456,13:47:35,12.46,-0.01,8,9968,卖盘
457,13:47:29,12.47,--,7,8729,买盘
458,13:47:20,12.47,--,2,2494,买盘
459,13:47:14,12.47,--,7,8729,买盘
460,13:47:05,12.47,--,10,12470,买盘
461,13:46:59,12.47,0.01,9,11223,买盘
462,13:46:55,12.46,--,19,23674,买盘
463,13:46:50,12.46,--,16,19936,买盘
464,13:46:44,12.46,--,5,6230,买盘
465,13:46:35,12.46,0.01,4,4984,买盘
466,13:46:29,12.45,--,47,58515,卖盘
467,13:46:20,12.45,--,102,127575,买盘
468,13:46:14,12.45,--,119,148155,买盘
469,13:46:05,12.45,0.02,358,445710,买盘
470,13:45:59,12.43,-0.01,8,9944,卖盘
471,13:45:50,12.44,--,7,8708,买盘
472,13:45:44,12.44,--,12,14928,买盘
473,13:45:38,12.44,--,39,48516,买盘
474,13:45:29,12.44,0.01,9,11196,买盘
475,13:45:23,12.43,-0.01,6,7458,卖盘
476,13:45:14,12.44,--,13,16172,买盘
477,13:45:07,12.44,--,53,65932,买盘
478,13:45:04,12.44,--,2,2488,买盘
479,13:44:59,12.44,0.01,51,63444,买盘
480,13:44:53,12.43,0.01,7,8701,买盘
481,13:44:49,12.42,-0.01,7,8694,卖盘
482,13:44:43,12.43,0.01,11,13673,买盘
483,13:44:38,12.42,--,46,57132,买盘
484,13:44:29,12.42,--,105,130410,卖盘
485,13:44:22,12.42,-0.01,212,263304,卖盘
486,13:44:14,12.43,--,8,9944,买盘
487,13:44:08,12.43,--,7,8701,买盘
488,13:43:59,12.43,0.01,3,3729,买盘
489,13:43:53,12.42,-0.01,23,28566,卖盘
490,13:43:44,12.43,0.01,16,19888,买盘
491,13:43:38,12.42,-0.01,3,3726,卖盘
492,13:43:29,12.43,0.01,7,8701,买盘
493,13:43:23,12.42,--,2,2484,买盘
494,13:43:19,12.42,--,5,6210,买盘
495,13:43:13,12.42,--,7,8694,买盘
496,13:43:08,12.42,--,216,268272,买盘
497,13:42:53,12.42,0.01,7,8694,买盘
498,13:42:38,12.41,-0.01,30,37230,卖盘
499,13:42:34,12.42,0.01,7,8694,买盘
500,13:42:28,12.41,--,6,7446,卖盘
501,13:42:23,12.41,-0.01,4,4964,卖盘
502,13:42:13,12.42,0.01,7,8694,买盘
503,13:41:59,12.41,-0.01,38,47158,卖盘
504,13:41:52,12.42,--,7,8694,买盘
505,13:41:34,12.42,0.01,7,8694,买盘
506,13:41:23,12.41,-0.01,6,7446,卖盘
507,13:41:14,12.42,--,10,12420,买盘
508,13:40:53,12.42,0.01,7,8694,买盘
509,13:40:49,12.41,-0.01,6,7446,卖盘
510,13:40:38,12.42,0.01,7,8694,买盘
511,13:40:34,12.41,-0.01,130,161330,卖盘
512,13:40:14,12.42,--,13,16146,买盘
513,13:39:58,12.42,0.01,7,8694,买盘
514,13:39:53,12.41,--,50,62050,卖盘
515,13:39:38,12.41,--,14,17374,卖盘
516,13:39:22,12.41,-0.01,66,81906,卖盘
517,13:39:14,12.42,0.01,7,8694,买盘
518,13:39:02,12.41,-0.01,6,7446,卖盘
519,13:38:58,12.42,--,7,8694,买盘
520,13:38:38,12.42,0.01,7,8694,买盘
521,13:38:32,12.41,--,6,7446,卖盘
522,13:38:22,12.41,-0.01,2,2482,卖盘
523,13:38:16,12.42,0.01,7,8694,买盘
524,13:38:08,12.41,--,205,254405,买盘
525,13:37:58,12.41,0.01,7,8687,买盘
526,13:37:53,12.4,--,6,7440,卖盘
527,13:37:46,12.4,-0.01,100,124000,卖盘
528,13:37:37,12.41,--,27,33507,买盘
529,13:37:32,12.41,0.01,1,1241,买盘
530,13:37:23,12.4,-0.01,7,8680,卖盘
531,13:37:17,12.41,--,7,8687,买盘
532,13:37:02,12.41,0.01,7,8687,买盘
533,13:36:46,12.4,-0.01,6,7440,卖盘
534,13:36:38,12.41,--,7,8687,买盘
535,13:36:32,12.41,--,10,12410,买盘
536,13:36:22,12.41,0.01,7,8687,买盘
537,13:36:13,12.4,--,23,28520,卖盘
538,13:36:08,12.4,-0.01,4,4960,卖盘
539,13:36:02,12.41,0.01,7,8687,买盘
540,13:35:58,12.4,--,11,13640,卖盘
541,13:35:43,12.4,0.01,5,6200,买盘
542,13:35:38,12.39,--,6,7434,卖盘
543,13:35:31,12.39,-0.02,10,12390,卖盘
544,13:35:22,12.41,0.02,7,8687,买盘
545,13:35:07,12.39,--,2,2478,卖盘
546,13:35:02,12.39,-0.01,13,16107,卖盘
547,13:34:52,12.4,--,5,6200,买盘
548,13:34:43,12.4,0.01,7,8680,买盘
549,13:34:32,12.39,-0.01,7,8673,卖盘
550,13:34:22,12.4,--,7,8680,买盘
551,13:34:01,12.4,0.01,36,44640,买盘
552,13:33:52,12.39,-0.01,6,7434,卖盘
553,13:33:43,12.4,0.01,7,8680,买盘
554,13:33:37,12.39,-0.01,1,1239,卖盘
555,13:33:31,12.4,--,27,33480,买盘
556,13:33:23,12.4,--,13,16120,买盘
557,13:33:02,12.4,--,94,116560,卖盘
558,13:32:46,12.4,-0.01,43,53320,卖盘
559,13:32:31,12.41,--,20,24820,买盘
560,13:32:23,12.41,0.01,7,8687,买盘
561,13:32:12,12.4,-0.01,7,8680,卖盘
562,13:32:07,12.41,--,7,8687,买盘
563,13:31:55,12.41,-0.01,48,59568,卖盘
564,13:31:47,12.42,0.01,7,8694,买盘
565,13:31:37,12.41,--,23,28543,卖盘
566,13:31:25,12.41,-0.01,12,14892,卖盘
567,13:31:07,12.42,0.01,7,8694,买盘
568,13:31:01,12.41,-0.01,6,7446,卖盘
569,13:30:47,12.42,0.01,7,8694,买盘
570,13:30:25,12.41,-0.01,21,26061,卖盘
571,13:30:11,12.42,0.01,7,8694,买盘
572,13:29:55,12.41,-0.01,7,8687,卖盘
573,13:29:46,12.42,--,14,17388,买盘
574,13:29:25,12.42,0.01,19,23598,买盘
575,13:29:17,12.41,--,6,7446,卖盘
576,13:29:11,12.41,--,96,119136,买盘
577,13:29:07,12.41,--,20,24820,买盘
578,13:28:46,12.41,--,13,16133,买盘
579,13:28:40,12.41,0.01,120,148920,买盘
580,13:28:31,12.4,--,139,172360,卖盘
581,13:28:11,12.4,--,33,40920,卖盘
582,13:28:01,12.4,-0.01,50,62000,卖盘
583,13:27:55,12.41,0.01,19,23579,买盘
584,13:27:46,12.4,--,48,59520,买盘
585,13:27:31,12.4,--,67,83080,卖盘
586,13:27:25,12.4,-0.01,5,6200,卖盘
587,13:27:10,12.41,0.01,7,8687,买盘
588,13:27:01,12.4,-0.01,9,11160,卖盘
589,13:26:52,12.41,--,7,8687,买盘
590,13:26:40,12.41,--,10,12410,买盘
591,13:26:31,12.41,0.01,7,8687,买盘
592,13:26:25,12.4,--,6,7440,卖盘
593,13:26:16,12.4,-0.01,5,6200,卖盘
594,13:26:10,12.41,0.01,7,8687,买盘
595,13:25:55,12.4,--,158,195920,卖盘
596,13:25:51,12.4,--,20,24800,卖盘
597,13:25:46,12.4,-0.01,130,161200,卖盘
598,13:25:31,12.41,0.01,7,8687,买盘
599,13:25:16,12.4,--,13,16120,卖盘
600,13:25:10,12.4,-0.02,48,59520,卖盘
601,13:24:55,12.42,0.04,7,8694,买盘
602,13:24:46,12.38,-0.04,7,8666,卖盘
603,13:24:34,12.42,0.04,7,8694,买盘
604,13:24:16,12.38,-0.01,37,45806,卖盘
605,13:24:10,12.39,-0.03,5,6195,卖盘
606,13:23:55,12.42,-0.01,7,8694,中性盘
607,13:23:34,12.43,0.01,215,267245,买盘
608,13:23:25,12.42,-0.01,7,8694,卖盘
609,13:23:16,12.43,0.01,7,8701,买盘
610,13:23:10,12.42,--,1,1242,卖盘
611,13:23:01,12.42,-0.01,6,7452,卖盘
612,13:22:55,12.43,--,7,8701,买盘
613,13:22:34,12.43,0.01,37,45991,买盘
614,13:22:25,12.42,-0.01,7,8694,卖盘
615,13:22:19,12.43,0.01,7,8701,买盘
616,13:22:04,12.42,--,26,32292,买盘
617,13:22:01,12.42,--,1,1242,买盘
618,13:21:55,12.42,0.02,47,58374,买盘
619,13:21:49,12.4,-0.01,6,7440,卖盘
620,13:21:40,12.41,-0.01,8,9928,买盘
621,13:21:25,12.42,--,0,0,买盘
622,13:21:19,12.42,0.01,13,16146,买盘
623,13:21:10,12.41,--,0,0,买盘
624,13:21:01,12.41,0.01,7,8687,买盘
625,13:20:40,12.4,--,13,16120,卖盘
626,13:20:34,12.4,-0.02,1,1240,卖盘
627,13:20:25,12.42,0.03,35,43470,买盘
628,13:20:19,12.39,--,13,16107,买盘
629,13:20:10,12.39,-0.03,43,53277,卖盘
630,13:20:04,12.42,--,18,22356,买盘
631,13:20:01,12.42,0.03,7,8694,买盘
632,13:19:49,12.39,-0.01,150,185850,卖盘
633,13:19:45,12.4,--,10,12400,买盘
634,13:19:40,12.4,0.01,7,8680,买盘
635,13:19:34,12.39,-0.01,7,8673,卖盘
636,13:19:19,12.4,--,7,8680,买盘
637,13:19:15,12.4,--,1,1240,卖盘
638,13:19:00,12.4,--,12,14880,买盘
639,13:18:45,12.4,--,23,28520,卖盘
640,13:18:40,12.4,--,17,21080,卖盘
641,13:18:25,12.4,-0.02,6,7440,卖盘
642,13:18:19,12.42,--,7,8694,买盘
643,13:18:04,12.42,0.02,7,8694,买盘
644,13:17:58,12.4,--,5,6200,卖盘
645,13:17:49,12.4,-0.02,6,7440,卖盘
646,13:17:40,12.42,--,57,70794,买盘
647,13:17:25,12.42,0.02,7,8694,买盘
648,13:17:19,12.4,-0.02,7,8680,卖盘
649,13:17:04,12.42,--,7,8694,买盘
650,13:16:43,12.42,--,7,8694,买盘
651,13:16:40,12.42,-0.01,12,14904,卖盘
652,13:16:28,12.43,0.01,24,29832,买盘
653,13:16:25,12.42,--,1,1242,买盘
654,13:16:10,12.42,-0.01,5,6210,卖盘
655,13:16:04,12.43,--,7,8701,买盘
656,13:15:43,12.43,0.01,7,8701,买盘
657,13:15:40,12.42,--,1,1242,卖盘
658,13:15:34,12.42,-0.01,6,7452,卖盘
659,13:15:25,12.43,--,7,8701,买盘
660,13:15:04,12.43,0.01,7,8701,买盘
661,13:14:58,12.42,--,31,38502,买盘
662,13:14:49,12.42,--,15,18630,买盘
663,13:14:43,12.42,0.01,181,224802,买盘
664,13:14:40,12.41,-0.01,15,18615,卖盘
665,13:14:28,12.42,0.01,17,21114,买盘
666,13:14:25,12.41,-0.01,8,9928,卖盘
667,13:14:04,12.42,--,27,33534,买盘
668,13:13:58,12.42,0.01,120,149040,买盘
669,13:13:49,12.41,-0.01,13,16133,卖盘
670,13:13:43,12.42,-0.01,298,370116,卖盘
671,13:13:28,12.43,0.01,7,8701,买盘
672,13:13:13,12.42,-0.01,6,7452,卖盘
673,13:13:09,12.43,--,17,21131,买盘
674,13:12:49,12.43,--,7,8701,买盘
675,13:12:43,12.43,-0.01,78,96954,卖盘
676,13:12:34,12.44,--,1,1244,买盘
677,13:12:28,12.44,0.01,7,8708,买盘
678,13:12:13,12.43,-0.01,10,12430,卖盘
679,13:12:09,12.44,0.01,7,8708,买盘
680,13:12:04,12.43,--,7,8701,卖盘
681,13:11:58,12.43,-0.01,6,7458,卖盘
682,13:11:54,12.44,--,15,18660,买盘
683,13:11:49,12.44,0.01,7,8708,买盘
684,13:11:34,12.43,-0.01,6,7458,卖盘
685,13:11:28,12.44,--,12,14928,买盘
686,13:11:19,12.44,--,5,6220,买盘
687,13:11:13,12.44,0.01,7,8708,买盘
688,13:10:58,12.43,--,6,7458,卖盘
689,13:10:52,12.43,-0.01,10,12430,卖盘
690,13:10:49,12.44,--,11,13684,买盘
691,13:10:43,12.44,0.01,50,62200,买盘
692,13:10:37,12.43,--,10,12430,卖盘
693,13:10:28,12.43,0.01,7,8701,买盘
694,13:10:22,12.42,--,6,7452,卖盘
695,13:10:19,12.42,-0.01,51,63342,卖盘
696,13:10:13,12.43,--,33,41019,买盘
697,13:09:52,12.43,0.01,7,8701,买盘
698,13:09:49,12.42,-0.01,7,8694,卖盘
699,13:09:34,12.43,0.01,7,8701,买盘
700,13:09:28,12.42,--,114,141588,卖盘
701,13:09:18,12.42,--,5,6210,卖盘
702,13:09:13,12.42,--,23,28566,卖盘
703,13:09:04,12.42,0.01,44,54648,买盘
704,13:08:58,12.41,-0.01,52,64532,卖盘
705,13:08:52,12.42,0.01,7,8694,买盘
706,13:08:49,12.41,--,7,8687,卖盘
707,13:08:43,12.41,--,6,7446,卖盘
708,13:08:37,12.41,-0.01,1,1241,卖盘
709,13:08:33,12.42,--,7,8694,买盘
710,13:08:22,12.42,0.01,5,6210,买盘
711,13:08:13,12.41,0.01,14,17374,买盘
712,13:08:07,12.4,-0.01,6,7440,卖盘
713,13:07:52,12.41,--,7,8687,买盘
714,13:07:49,12.41,--,12,14892,买盘
715,13:07:37,12.41,0.01,7,8687,买盘
716,13:07:34,12.4,-0.01,6,7440,卖盘
717,13:07:13,12.41,--,7,8687,买盘
718,13:07:07,12.41,0.01,4,4964,买盘
719,13:06:58,12.4,-0.01,81,100440,卖盘
720,13:06:37,12.41,0.01,7,8687,买盘
721,13:06:22,12.4,--,10,12400,卖盘
722,13:06:18,12.4,--,2,2480,买盘
723,13:06:13,12.4,--,10,12400,买盘
724,13:05:58,12.4,0.01,7,8680,买盘
725,13:05:48,12.39,--,6,7434,卖盘
726,13:05:43,12.39,-0.01,101,125139,卖盘
727,13:05:37,12.4,--,7,8680,买盘
728,13:05:18,12.4,0.01,7,8680,买盘
729,13:05:13,12.39,-0.01,6,7434,卖盘
730,13:04:58,12.4,--,17,21080,卖盘
731,13:04:52,12.4,--,1,1240,卖盘
732,13:04:37,12.4,-0.01,14,17360,卖盘
733,13:04:18,12.41,--,7,8687,买盘
734,13:04:07,12.41,--,4,4964,卖盘
735,13:03:58,12.41,0.01,3,3723,买盘
736,13:03:43,12.4,--,22,27280,买盘
737,13:03:37,12.4,--,7,8680,买盘
738,13:03:31,12.4,-0.01,94,116560,卖盘
739,13:03:22,12.41,0.01,7,8687,买盘
740,13:03:12,12.4,-0.01,10,12400,卖盘
741,13:03:01,12.41,0.01,7,8687,买盘
742,13:02:57,12.4,-0.01,6,7440,卖盘
743,13:02:42,12.41,--,7,8687,买盘
744,13:02:37,12.41,0.01,8,9928,买盘
745,13:02:31,12.4,--,4,4960,卖盘
746,13:02:22,12.4,-0.01,14,17360,卖盘
747,13:02:16,12.41,0.01,3,3723,买盘
748,13:02:12,12.4,-0.01,15,18600,卖盘
749,13:02:01,12.41,--,7,8687,买盘
750,13:01:57,12.41,0.01,30,37230,买盘
751,13:01:46,12.4,-0.01,6,7440,卖盘
752,13:01:42,12.41,--,7,8687,买盘
753,13:01:31,12.41,0.01,33,40953,买盘
754,13:01:27,12.4,-0.01,4,4960,卖盘
755,13:01:22,12.41,0.01,29,35989,买盘
756,13:01:12,12.4,-0.01,6,7440,卖盘
757,13:01:01,12.41,--,7,8687,买盘
758,13:00:42,12.41,0.01,7,8687,买盘
759,13:00:37,12.4,--,25,31000,卖盘
760,13:00:31,12.4,-0.01,10,12400,卖盘
761,13:00:22,12.41,--,9,11169,买盘
762,13:00:07,12.41,0.01,144,178704,买盘
763,11:30:00,12.4,--,0,0,买盘
764,11:29:59,12.4,--,0,0,买盘
765,11:29:53,12.4,0.01,46,57040,买盘
766,11:29:47,12.39,-0.01,6,7434,卖盘
767,11:29:32,12.4,--,7,8680,买盘
768,11:29:28,12.4,--,1,1240,买盘
769,11:29:13,12.4,0.01,7,8680,买盘
770,11:29:08,12.39,--,8,9912,卖盘
771,11:28:47,12.39,0.01,43,53277,买盘
772,11:28:38,12.38,-0.01,6,7428,卖盘
773,11:28:32,12.39,0.01,7,8673,买盘
774,11:28:28,12.38,--,0,0,卖盘
775,11:28:23,12.38,-0.01,70,86919,卖盘
776,11:28:13,12.39,0.01,7,8673,买盘
777,11:28:02,12.38,-0.01,7,8666,卖盘
778,11:27:58,12.39,--,7,8673,买盘
779,11:27:42,12.39,--,96,119922,卖盘
780,11:27:32,12.39,--,8,9912,卖盘
781,11:27:28,12.39,--,6,7434,卖盘
782,11:27:17,12.39,-0.01,10,12390,卖盘
783,11:27:13,12.4,0.01,7,8680,买盘
784,11:26:56,12.39,0.01,23,28757,买盘
785,11:26:53,12.38,-0.01,6,7428,卖盘
786,11:26:41,12.39,--,10,12390,买盘
787,11:26:32,12.39,0.01,80,99120,买盘
788,11:26:17,12.38,-0.01,6,7428,卖盘
789,11:26:11,12.39,--,7,8673,买盘
790,11:25:56,12.39,--,7,8673,买盘
791,11:25:38,12.39,-0.01,7,8673,卖盘
792,11:25:32,12.4,0.01,7,8680,买盘
793,11:25:26,12.39,--,18,22302,买盘
794,11:25:17,12.39,--,0,0,买盘
795,11:25:11,12.39,0.02,7,8673,买盘
796,11:25:08,12.37,-0.02,6,7421,卖盘
797,11:24:56,12.39,--,7,8673,买盘
798,11:24:32,12.39,--,13,16107,买盘
799,11:24:22,12.39,--,1,1239,卖盘
800,11:24:17,12.39,0.02,6,7434,买盘
801,11:23:56,12.37,-0.03,13,16080,卖盘
802,11:23:41,12.4,--,0,0,买盘
803,11:23:32,12.4,0.03,7,8680,买盘
804,11:23:22,12.37,--,6,7421,卖盘
805,11:23:17,12.37,--,8,9896,卖盘
806,11:23:02,12.37,-0.02,15,18555,卖盘
807,11:22:56,12.39,0.02,7,8673,买盘
808,11:22:47,12.37,-0.02,7,8659,卖盘
809,11:22:32,12.39,-0.01,7,8673,买盘
810,11:22:26,12.4,--,0,0,买盘
811,11:22:17,12.4,0.03,7,8680,买盘
812,11:22:11,12.37,-0.03,6,7421,卖盘
813,11:21:56,12.4,0.04,7,8680,买盘
814,11:21:41,12.36,--,0,0,卖盘
815,11:21:37,12.36,-0.04,6,7416,卖盘
816,11:21:32,12.4,--,7,8680,买盘
817,11:21:16,12.4,0.04,7,8680,买盘
818,11:21:02,12.36,-0.04,6,7416,卖盘
819,11:20:56,12.4,--,7,8680,买盘
820,11:20:37,12.4,0.03,50,62000,买盘
821,11:20:26,12.37,-0.03,7,8659,卖盘
822,11:20:16,12.4,--,7,8680,买盘
823,11:19:56,12.4,0.03,7,8680,买盘
824,11:19:50,12.37,-0.03,6,7421,卖盘
825,11:19:35,12.4,0.03,7,8680,买盘
826,11:19:20,12.37,-0.02,20,24740,卖盘
827,11:19:16,12.39,0.01,1,1239,买盘
828,11:18:56,12.38,-0.01,7,8666,买盘
829,11:18:41,12.39,--,0,0,买盘
830,11:18:34,12.39,0.01,13,16107,买盘
831,11:18:26,12.38,-0.01,5,6190,卖盘
832,11:18:19,12.39,--,0,0,买盘
833,11:18:16,12.39,0.02,7,8673,买盘
834,11:18:05,12.37,-0.02,6,7421,卖盘
835,11:17:55,12.39,--,7,8673,买盘
836,11:17:35,12.39,--,14,17346,买盘
837,11:17:16,12.39,0.02,7,8673,买盘
838,11:16:56,12.37,-0.02,13,16080,卖盘
839,11:16:35,12.39,0.02,7,8673,买盘
840,11:16:20,12.37,-0.02,6,7421,卖盘
841,11:16:16,12.39,--,7,8673,买盘
842,11:15:56,12.39,--,13,16107,卖盘
843,11:15:50,12.39,--,7,8673,买盘
844,11:15:35,12.39,0.01,8,9912,买盘
845,11:15:16,12.38,0.01,4,4952,买盘
846,11:15:11,12.37,-0.02,7,8659,卖盘
847,11:15:01,12.39,--,2,2478,卖盘
848,11:14:56,12.39,--,5,6195,买盘
849,11:14:41,12.39,-0.01,3,3717,卖盘
850,11:14:35,12.4,0.01,7,8680,买盘
851,11:14:16,12.39,0.02,4,4956,买盘
852,11:14:05,12.37,-0.02,22,27214,卖盘
853,11:13:56,12.39,0.02,7,8673,买盘
854,11:13:35,12.37,--,5,6185,买盘
855,11:13:25,12.37,-0.02,1,1237,卖盘
856,11:13:20,12.39,--,46,56994,卖盘
857,11:13:05,12.39,-0.01,28,34692,卖盘
858,11:12:59,12.4,0.01,7,8680,买盘
859,11:12:55,12.39,--,6,7434,卖盘
860,11:12:50,12.39,-0.01,15,18585,卖盘
861,11:12:35,12.4,0.01,7,8680,买盘
862,11:12:20,12.39,--,14,17346,卖盘
863,11:11:55,12.39,--,32,39648,买盘
864,11:11:40,12.39,-0.01,3,3717,卖盘
865,11:11:35,12.4,0.01,7,8680,买盘
866,11:11:20,12.39,--,4,4956,买盘
867,11:11:14,12.39,--,0,0,买盘
868,11:11:10,12.39,--,2,2478,卖盘
869,11:10:59,12.39,--,5,6195,买盘
870,11:10:35,12.39,-0.01,13,16107,买盘
871,11:10:19,12.4,--,7,8680,买盘
872,11:10:14,12.4,0.05,23,28520,买盘
873,11:09:59,12.35,-0.05,14,17290,卖盘
874,11:09:40,12.4,0.05,7,8680,买盘
875,11:09:34,12.35,0.01,25,30875,卖盘
876,11:09:29,12.34,--,0,0,卖盘
877,11:09:25,12.34,-0.01,6,7404,卖盘
878,11:09:19,12.35,--,7,8645,买盘
879,11:09:10,12.35,--,27,33345,买盘
880,11:09:05,12.35,--,10,12350,买盘
881,11:08:59,12.35,--,7,8645,买盘
882,11:08:55,12.35,--,15,18525,卖盘
883,11:08:50,12.35,-0.03,16,19760,卖盘
884,11:08:40,12.38,0.04,7,8666,买盘
885,11:08:20,12.34,--,0,0,卖盘
886,11:08:14,12.34,-0.01,11,13574,卖盘
887,11:08:04,12.35,-0.01,9,11115,买盘
888,11:07:59,12.36,0.01,27,33372,买盘
889,11:07:44,12.35,0.02,11,13585,买盘
890,11:07:40,12.33,-0.02,19,23427,卖盘
891,11:07:25,12.35,--,50,61750,买盘
892,11:07:19,12.35,--,7,8645,买盘
893,11:07:10,12.35,--,2,2470,买盘
894,11:07:04,12.35,--,20,24700,买盘
895,11:06:59,12.35,--,54,66690,卖盘
896,11:06:50,12.35,-0.01,5,6175,卖盘
897,11:06:40,12.36,0.01,7,8652,买盘
898,11:06:29,12.35,-0.01,6,7410,卖盘
899,11:06:20,12.36,--,7,8652,买盘
900,11:06:05,12.36,--,5,6180,买盘
901,11:05:59,12.36,--,7,8652,买盘
902,11:05:50,12.36,-0.02,66,81576,卖盘
903,11:05:40,12.38,--,7,8666,买盘
904,11:05:35,12.38,--,10,12380,买盘
905,11:05:28,12.38,--,66,81708,卖盘
906,11:05:20,12.38,-0.01,13,16094,卖盘
907,11:04:59,12.39,--,7,8673,买盘
908,11:04:44,12.39,-0.01,1,1239,卖盘
909,11:04:38,12.4,--,7,8680,买盘
910,11:04:19,12.4,--,7,8680,买盘
911,11:04:13,12.4,0.01,70,86800,买盘
912,11:04:08,12.39,--,6,7434,卖盘
913,11:04:04,12.39,-0.01,15,18585,卖盘
914,11:03:59,12.4,--,37,45880,买盘
915,11:03:38,12.4,--,13,16120,买盘
916,11:03:28,12.4,--,1,1240,买盘
917,11:03:19,12.4,0.01,7,8680,买盘
918,11:02:59,12.39,--,15,18585,卖盘
919,11:02:53,12.39,-0.01,36,44604,卖盘
920,11:02:37,12.4,0.01,107,132680,买盘
921,11:02:23,12.39,--,13,16107,卖盘
922,11:02:07,12.39,-0.01,10,12390,卖盘
923,11:02:04,12.4,--,10,12400,买盘
924,11:01:59,12.4,--,48,59520,卖盘
925,11:01:53,12.4,-0.01,7,8680,卖盘
926,11:01:38,12.41,--,25,31025,卖盘
927,11:01:23,12.41,--,1,1241,买盘
928,11:01:13,12.41,--,5,6205,卖盘
929,11:00:59,12.41,0.01,12,14892,买盘
930,11:00:52,12.4,--,50,62000,卖盘
931,11:00:44,12.4,-0.03,36,44640,卖盘
932,11:00:38,12.43,0.02,7,8701,买盘
933,11:00:29,12.41,--,0,0,买盘
934,11:00:23,12.41,0.01,10,12410,买盘
935,11:00:08,12.4,-0.01,46,57040,卖盘
936,10:59:59,12.41,--,7,8687,买盘
937,10:59:37,12.41,0.01,7,8687,买盘
938,10:59:29,12.4,-0.01,20,24800,卖盘
939,10:59:23,12.41,0.01,7,8687,买盘
940,10:58:59,12.4,--,13,16120,买盘
941,10:58:43,12.4,0.01,7,8680,买盘
942,10:58:23,12.39,-0.01,13,16107,卖盘
943,10:58:13,12.4,-0.01,10,12400,买盘
944,10:58:03,12.41,--,0,0,买盘
945,10:57:59,12.41,0.01,329,408289,买盘
946,10:57:49,12.4,--,14,17360,卖盘
947,10:57:43,12.4,--,15,18600,卖盘
948,10:57:29,12.4,-0.01,21,26040,卖盘
949,10:57:23,12.41,0.01,7,8687,买盘
950,10:57:13,12.4,-0.01,6,7440,卖盘
951,10:56:58,12.41,--,7,8687,买盘
952,10:56:43,12.41,0.01,7,8687,买盘
953,10:56:37,12.4,-0.01,7,8680,卖盘
954,10:56:22,12.41,0.01,7,8687,买盘
955,10:56:01,12.4,-0.01,13,16120,卖盘
956,10:55:43,12.41,0.01,7,8687,买盘
957,10:55:37,12.4,--,2,2480,卖盘
958,10:55:28,12.4,-0.01,6,7440,卖盘
959,10:55:22,12.41,--,7,8687,买盘
960,10:55:02,12.41,0.01,7,8687,买盘
961,10:54:52,12.4,-0.01,16,19840,卖盘
962,10:54:43,12.41,--,7,8687,买盘
963,10:54:22,12.41,0.01,7,8687,买盘
964,10:54:16,12.4,--,10,12400,卖盘
965,10:54:13,12.4,-0.01,3,3720,卖盘
966,10:54:01,12.41,0.01,7,8687,买盘
967,10:53:43,12.4,-0.01,14,17360,卖盘
968,10:53:31,12.41,--,20,24820,买盘
969,10:53:22,12.41,0.01,7,8687,买盘
970,10:53:07,12.4,-0.01,11,13640,卖盘
971,10:53:01,12.41,--,7,8687,买盘
972,10:52:43,12.41,0.01,7,8687,买盘
973,10:52:37,12.4,--,5,6200,卖盘
974,10:52:31,12.4,-0.01,6,7440,卖盘
975,10:52:22,12.41,--,7,8687,买盘
976,10:52:01,12.41,0.01,7,8687,买盘
977,10:51:58,12.4,-0.01,6,7440,卖盘
978,10:51:43,12.41,0.01,7,8687,买盘
979,10:51:31,12.4,-0.01,1,1240,卖盘
980,10:51:22,12.41,--,14,17374,买盘
981,10:51:01,12.41,--,7,8687,买盘
982,10:50:57,12.41,0.01,33,40953,买盘
983,10:50:46,12.4,-0.01,6,7440,卖盘
984,10:50:42,12.41,--,7,8687,买盘
985,10:50:22,12.41,0.01,7,8687,买盘
986,10:50:12,12.4,-0.01,6,7440,卖盘
987,10:50:01,12.41,--,7,8687,买盘
988,10:49:42,12.41,0.01,12,14892,买盘
989,10:49:37,12.4,-0.01,21,26040,卖盘
990,10:49:22,12.41,--,7,8687,买盘
991,10:49:07,12.41,--,5,6205,买盘
992,10:49:01,12.41,0.01,113,140233,买盘
993,10:48:52,12.4,--,50,62000,卖盘
994,10:48:46,12.4,-0.01,4,4960,卖盘
995,10:48:40,12.41,0.01,7,8687,买盘
996,10:48:25,12.4,--,14,17360,卖盘
997,10:48:07,12.4,-0.01,8,9920,卖盘
998,10:48:01,12.41,0.01,7,8687,买盘
999,10:47:55,12.4,-0.01,6,7440,卖盘
1000,10:47:46,12.41,--,7,8687,买盘
1001,10:47:40,12.41,--,4,4964,买盘
1002,10:47:25,12.41,0.01,7,8687,买盘
1003,10:47:16,12.4,-0.01,6,7440,卖盘
1004,10:47:01,12.41,--,7,8687,买盘
1005,10:46:46,12.41,0.01,13,16133,买盘
1006,10:46:40,12.4,-0.01,3,3720,卖盘
1007,10:46:31,12.41,--,0,0,中性盘
1008,10:46:25,12.41,--,7,8687,买盘
1009,10:46:16,12.41,--,3,3723,卖盘
1010,10:46:10,12.41,-0.02,7,8687,卖盘
1011,10:46:01,12.43,--,7,8701,买盘
1012,10:45:46,12.43,--,178,221254,卖盘
1013,10:45:37,12.43,--,9,11187,卖盘
1014,10:45:31,12.43,-0.01,36,44748,卖盘
1015,10:45:25,12.44,0.01,7,8708,买盘
1016,10:45:10,12.43,--,114,141702,买盘
1017,10:45:01,12.43,0.01,12,14916,买盘
1018,10:44:46,12.42,0.02,2,2484,买盘
1019,10:44:40,12.4,-0.03,13,16120,卖盘
1020,10:44:31,12.43,--,0,0,买盘
1021,10:44:25,12.43,0.01,9,11187,买盘
1022,10:44:07,12.42,--,5,6210,买盘
1023,10:43:46,12.42,--,8,9936,卖盘
1024,10:43:31,12.42,--,9,11178,买盘
1025,10:43:25,12.42,--,7,8694,买盘
1026,10:43:10,12.42,-0.02,7,8694,卖盘
1027,10:43:06,12.44,--,0,0,买盘
1028,10:43:01,12.44,0.02,300,373200,买盘
1029,10:42:46,12.42,--,42,52164,卖盘
1030,10:42:40,12.42,-0.01,8,9936,卖盘
1031,10:42:25,12.43,0.01,7,8701,买盘
1032,10:42:10,12.42,--,50,62100,买盘
1033,10:42:06,12.42,--,13,16146,买盘
1034,10:41:46,12.42,0.01,7,8694,买盘
1035,10:41:40,12.41,0.02,3,3723,中性盘
1036,10:41:31,12.39,-0.02,26,32214,卖盘
1037,10:41:25,12.41,0.01,6,7446,买盘
1038,10:41:16,12.4,--,96,119040,买盘
1039,10:41:10,12.4,--,5,6200,买盘
1040,10:41:04,12.4,--,7,8680,买盘
1041,10:41:01,12.4,-0.01,74,91760,卖盘
1042,10:40:55,12.41,--,21,26061,买盘
1043,10:40:49,12.41,--,1,1241,买盘
1044,10:40:46,12.41,0.01,42,52122,买盘
1045,10:40:40,12.4,--,3,3720,卖盘
1046,10:40:19,12.4,--,29,35960,买盘
1047,10:40:04,12.4,0.01,7,8680,买盘
1048,10:39:55,12.39,-0.01,2,2478,卖盘
1049,10:39:46,12.4,--,19,23560,买盘
1050,10:39:25,12.4,--,7,8680,买盘
1051,10:39:19,12.4,--,1,1240,卖盘
1052,10:39:10,12.4,--,44,54560,卖盘
1053,10:39:04,12.4,--,0,0,卖盘
1054,10:39:01,12.4,--,2,2480,买盘
1055,10:38:55,12.4,--,0,0,中性盘
1056,10:38:49,12.4,-0.02,24,29760,卖盘
1057,10:38:46,12.42,--,7,8694,买盘
1058,10:38:31,12.42,-0.01,8,9936,卖盘
1059,10:38:25,12.43,--,7,8701,买盘
1060,10:38:04,12.43,0.04,97,120571,买盘
1061,10:38:01,12.39,-0.03,7,8673,卖盘
1062,10:37:46,12.42,-0.01,30,37260,买盘
1063,10:37:40,12.43,--,0,0,买盘
1064,10:37:25,12.43,--,13,16159,买盘
1065,10:37:04,12.43,0.03,7,8701,买盘
1066,10:36:55,12.4,0.01,3,3720,买盘
1067,10:36:49,12.39,-0.01,33,40887,卖盘
1068,10:36:34,12.4,--,5,6200,卖盘
1069,10:36:25,12.4,--,2,2480,买盘
1070,10:36:19,12.4,--,8,9920,卖盘
1071,10:36:15,12.4,-0.03,6,7440,卖盘
1072,10:36:04,12.43,--,7,8701,买盘
1073,10:36:00,12.43,--,20,24860,买盘
1074,10:35:49,12.43,0.03,15,18645,买盘
1075,10:35:40,12.4,-0.03,7,8680,卖盘
1076,10:35:34,12.43,--,0,745,卖盘
1077,10:35:25,12.43,--,32,39776,卖盘
1078,10:35:19,12.43,--,62,77066,卖盘
1079,10:35:10,12.43,0.01,112,139713,买盘
1080,10:35:04,12.42,0.03,13,16146,买盘
1081,10:34:55,12.39,-0.03,150,185850,卖盘
1082,10:34:49,12.42,0.01,7,8694,买盘
1083,10:34:40,12.41,0.01,6,7446,买盘
1084,10:34:34,12.4,-0.01,17,21080,卖盘
1085,10:34:30,12.41,--,1,1241,卖盘
1086,10:34:25,12.41,0.01,21,26061,买盘
1087,10:34:15,12.4,--,8,9920,买盘
1088,10:34:10,12.4,--,5,6200,买盘
1089,10:34:04,12.4,-0.02,7,8680,中性盘
1090,10:33:55,12.42,--,0,0,买盘
1091,10:33:49,12.42,0.01,8,9936,买盘
1092,10:33:25,12.41,--,104,129064,买盘
1093,10:33:19,12.41,--,20,24820,卖盘
1094,10:33:10,12.41,0.01,2,2482,买盘
1095,10:33:04,12.4,-0.01,2,2480,卖盘
1096,10:32:49,12.41,0.01,8,9928,买盘
1097,10:32:43,12.4,-0.01,26,32240,卖盘
1098,10:32:40,12.41,--,2,2482,卖盘
1099,10:32:34,12.41,--,3,3723,卖盘
1100,10:32:28,12.41,0.01,2,2482,买盘
1101,10:32:19,12.4,--,22,27280,卖盘
1102,10:32:13,12.4,-0.02,6,7440,卖盘
1103,10:32:10,12.42,0.01,14,17388,买盘
1104,10:32:04,12.41,--,2,2482,卖盘
1105,10:31:43,12.41,0.01,6,7446,买盘
1106,10:31:34,12.4,-0.01,203,251720,卖盘
1107,10:31:28,12.41,0.01,7,8687,买盘
1108,10:31:25,12.4,--,5,6200,卖盘
1109,10:31:13,12.4,--,30,37200,买盘
1110,10:31:10,12.4,--,7,8680,买盘
1111,10:31:04,12.4,--,1,1240,卖盘
1112,10:30:58,12.4,--,29,35960,卖盘
1113,10:30:49,12.4,--,1,1240,买盘
1114,10:30:34,12.4,--,10,12400,买盘
1115,10:30:28,12.4,0.01,13,16120,买盘
1116,10:30:25,12.39,-0.01,3,3717,卖盘
1117,10:30:19,12.4,0.01,50,62000,买盘
1118,10:30:13,12.39,-0.01,10,12390,卖盘
1119,10:30:10,12.4,--,7,8680,买盘
1120,10:30:04,12.4,-0.01,100,124000,买盘
1121,10:29:49,12.41,0.01,27,33507,买盘
1122,10:29:43,12.4,-0.01,98,121520,卖盘
1123,10:29:28,12.41,--,7,8687,买盘
1124,10:29:19,12.41,-0.01,4,4964,卖盘
1125,10:29:09,12.42,--,7,8694,买盘
1126,10:29:04,12.42,--,0,0,买盘
1127,10:28:58,12.42,--,1,1242,卖盘
1128,10:28:49,12.42,0.02,6,7452,买盘
1129,10:28:43,12.4,-0.03,6,7440,卖盘
1130,10:28:34,12.43,--,0,0,买盘
1131,10:28:28,12.43,--,17,21131,买盘
1132,10:28:19,12.43,--,1,1243,买盘
1133,10:28:09,12.43,0.03,7,8701,买盘
1134,10:28:04,12.4,-0.03,6,7440,卖盘
1135,10:27:54,12.43,--,10,12430,买盘
1136,10:27:49,12.43,0.03,7,8701,买盘
1137,10:27:34,12.4,-0.03,7,8680,卖盘
1138,10:27:28,12.43,0.03,7,8701,买盘
1139,10:27:13,12.4,-0.03,5,6200,卖盘
1140,10:27:09,12.43,0.03,7,8701,买盘
1141,10:26:58,12.4,--,6,7440,卖盘
1142,10:26:49,12.4,--,2,2480,买盘
1143,10:26:43,12.4,--,16,19840,买盘
1144,10:26:34,12.4,-0.03,23,28520,卖盘
1145,10:26:28,12.43,0.03,7,8701,买盘
1146,10:26:24,12.4,-0.03,6,7440,卖盘
1147,10:26:09,12.43,--,7,8701,买盘
1148,10:25:49,12.43,--,13,16159,买盘
1149,10:25:43,12.43,--,0,0,买盘
1150,10:25:28,12.43,0.04,7,8701,买盘
1151,10:25:13,12.39,-0.02,46,56994,卖盘
1152,10:25:07,12.41,-0.01,5,6205,买盘
1153,10:24:58,12.42,--,0,0,买盘
1154,10:24:52,12.42,--,7,8694,买盘
1155,10:24:48,12.42,0.04,8,9936,买盘
1156,10:24:43,12.38,--,0,0,卖盘
1157,10:24:37,12.38,-0.04,7,8666,卖盘
1158,10:24:28,12.42,--,7,8694,买盘
1159,10:24:22,12.42,-0.01,13,16903,卖盘
1160,10:24:07,12.43,0.01,29,36047,买盘
1161,10:24:03,12.42,--,6,7452,卖盘
1162,10:23:58,12.42,-0.01,31,38502,卖盘
1163,10:23:52,12.43,0.01,7,8701,买盘
1164,10:23:37,12.42,--,13,16146,卖盘
1165,10:23:33,12.42,0.02,168,209140,买盘
1166,10:23:28,12.4,--,65,80600,买盘
1167,10:23:22,12.4,--,0,0,买盘
1168,10:23:07,12.4,0.02,7,8680,买盘
1169,10:22:58,12.38,0.01,1,1238,买盘
1170,10:22:52,12.37,-0.01,19,23503,卖盘
1171,10:22:28,12.38,--,53,65614,卖盘
1172,10:22:22,12.38,--,3,3714,卖盘
1173,10:22:18,12.38,-0.01,7,8666,卖盘
1174,10:22:13,12.39,0.01,1,1239,买盘
1175,10:22:07,12.38,--,10,12380,卖盘
1176,10:22:03,12.38,--,20,24760,卖盘
1177,10:21:58,12.38,-0.01,22,27236,卖盘
1178,10:21:52,12.39,0.01,7,8673,买盘
1179,10:21:48,12.38,--,36,44568,卖盘
1180,10:21:43,12.38,-0.01,6,7428,卖盘
1181,10:21:28,12.39,--,83,102837,卖盘
1182,10:21:18,12.39,--,23,28497,买盘
1183,10:21:13,12.39,0.01,7,8673,买盘
1184,10:21:07,12.38,-0.01,6,7428,卖盘
1185,10:20:58,12.39,--,146,180894,卖盘
1186,10:20:52,12.39,--,37,45843,卖盘
1187,10:20:33,12.39,-0.01,6,7434,卖盘
1188,10:20:28,12.4,--,7,8680,买盘
1189,10:20:13,12.4,0.01,14,17360,买盘
1190,10:19:58,12.39,-0.02,6,7434,卖盘
1191,10:19:52,12.41,0.01,7,8687,买盘
1192,10:19:48,12.4,--,4,4960,卖盘
1193,10:19:37,12.4,--,1,1240,买盘
1194,10:19:33,12.4,--,19,23560,卖盘
1195,10:19:28,12.4,0.01,1,1240,买盘
1196,10:19:22,12.39,-0.01,7,8673,卖盘
1197,10:19:13,12.4,--,7,8680,买盘
1198,10:18:52,12.4,0.01,7,8680,买盘
1199,10:18:48,12.39,--,6,7434,卖盘
1200,10:18:37,12.39,-0.01,5,6195,卖盘
1201,10:18:33,12.4,0.01,7,8680,买盘
1202,10:18:18,12.39,--,12,14868,卖盘
1203,10:18:13,12.39,--,13,16107,卖盘
1204,10:17:57,12.39,--,24,29736,卖盘
1205,10:17:52,12.39,--,1,1239,买盘
1206,10:17:37,12.39,-0.01,5,6195,卖盘
1207,10:17:31,12.4,-0.01,14,17360,卖盘
1208,10:17:13,12.41,0.02,6,7446,买盘
1209,10:17:07,12.39,-0.01,7,8673,卖盘
1210,10:16:58,12.4,--,0,0,中性盘
1211,10:16:52,12.4,0.01,17,21080,买盘
1212,10:16:31,12.39,-0.01,48,59472,卖盘
1213,10:16:16,12.4,--,0,0,买盘
1214,10:16:12,12.4,0.02,7,8680,买盘
1215,10:16:07,12.38,-0.02,180,222840,卖盘
1216,10:16:01,12.4,0.01,2,2480,中性盘
1217,10:15:52,12.39,--,10,12390,卖盘
1218,10:15:31,12.39,--,19,23541,卖盘
1219,10:15:22,12.39,-0.01,6,7434,卖盘
1220,10:15:12,12.4,--,7,8680,买盘
1221,10:14:52,12.4,--,29,35960,卖盘
1222,10:14:46,12.4,-0.01,106,131440,卖盘
1223,10:14:37,12.41,--,40,49640,买盘
1224,10:14:31,12.41,--,7,8687,买盘
1225,10:14:22,12.41,--,10,12410,买盘
1226,10:14:12,12.41,0.01,7,8687,买盘
1227,10:14:07,12.4,-0.01,7,8680,卖盘
1228,10:14:01,12.41,--,3,3723,买盘
1229,10:13:52,12.41,0.02,7,8687,买盘
1230,10:13:46,12.39,--,0,0,卖盘
1231,10:13:37,12.39,-0.02,6,7434,卖盘
1232,10:13:31,12.41,--,7,8687,买盘
1233,10:13:22,12.41,--,169,210486,买盘
1234,10:13:12,12.41,0.01,7,8687,买盘
1235,10:13:01,12.4,--,6,7440,卖盘
1236,10:12:57,12.4,-0.01,3,3720,卖盘
1237,10:12:52,12.41,--,29,35989,买盘
1238,10:12:31,12.41,0.01,7,8687,买盘
1239,10:12:27,12.4,-0.01,56,69440,卖盘
1240,10:12:12,12.41,--,7,8687,买盘
1241,10:11:52,12.41,--,10,12410,买盘
1242,10:11:46,12.41,-0.01,86,106726,卖盘
1243,10:11:31,12.42,0.01,17,21114,买盘
1244,10:11:16,12.41,--,13,16133,卖盘
1245,10:11:01,12.41,-0.01,5,6205,卖盘
1246,10:10:52,12.42,--,10,12420,买盘
1247,10:10:46,12.42,0.01,3,3726,买盘
1248,10:10:42,12.41,-0.01,6,7446,卖盘
1249,10:10:37,12.42,--,0,0,买盘
1250,10:10:31,12.42,--,7,8694,买盘
1251,10:10:27,12.42,--,3,3726,买盘
1252,10:10:16,12.42,0.02,7,8694,买盘
1253,10:10:07,12.4,-0.01,35,43400,卖盘
1254,10:10:01,12.41,--,27,33507,买盘
1255,10:09:52,12.41,0.01,20,24820,买盘
1256,10:09:37,12.4,-0.01,59,73643,卖盘
1257,10:09:31,12.41,0.01,30,37230,买盘
1258,10:09:21,12.4,--,121,150040,买盘
1259,10:09:16,12.4,0.02,12,14880,买盘
1260,10:08:55,12.38,-0.02,7,8666,卖盘
1261,10:08:52,12.4,--,7,8680,买盘
1262,10:08:31,12.4,0.01,24,29760,买盘
1263,10:08:21,12.39,-0.01,6,7434,卖盘
1264,10:08:16,12.4,--,7,8680,买盘
1265,10:07:55,12.4,0.01,7,8680,买盘
1266,10:07:46,12.39,-0.01,6,7434,卖盘
1267,10:07:36,12.4,--,7,8680,买盘
1268,10:07:31,12.4,--,2,2480,买盘
1269,10:07:25,12.4,--,10,12400,买盘
1270,10:07:16,12.4,--,7,8680,买盘
1271,10:07:10,12.4,-0.01,24,29760,卖盘
1272,10:06:55,12.41,0.01,7,8687,买盘
1273,10:06:36,12.4,-0.01,13,16120,卖盘
1274,10:06:31,12.41,0.01,9,11169,买盘
1275,10:06:21,12.4,--,5,6200,卖盘
1276,10:06:16,12.4,--,4,4960,买盘
1277,10:06:01,12.4,-0.01,3,3720,卖盘
1278,10:05:55,12.41,0.01,7,8687,买盘
1279,10:05:51,12.4,--,34,42160,卖盘
1280,10:05:40,12.4,-0.01,3,3720,卖盘
1281,10:05:36,12.41,0.01,7,8687,买盘
1282,10:05:25,12.4,-0.01,58,71920,卖盘
1283,10:05:16,12.41,--,7,8687,买盘
1284,10:05:01,12.41,-0.01,79,98039,卖盘
1285,10:04:55,12.42,0.01,7,8694,买盘
1286,10:04:51,12.41,-0.02,6,7446,卖盘
1287,10:04:36,12.43,0.02,17,21131,买盘
1288,10:04:30,12.41,-0.02,3,3723,卖盘
1289,10:04:15,12.43,-0.01,48,60894,卖盘
1290,10:03:55,12.44,0.01,17,21148,买盘
1291,10:03:40,12.43,-0.01,7,8701,卖盘
1292,10:03:36,12.44,0.02,7,8708,买盘
1293,10:03:25,12.42,--,3,3738,买盘
1294,10:03:21,12.42,-0.01,16,19872,买盘
1295,10:03:15,12.43,0.02,7,8701,买盘
1296,10:03:05,12.41,-0.02,6,7446,卖盘
1297,10:03:00,12.43,--,3,4959,卖盘
1298,10:02:55,12.43,--,3,3741,买盘
1299,10:02:45,12.43,--,26,33548,卖盘
1300,10:02:40,12.43,-0.01,50,62150,卖盘
1301,10:02:36,12.44,--,7,8708,买盘
1302,10:02:30,12.44,0.01,15,18660,买盘
1303,10:02:10,12.43,0.02,42,52218,买盘
1304,10:01:55,12.41,-0.01,13,16133,卖盘
1305,10:01:49,12.42,--,10,12420,卖盘
1306,10:01:40,12.42,--,43,53406,买盘
1307,10:01:34,12.42,--,7,8694,买盘
1308,10:01:30,12.42,--,25,31050,买盘
1309,10:01:24,12.42,0.02,16,19872,买盘
1310,10:01:19,12.4,-0.02,2,3286,卖盘
1311,10:01:15,12.42,--,7,8694,买盘
1312,10:00:55,12.42,--,56,69552,买盘
1313,10:00:34,12.42,--,7,8694,买盘
1314,10:00:19,12.42,0.02,7,8694,买盘
1315,10:00:04,12.4,-0.02,3,3720,卖盘
1316,09:59:55,12.42,0.01,7,8694,买盘
1317,09:59:49,12.41,0.01,1,1241,买盘
1318,09:59:40,12.4,--,5,6200,卖盘
1319,09:59:34,12.4,--,19,23560,卖盘
1320,09:59:19,12.4,--,9,12387,买盘
1321,09:59:15,12.4,--,21,26052,卖盘
1322,09:58:55,12.4,-0.02,68,84320,卖盘
1323,09:58:49,12.42,--,20,24840,买盘
1324,09:58:34,12.42,--,7,8694,买盘
1325,09:58:19,12.42,--,7,8694,买盘
1326,09:58:15,12.42,--,10,12420,买盘
1327,09:58:04,12.42,--,10,12420,买盘
1328,09:57:54,12.42,--,7,8694,买盘
1329,09:57:39,12.42,-0.01,7,8694,卖盘
1330,09:57:34,12.43,0.01,106,131758,买盘
1331,09:57:30,12.42,--,1,1242,买盘
1332,09:57:19,12.42,--,7,8694,买盘
1333,09:56:54,12.42,--,45,57119,卖盘
1334,09:56:49,12.42,--,2,2496,买盘
1335,09:56:45,12.42,--,5,6210,买盘
1336,09:56:39,12.42,-0.02,49,62087,卖盘
1337,09:56:34,12.44,--,7,8708,买盘
1338,09:56:24,12.44,0.02,26,32356,买盘
1339,09:56:19,12.42,--,12,14904,卖盘
1340,09:56:09,12.42,--,35,43470,买盘
1341,09:55:54,12.42,0.01,7,8694,买盘
1342,09:55:49,12.41,0.01,3,3723,买盘
1343,09:55:39,12.4,0.03,1166,1447067,买盘
1344,09:55:24,12.37,--,88,108856,买盘
1345,09:55:19,12.37,0.01,7,8659,买盘
1346,09:55:04,12.36,0.01,18,22248,买盘
1347,09:54:59,12.35,-0.01,6,7410,卖盘
1348,09:54:54,12.36,0.02,7,8652,买盘
1349,09:54:49,12.34,--,0,0,卖盘
1350,09:54:39,12.34,--,45,55530,买盘
1351,09:54:34,12.34,--,20,24680,买盘
1352,09:54:28,12.34,0.01,10,12340,买盘
1353,09:54:19,12.33,-0.01,12,14796,卖盘
1354,09:54:13,12.34,--,1,1234,买盘
1355,09:54:04,12.34,--,15,18510,买盘
1356,09:53:54,12.34,--,7,8638,买盘
1357,09:53:43,12.34,--,12,14808,买盘
1358,09:53:39,12.34,--,9,11106,买盘
1359,09:53:34,12.34,-0.03,27,33318,卖盘
1360,09:53:19,12.37,0.03,7,8659,买盘
1361,09:52:57,12.34,-0.02,59,72806,卖盘
1362,09:52:54,12.36,--,20,24720,买盘
1363,09:52:39,12.36,--,7,8652,买盘
1364,09:52:19,12.36,0.02,7,8652,买盘
1365,09:52:09,12.34,-0.02,4,4936,卖盘
1366,09:52:04,12.36,--,1,1236,买盘
1367,09:51:58,12.36,--,7,8652,买盘
1368,09:51:39,12.36,0.03,7,8652,买盘
1369,09:51:28,12.33,--,0,0,卖盘
1370,09:51:18,12.33,-0.01,61,75213,卖盘
1371,09:51:03,12.34,--,100,123400,买盘
1372,09:50:58,12.34,0.01,7,8638,买盘
1373,09:50:48,12.33,--,0,0,卖盘
1374,09:50:43,12.33,-0.03,38,46854,卖盘
1375,09:50:39,12.36,--,7,8652,买盘
1376,09:50:28,12.36,0.02,2,2472,买盘
1377,09:50:24,12.34,-0.02,10,12340,卖盘
1378,09:50:18,12.36,--,7,8652,买盘
1379,09:50:03,12.36,--,0,0,买盘
1380,09:49:58,12.36,--,26,32136,卖盘
1381,09:49:48,12.36,--,5,6180,卖盘
1382,09:49:43,12.36,0.02,30,37080,卖盘
1383,09:49:33,12.34,-0.02,7,8638,买盘
1384,09:49:28,12.36,--,3,3708,卖盘
1385,09:49:18,12.36,--,6,7416,买盘
1386,09:49:13,12.36,--,12,14832,买盘
1387,09:48:58,12.36,--,0,0,买盘
1388,09:48:54,12.36,0.03,4,4944,买盘
1389,09:48:48,12.33,-0.03,15,18495,卖盘
1390,09:48:43,12.36,--,4,4944,买盘
1391,09:48:38,12.36,--,32,39552,买盘
1392,09:48:28,12.36,--,0,0,买盘
1393,09:48:18,12.36,0.03,7,8652,买盘
1394,09:48:03,12.33,--,2,2466,买盘
1395,09:47:58,12.33,--,7,8631,买盘
1396,09:47:48,12.33,-0.02,71,87543,卖盘
1397,09:47:43,12.35,--,21,25935,买盘
1398,09:47:38,12.35,--,7,8645,买盘
1399,09:47:33,12.35,-0.01,32,39520,买盘
1400,09:47:18,12.36,--,7,8652,买盘
1401,09:47:13,12.36,0.01,30,37080,买盘
1402,09:47:03,12.35,-0.01,4,4940,卖盘
1403,09:46:58,12.36,0.01,8,9888,买盘
1404,09:46:43,12.35,--,6,7410,买盘
1405,09:46:37,12.35,0.03,7,8645,买盘
1406,09:46:33,12.32,-0.03,50,61600,卖盘
1407,09:46:18,12.35,0.01,7,8645,买盘
1408,09:46:07,12.34,--,2,2468,卖盘
1409,09:46:03,12.34,-0.01,198,244332,卖盘
1410,09:45:58,12.35,0.02,7,8645,买盘
1411,09:45:48,12.33,-0.01,94,115902,卖盘
1412,09:45:43,12.34,--,7,8638,买盘
1413,09:45:37,12.34,-0.01,49,60466,卖盘
1414,09:45:28,12.35,--,10,12350,买盘
1415,09:45:22,12.35,0.01,7,8645,买盘
1416,09:45:07,12.34,-0.01,10,12340,卖盘
1417,09:44:58,12.35,--,7,8645,买盘
1418,09:44:43,12.35,0.01,7,8645,买盘
1419,09:44:28,12.34,--,31,38254,买盘
1420,09:44:22,12.34,--,7,8638,买盘
1421,09:44:12,12.34,-0.01,4,4936,卖盘
1422,09:44:07,12.35,--,23,28405,买盘
1423,09:43:57,12.35,--,13,16055,买盘
1424,09:43:42,12.35,0.02,7,8645,买盘
1425,09:43:33,12.33,--,0,0,卖盘
1426,09:43:27,12.33,-0.02,6,7398,卖盘
1427,09:43:22,12.35,0.02,7,8645,买盘
1428,09:43:12,12.33,-0.02,20,24660,卖盘
1429,09:43:03,12.35,--,7,8645,买盘
1430,09:42:57,12.35,--,1,1235,买盘
1431,09:42:42,12.35,--,7,8645,买盘
1432,09:42:37,12.35,-0.02,22,27170,卖盘
1433,09:42:22,12.37,--,7,8659,买盘
1434,09:42:07,12.37,--,1,1237,买盘
1435,09:42:02,12.37,0.02,7,8659,买盘
1436,09:41:42,12.35,0.01,5,6175,买盘
1437,09:41:37,12.34,--,0,0,卖盘
1438,09:41:27,12.34,-0.01,20,24680,卖盘
1439,09:41:22,12.35,0.01,7,8645,买盘
1440,09:41:12,12.34,--,66,81444,买盘
1441,09:41:07,12.34,--,17,20978,买盘
1442,09:41:02,12.34,--,7,8638,买盘
1443,09:40:57,12.34,-0.01,14,17276,卖盘
1444,09:40:52,12.35,--,3,3705,买盘
1445,09:40:42,12.35,0.01,7,8645,买盘
1446,09:40:37,12.34,-0.01,1,1234,卖盘
1447,09:40:27,12.35,0.01,1,1235,买盘
1448,09:40:22,12.34,--,42,51828,买盘
1449,09:40:17,12.34,--,1,1234,买盘
1450,09:40:02,12.34,--,7,8638,买盘
1451,09:39:57,12.34,--,5,6170,卖盘
1452,09:39:47,12.34,-0.01,1,1234,卖盘
1453,09:39:42,12.35,0.01,7,8645,买盘
1454,09:39:22,12.34,--,6,7404,买盘
1455,09:39:12,12.34,-0.01,42,51828,卖盘
1456,09:39:02,12.35,--,7,8645,买盘
1457,09:38:42,12.35,--,7,8645,买盘
1458,09:38:37,12.35,-0.02,126,155610,卖盘
1459,09:38:27,12.37,-0.01,24,29687,卖盘
1460,09:38:22,12.38,--,7,8666,买盘
1461,09:38:07,12.38,--,90,111420,卖盘
1462,09:38:01,12.38,-0.01,307,380066,卖盘
1463,09:37:57,12.39,--,1,1239,买盘
1464,09:37:42,12.39,0.01,7,8673,买盘
1465,09:37:37,12.38,-0.01,73,90374,卖盘
1466,09:37:21,12.39,--,7,8673,买盘
1467,09:37:12,12.39,--,14,17346,买盘
1468,09:37:01,12.39,--,22,27258,买盘
1469,09:36:51,12.39,--,74,91686,买盘
1470,09:36:42,12.39,0.01,37,45843,买盘
1471,09:36:31,12.38,-0.01,24,29712,卖盘
1472,09:36:21,12.39,0.01,7,8673,买盘
1473,09:36:16,12.38,--,0,0,卖盘
1474,09:36:01,12.38,-0.01,4,4952,买盘
1475,09:35:51,12.39,0.04,116,143724,买盘
1476,09:35:46,12.35,-0.04,13,16055,卖盘
1477,09:35:42,12.39,0.04,7,8673,买盘
1478,09:35:21,12.35,--,0,0,中性盘
1479,09:35:16,12.35,--,40,49400,买盘
1480,09:35:06,12.35,-0.03,160,197600,卖盘
1481,09:35:01,12.38,0.03,7,8666,买盘
1482,09:34:57,12.35,-0.03,60,74100,卖盘
1483,09:34:51,12.38,--,10,12380,买盘
1484,09:34:46,12.38,0.03,7,8666,买盘
1485,09:34:16,12.35,-0.03,2,2470,买盘
1486,09:34:01,12.38,0.03,7,8666,买盘
1487,09:33:56,12.35,-0.03,28,34580,卖盘
1488,09:33:46,12.38,--,37,45806,买盘
1489,09:33:41,12.38,-0.01,6,7428,卖盘
1490,09:33:36,12.39,--,11,13629,买盘
1491,09:33:26,12.39,--,5,6195,买盘
1492,09:33:21,12.39,0.01,7,8673,买盘
1493,09:33:16,12.38,-0.01,29,35902,卖盘
1494,09:33:06,12.39,--,31,38409,买盘
1495,09:33:01,12.39,--,7,8673,买盘
1496,09:32:46,12.39,--,16,19824,买盘
1497,09:32:41,12.39,--,1,1239,买盘
1498,09:32:26,12.39,-0.01,20,24780,卖盘
1499,09:32:21,12.4,--,7,8680,买盘
1500,09:32:16,12.4,--,0,0,买盘
1501,09:32:11,12.4,--,4,4960,买盘
1502,09:32:06,12.4,--,7,8680,买盘
1503,09:32:01,12.4,--,0,0,买盘
1504,09:31:46,12.4,0.07,7,8680,买盘
1505,09:31:41,12.33,-0.04,87,107468,卖盘
1506,09:31:31,12.37,--,0,0,买盘
1507,09:31:26,12.37,--,0,0,买盘
1508,09:31:21,12.37,-0.01,11,13607,买盘
1509,09:31:06,12.38,0.01,13,16094,卖盘
1510,09:31:01,12.37,--,0,0,中性盘
1511,09:30:51,12.37,-0.01,62,76694,卖盘
1512,09:30:46,12.38,--,14,17332,买盘
1513,09:30:36,12.38,0.01,3,3714,买盘
1514,09:30:25,12.37,--,12,14843,买盘
1515,09:30:21,12.37,0.07,8,9896,买盘
1516,09:30:15,12.3,-0.05,140,172200,卖盘
1517,09:30:10,12.35,0.06,2,2470,中性盘
1518,09:30:06,12.29,0.01,1,1229,买盘
1519,09:30:00,12.28,--,1,1228,买盘
1520,09:28:55,12.28,--,0,0,买盘
1521,09:25:03,12.28,12.28,166,203848,买盘
