,time,price,change,volume,amount,type
0,15:00:00,28.95,--,0,0,卖盘
1,15:00:00,28.95,-0.01,10,28950,卖盘
2,15:00:00,28.96,0.01,6,17376,买盘
3,14:59:55,28.95,--,28,81060,卖盘
4,14:59:50,28.95,--,2,5790,卖盘
5,14:59:40,28.95,0.01,8,23160,买盘
6,14:59:35,28.94,--,24,69456,卖盘
7,14:59:30,28.94,-0.01,2,5788,卖盘
8,14:59:25,28.95,--,18,52110,买盘
9,14:59:20,28.95,--,35,101325,买盘
10,14:59:15,28.95,--,3,8685,买盘
11,14:59:05,28.95,0.01,3,8685,买盘
12,14:58:55,28.94,0.02,69,199686,买盘
13,14:58:50,28.92,-0.02,107,309444,卖盘
14,14:58:45,28.94,--,4,11576,买盘
15,14:58:40,28.94,--,11,31834,买盘
16,14:58:35,28.94,--,13,37622,买盘
17,14:58:25,28.94,--,17,49198,买盘
18,14:58:15,28.94,--,20,57880,买盘
19,14:58:10,28.94,0.01,1,2894,买盘
20,14:58:04,28.93,--,1,2893,卖盘
21,14:58:00,28.93,--,5,14465,卖盘
22,14:57:55,28.93,-0.01,14,40502,卖盘
23,14:57:49,28.94,0.01,9,26046,买盘
24,14:57:34,28.93,--,183,529419,买盘
25,14:57:30,28.93,--,1,2893,买盘
26,14:57:19,28.93,--,2,5786,买盘
27,14:57:15,28.93,--,10,28930,买盘
28,14:57:00,28.93,--,5,14465,买盘
29,14:56:49,28.93,--,16,46288,买盘
30,14:56:45,28.93,--,72,208296,买盘
31,14:56:40,28.93,-0.01,31,89683,卖盘
32,14:56:34,28.94,0.01,3,8682,买盘
33,14:56:30,28.93,--,3,8679,卖盘
34,14:56:25,28.93,--,4,11572,卖盘
35,14:56:19,28.93,--,2,5786,卖盘
36,14:56:15,28.93,0.01,2,5786,卖盘
37,14:56:10,28.92,-0.01,10,28920,卖盘
38,14:56:04,28.93,--,12,36162,卖盘
39,14:56:00,28.93,-0.01,5,14465,卖盘
40,14:55:54,28.94,0.01,5,14470,买盘
41,14:55:49,28.93,--,7,20251,卖盘
42,14:55:45,28.93,-0.01,2,5786,卖盘
43,14:55:39,28.94,0.01,1,2894,买盘
44,14:55:34,28.93,--,3,8679,卖盘
45,14:55:30,28.93,--,10,28930,卖盘
46,14:55:15,28.93,-0.01,2,5786,卖盘
47,14:55:04,28.94,--,13,37622,买盘
48,14:54:54,28.94,--,7,20258,买盘
49,14:54:39,28.94,-0.01,7,20258,卖盘
50,14:54:34,28.95,0.01,15,43425,买盘
51,14:54:19,28.94,-0.01,7,20258,卖盘
52,14:54:15,28.95,--,72,208440,卖盘
53,14:54:04,28.95,--,23,66585,卖盘
54,14:54:00,28.95,-0.01,14,40530,卖盘
55,14:53:49,28.96,0.01,3,8688,买盘
56,14:53:45,28.95,--,12,34740,卖盘
57,14:53:39,28.95,-0.01,2,5790,卖盘
58,14:53:24,28.96,0.01,2,5792,买盘
59,14:53:19,28.95,-0.01,5,14475,卖盘
60,14:53:15,28.96,--,3,8688,买盘
61,14:53:00,28.96,--,4,11584,买盘
62,14:52:49,28.96,0.01,6,17376,买盘
63,14:52:44,28.95,--,34,98430,卖盘
64,14:52:39,28.95,--,2,5790,卖盘
65,14:52:34,28.95,--,11,31845,卖盘
66,14:52:19,28.95,--,8,23160,买盘
67,14:52:14,28.95,--,30,86850,买盘
68,14:52:09,28.95,0.02,3,8685,买盘
69,14:52:04,28.93,--,15,43395,卖盘
70,14:51:54,28.93,--,10,28930,卖盘
71,14:51:49,28.93,--,2,5786,卖盘
72,14:51:34,28.93,--,10,28930,卖盘
73,14:51:29,28.93,--,1,2893,卖盘
74,14:51:24,28.93,--,1,2893,卖盘
75,14:51:19,28.93,-0.02,5,14465,卖盘
76,14:51:14,28.95,0.01,8,23160,买盘
77,14:51:04,28.94,0.01,31,89714,买盘
78,14:50:59,28.93,--,1,2893,卖盘
79,14:50:49,28.93,--,8,23144,卖盘
80,14:50:44,28.93,-0.02,20,57860,卖盘
81,14:50:39,28.95,0.01,5,14475,买盘
82,14:50:34,28.94,-0.02,1,2894,卖盘
83,14:50:29,28.96,0.01,3,8688,买盘
84,14:50:24,28.95,--,9,26055,卖盘
85,14:50:19,28.95,0.03,1,2895,中性盘
86,14:50:14,28.92,-0.01,47,138584,卖盘
87,14:50:09,28.93,--,0,0,卖盘
88,14:50:04,28.93,--,124,358732,卖盘
89,14:49:58,28.93,-0.02,5,14465,卖盘
90,14:49:54,28.95,--,3,8685,买盘
91,14:49:49,28.95,0.01,45,130275,买盘
92,14:49:43,28.94,-0.01,8,23152,卖盘
93,14:49:39,28.95,--,27,78165,买盘
94,14:49:34,28.95,--,19,55005,买盘
95,14:49:28,28.95,--,19,55005,买盘
96,14:49:24,28.95,0.01,5,14475,买盘
97,14:49:19,28.94,--,10,28940,卖盘
98,14:49:13,28.94,--,10,28940,卖盘
99,14:49:09,28.94,-0.02,2,5788,卖盘
100,14:49:03,28.96,--,0,0,买盘
101,14:48:58,28.96,--,1,2896,买盘
102,14:48:54,28.96,--,38,110048,买盘
103,14:48:48,28.96,--,15,43440,买盘
104,14:48:43,28.96,--,10,28960,买盘
105,14:48:39,28.96,--,30,86880,买盘
106,14:48:28,28.96,--,26,75296,卖盘
107,14:48:23,28.96,0.01,8,23168,中性盘
108,14:48:18,28.95,-0.01,5,14475,卖盘
109,14:48:13,28.96,-0.01,22,63712,买盘
110,14:47:58,28.97,--,0,0,买盘
111,14:47:53,28.97,0.02,7,20279,买盘
112,14:47:43,28.95,--,29,83955,卖盘
113,14:47:38,28.95,--,0,0,卖盘
114,14:47:28,28.95,-0.02,6,17370,卖盘
115,14:47:18,28.97,0.02,57,165129,买盘
116,14:47:13,28.95,-0.02,2,5790,卖盘
117,14:46:58,28.97,--,21,60837,买盘
118,14:46:48,28.97,--,1,2897,买盘
119,14:46:38,28.97,--,16,46352,买盘
120,14:46:28,28.97,0.02,10,28970,买盘
121,14:46:23,28.95,-0.02,3,8685,中性盘
122,14:46:18,28.97,0.02,10,28970,买盘
123,14:46:13,28.95,--,3,8685,买盘
124,14:46:08,28.95,-0.01,93,269235,卖盘
125,14:45:58,28.96,--,4,11584,买盘
126,14:45:53,28.96,0.01,9,26064,买盘
127,14:45:48,28.95,0.01,5,14475,卖盘
128,14:45:28,28.94,-0.01,184,532496,卖盘
129,14:45:23,28.95,--,10,28950,买盘
130,14:45:13,28.95,0.01,14,40530,买盘
131,14:45:08,28.94,--,1,2894,卖盘
132,14:45:03,28.94,-0.01,15,43410,卖盘
133,14:44:58,28.95,--,3,8685,买盘
134,14:44:48,28.95,--,10,28950,买盘
135,14:44:43,28.95,--,23,66585,买盘
136,14:44:23,28.95,0.01,2,5790,买盘
137,14:44:13,28.94,--,0,0,中性盘
138,14:44:08,28.94,--,10,28940,买盘
139,14:44:03,28.94,-0.01,3,8682,卖盘
140,14:43:58,28.95,--,3,8685,买盘
141,14:43:43,28.95,--,0,0,买盘
142,14:43:38,28.95,--,5,14475,买盘
143,14:43:33,28.95,0.02,5,14475,买盘
144,14:43:28,28.93,--,0,0,卖盘
145,14:43:23,28.93,-0.02,140,405106,卖盘
146,14:43:13,28.95,--,15,43946,卖盘
147,14:43:03,28.95,--,23,66585,卖盘
148,14:42:53,28.95,--,2,5790,买盘
149,14:42:38,28.95,-0.02,1,2895,买盘
150,14:42:28,28.97,--,0,0,买盘
151,14:42:23,28.97,0.04,2,5794,买盘
152,14:42:18,28.93,--,10,28930,卖盘
153,14:42:07,28.93,--,0,0,卖盘
154,14:41:52,28.93,--,0,0,卖盘
155,14:41:47,28.93,-0.03,41,118613,卖盘
156,14:41:32,28.96,0.01,1,2896,买盘
157,14:41:22,28.95,--,1,2895,卖盘
158,14:41:17,28.95,-0.01,5,15835,卖盘
159,14:41:12,28.96,--,20,57920,卖盘
160,14:40:57,28.96,-0.01,0,2258,卖盘
161,14:40:52,28.97,-0.01,8,23176,卖盘
162,14:40:37,28.98,--,1,2898,买盘
163,14:40:32,28.98,0.01,1,2898,买盘
164,14:40:22,28.97,-0.01,1,2897,卖盘
165,14:40:17,28.98,-0.02,161,466578,卖盘
166,14:39:52,29.0,0.01,15,43500,买盘
167,14:39:47,28.99,-0.01,5,14495,卖盘
168,14:39:42,29.0,--,35,101500,买盘
169,14:39:37,29.0,--,3,8700,买盘
170,14:39:32,29.0,--,23,66700,买盘
171,14:39:22,29.0,--,3,8700,买盘
172,14:39:17,29.0,0.01,5,14500,买盘
173,14:39:07,28.99,--,6,17394,卖盘
174,14:39:02,28.99,--,7,20293,卖盘
175,14:38:57,28.99,--,5,14495,卖盘
176,14:38:42,28.99,-0.01,18,52182,卖盘
177,14:38:37,29.0,--,10,29000,买盘
178,14:38:32,29.0,0.01,5,14500,买盘
179,14:38:27,28.99,-0.01,3,8697,卖盘
180,14:38:22,29.0,--,63,182700,买盘
181,14:38:17,29.0,--,82,237800,买盘
182,14:38:12,29.0,--,1,2900,买盘
183,14:38:07,29.0,--,5,14500,买盘
184,14:38:02,29.0,--,36,104400,买盘
185,14:37:57,29.0,--,5,14500,买盘
186,14:37:52,29.0,0.01,1,2900,买盘
187,14:37:47,28.99,-0.01,3,8697,卖盘
188,14:37:22,29.0,--,5,14500,买盘
189,14:37:12,29.0,0.01,16,46400,买盘
190,14:37:07,28.99,--,18,52182,卖盘
191,14:36:52,28.99,--,4,11596,卖盘
192,14:36:32,28.99,--,25,72475,买盘
193,14:36:27,28.99,-0.01,4,11596,卖盘
194,14:36:22,29.0,--,88,255200,买盘
195,14:36:07,29.0,--,0,0,买盘
196,14:36:02,29.0,0.01,10,29000,买盘
197,14:35:57,28.99,0.01,2,5798,买盘
198,14:35:52,28.98,--,11,31878,卖盘
199,14:35:47,28.98,-0.02,12,34776,卖盘
200,14:35:42,29.0,0.01,11,31900,买盘
201,14:35:37,28.99,--,4,11596,卖盘
202,14:35:32,28.99,-0.01,1,2899,卖盘
203,14:35:27,29.0,--,20,58000,买盘
204,14:35:21,29.0,--,4,11600,买盘
205,14:35:17,29.0,--,1,2900,买盘
206,14:35:02,29.0,-0.04,214,620600,卖盘
207,14:34:57,29.04,--,4,11616,买盘
208,14:34:46,29.04,--,0,0,买盘
209,14:34:42,29.04,--,1,2904,买盘
210,14:34:32,29.04,--,28,81312,买盘
211,14:34:26,29.04,--,12,34848,卖盘
212,14:34:16,29.04,--,0,0,卖盘
213,14:34:06,29.04,--,13,37752,买盘
214,14:33:51,29.04,0.03,5,14520,买盘
215,14:33:46,29.01,0.01,6,17406,中性盘
216,14:33:31,29.0,--,0,0,卖盘
217,14:33:26,29.0,-0.06,500,1450000,卖盘
218,14:33:21,29.06,--,4,11624,卖盘
219,14:33:16,29.06,0.01,12,34872,买盘
220,14:33:11,29.05,-0.01,10,29050,卖盘
221,14:33:06,29.06,--,1,2906,买盘
222,14:32:46,29.06,--,4,11624,买盘
223,14:32:41,29.06,--,31,90086,买盘
224,14:32:31,29.06,--,11,31966,卖盘
225,14:32:21,29.06,--,2,5812,卖盘
226,14:32:16,29.06,--,7,20342,卖盘
227,14:32:06,29.06,--,0,0,中性盘
228,14:32:01,29.06,--,10,29060,买盘
229,14:31:56,29.06,--,4,11624,卖盘
230,14:31:41,29.06,--,7,20342,卖盘
231,14:31:26,29.06,0.01,20,58120,买盘
232,14:31:21,29.05,-0.01,27,78435,卖盘
233,14:31:16,29.06,0.01,4,11624,买盘
234,14:31:11,29.05,--,6,17430,卖盘
235,14:31:06,29.05,--,9,26145,卖盘
236,14:30:56,29.05,--,2,5810,卖盘
237,14:30:46,29.05,0.02,13,37765,买盘
238,14:30:21,29.03,--,1,2903,卖盘
239,14:30:16,29.03,--,15,43545,买盘
240,14:30:01,29.03,0.01,14,40642,卖盘
241,14:29:56,29.02,--,2,5804,卖盘
242,14:29:46,29.02,-0.05,30,87060,卖盘
243,14:29:31,29.07,0.06,38,110466,买盘
244,14:29:16,29.01,--,0,0,卖盘
245,14:29:11,29.01,-0.07,200,580200,卖盘
246,14:29:01,29.08,-0.01,3,8724,卖盘
247,14:28:46,29.09,--,112,327262,卖盘
248,14:28:41,29.09,--,22,63998,卖盘
249,14:28:36,29.09,--,10,29090,卖盘
250,14:28:31,29.09,--,3,8727,卖盘
251,14:28:26,29.09,--,1,2909,卖盘
252,14:28:21,29.09,--,8,23272,卖盘
253,14:28:11,29.09,--,4,13090,卖盘
254,14:28:06,29.09,--,10,29090,卖盘
255,14:28:00,29.09,-0.01,2,5818,卖盘
256,14:27:51,29.1,0.01,26,75660,买盘
257,14:27:45,29.09,-0.01,1,2909,卖盘
258,14:27:41,29.1,--,5,14550,买盘
259,14:27:36,29.1,-0.01,91,264810,卖盘
260,14:27:26,29.11,0.01,9,26199,买盘
261,14:27:21,29.1,--,3,8730,卖盘
262,14:27:15,29.1,--,1,2910,卖盘
263,14:27:11,29.1,-0.01,9,26190,卖盘
264,14:27:06,29.11,--,13,37843,买盘
265,14:27:00,29.11,--,1,2911,买盘
266,14:26:56,29.11,--,2,5822,买盘
267,14:26:51,29.11,-0.01,14,40754,卖盘
268,14:26:41,29.12,--,4,11648,卖盘
269,14:26:35,29.12,--,6,17472,买盘
270,14:26:25,29.12,--,21,61152,卖盘
271,14:26:15,29.12,--,1,2912,卖盘
272,14:26:05,29.12,--,2,5824,卖盘
273,14:25:55,29.12,--,5,14560,买盘
274,14:25:44,29.12,-0.02,5,14560,卖盘
275,14:25:40,29.14,0.02,4,11656,买盘
276,14:25:35,29.12,--,10,29120,卖盘
277,14:25:30,29.12,--,1,2912,卖盘
278,14:25:10,29.12,--,5,14560,卖盘
279,14:24:55,29.12,-0.02,5,14560,卖盘
280,14:24:50,29.14,0.02,3,8742,买盘
281,14:24:40,29.12,--,28,81536,卖盘
282,14:24:35,29.12,--,4,11648,卖盘
283,14:24:30,29.12,-0.02,1,2912,卖盘
284,14:24:20,29.14,--,4,11656,买盘
285,14:24:00,29.14,0.02,3,8742,买盘
286,14:23:50,29.12,-0.01,11,32032,卖盘
287,14:23:45,29.13,--,1,2913,买盘
288,14:23:40,29.13,-0.01,1,2913,买盘
289,14:23:30,29.14,--,0,0,买盘
290,14:23:25,29.14,0.02,2,5828,买盘
291,14:23:20,29.12,--,3,8736,卖盘
292,14:23:10,29.12,-0.02,8,23296,卖盘
293,14:22:55,29.14,--,1,2914,买盘
294,14:22:40,29.14,0.01,18,52452,买盘
295,14:22:30,29.13,--,1,2913,买盘
296,14:22:25,29.13,--,20,58260,买盘
297,14:22:20,29.13,0.01,10,29130,卖盘
298,14:22:15,29.12,--,0,0,卖盘
299,14:22:10,29.12,-0.01,6,17472,卖盘
300,14:22:05,29.13,--,0,0,买盘
301,14:21:55,29.13,--,1,2913,买盘
302,14:21:40,29.13,--,30,87390,买盘
303,14:21:30,29.13,--,4,11652,买盘
304,14:21:10,29.13,--,27,78651,卖盘
305,14:20:38,29.13,0.02,70,203910,买盘
306,14:20:15,29.11,-0.01,191,556001,卖盘
307,14:20:09,29.12,-0.02,2,5824,卖盘
308,14:20:00,29.14,--,0,0,买盘
309,14:19:50,29.14,0.01,25,72850,买盘
310,14:19:45,29.13,--,7,20391,卖盘
311,14:19:39,29.13,--,2,5826,卖盘
312,14:19:35,29.13,--,5,14565,卖盘
313,14:19:30,29.13,--,6,17478,买盘
314,14:19:20,29.13,--,35,101955,卖盘
315,14:19:00,29.13,-0.01,3,8739,卖盘
316,14:18:44,29.14,--,32,93248,卖盘
317,14:18:38,29.14,--,2,5828,卖盘
318,14:18:35,29.14,--,27,78678,卖盘
319,14:18:29,29.14,--,161,469154,卖盘
320,14:18:09,29.14,--,1,2914,卖盘
321,14:18:04,29.14,--,80,233120,卖盘
322,14:17:44,29.14,--,5,14570,卖盘
323,14:17:39,29.14,--,2,5828,卖盘
324,14:17:34,29.14,--,23,67022,卖盘
325,14:17:29,29.14,--,7,20398,卖盘
326,14:17:19,29.14,--,4,11656,卖盘
327,14:17:04,29.14,--,12,34968,卖盘
328,14:16:49,29.14,--,67,195238,卖盘
329,14:16:38,29.14,--,2,5828,卖盘
330,14:16:34,29.14,-0.01,23,67022,卖盘
331,14:16:19,29.15,--,2,5830,买盘
332,14:16:08,29.15,--,0,0,中性盘
333,14:16:04,29.15,--,100,291500,卖盘
334,14:15:59,29.15,--,1,2915,卖盘
335,14:15:49,29.15,--,7,20405,卖盘
336,14:15:44,29.15,--,6,17490,卖盘
337,14:15:38,29.15,--,2,5830,卖盘
338,14:15:34,29.15,--,1,2915,卖盘
339,14:15:29,29.15,--,20,58300,卖盘
340,14:15:23,29.15,--,3,8745,卖盘
341,14:15:04,29.15,--,1,2915,卖盘
342,14:14:49,29.15,-0.01,28,81620,卖盘
343,14:14:44,29.16,0.01,5,14580,买盘
344,14:14:34,29.15,-0.01,1,2915,卖盘
345,14:14:29,29.16,0.01,43,125388,买盘
346,14:14:23,29.15,-0.01,10,29150,卖盘
347,14:14:19,29.16,--,6,17496,买盘
348,14:14:14,29.16,--,2,5832,买盘
349,14:14:08,29.16,--,4,11664,买盘
350,14:14:03,29.16,--,16,46656,买盘
351,14:13:59,29.16,0.01,12,34992,买盘
352,14:13:44,29.15,-0.01,22,64130,卖盘
353,14:13:38,29.16,0.01,12,34992,买盘
354,14:13:32,29.15,--,1,2915,卖盘
355,14:13:17,29.15,-0.01,1,2915,卖盘
356,14:13:14,29.16,0.01,2,5832,买盘
357,14:13:08,29.15,--,16,47193,卖盘
358,14:13:02,29.15,-0.01,2,5830,卖盘
359,14:12:59,29.16,0.01,13,37908,买盘
360,14:12:53,29.15,--,48,139920,卖盘
361,14:12:44,29.15,-0.01,3,8745,卖盘
362,14:12:29,29.16,-0.01,53,154548,卖盘
363,14:12:17,29.17,--,4,11668,买盘
364,14:11:58,29.17,--,7,20419,卖盘
365,14:11:53,29.17,--,6,17502,卖盘
366,14:11:44,29.17,--,2,5834,卖盘
367,14:11:38,29.17,--,2,5834,卖盘
368,14:11:32,29.17,--,20,58340,卖盘
369,14:11:29,29.17,--,3,8751,卖盘
370,14:11:23,29.17,-0.01,1,2917,卖盘
371,14:11:13,29.18,0.01,56,163408,买盘
372,14:11:08,29.17,--,5,14585,卖盘
373,14:10:58,29.17,--,6,17502,卖盘
374,14:10:43,29.17,--,6,17502,卖盘
375,14:10:28,29.17,--,1,2917,卖盘
376,14:10:23,29.17,--,5,14585,卖盘
377,14:10:13,29.17,--,10,29170,卖盘
378,14:10:08,29.17,--,1,2917,卖盘
379,14:10:02,29.17,-0.01,10,29170,卖盘
380,14:09:58,29.18,0.01,17,49606,买盘
381,14:09:38,29.17,-0.01,5,14585,卖盘
382,14:09:28,29.18,0.01,5,14590,买盘
383,14:09:23,29.17,--,10,29170,卖盘
384,14:09:13,29.17,-0.01,1,2917,卖盘
385,14:09:08,29.18,--,20,58360,买盘
386,14:08:58,29.18,0.01,10,29180,买盘
387,14:08:47,29.17,-0.01,3,8751,卖盘
388,14:08:17,29.18,--,2,5836,买盘
389,14:08:13,29.18,--,7,20426,买盘
390,14:08:08,29.18,--,3,8754,买盘
391,14:07:58,29.18,--,4,11672,买盘
392,14:07:08,29.18,0.01,1,2918,买盘
393,14:07:02,29.17,--,10,29170,卖盘
394,14:06:56,29.17,--,9,26253,卖盘
395,14:06:47,29.17,--,7,20419,卖盘
396,14:06:38,29.17,-0.01,1,2917,卖盘
397,14:06:23,29.18,--,27,80536,卖盘
398,14:06:08,29.18,-0.01,2,5836,卖盘
399,14:06:02,29.19,0.01,6,17514,买盘
400,14:05:38,29.18,--,3,8754,卖盘
401,14:05:23,29.18,-0.01,50,145900,卖盘
402,14:05:02,29.19,0.01,10,29190,买盘
403,14:04:47,29.18,-0.01,1,2918,卖盘
404,14:04:32,29.19,0.01,2,5838,买盘
405,14:04:26,29.18,-0.01,1,2918,卖盘
406,14:04:17,29.19,0.01,10,29190,买盘
407,14:04:07,29.18,-0.01,18,52524,卖盘
408,14:04:02,29.19,0.01,1,2919,买盘
409,14:03:37,29.18,--,1,2918,卖盘
410,14:03:17,29.18,-0.01,2,5836,卖盘
411,14:03:07,29.19,--,1,2919,买盘
412,14:02:52,29.19,--,16,46704,卖盘
413,14:02:47,29.19,0.01,1,2919,中性盘
414,14:02:37,29.18,-0.01,25,72950,卖盘
415,14:02:32,29.19,0.01,20,58380,买盘
416,14:02:26,29.18,--,1,2918,卖盘
417,14:02:22,29.18,-0.01,27,78786,卖盘
418,14:02:17,29.19,--,4,11676,买盘
419,14:02:07,29.19,--,21,61299,买盘
420,14:02:02,29.19,0.01,139,405741,买盘
421,14:01:47,29.18,--,10,29180,卖盘
422,14:01:32,29.18,-0.01,1,2918,卖盘
423,14:01:22,29.19,0.01,6,17514,买盘
424,14:00:52,29.18,-0.01,8,23344,卖盘
425,14:00:47,29.19,0.01,35,102165,买盘
426,14:00:36,29.18,--,17,49606,卖盘
427,14:00:26,29.18,-0.01,1,2918,卖盘
428,14:00:11,29.19,--,1,2919,买盘
429,14:00:07,29.19,--,31,90489,买盘
430,13:59:47,29.19,--,1,2919,买盘
431,13:59:41,29.19,--,31,90489,买盘
432,13:59:32,29.19,0.01,1,2919,买盘
433,13:59:26,29.18,-0.01,9,26262,卖盘
434,13:59:11,29.19,0.01,3,8757,买盘
435,13:59:05,29.18,--,1,2918,卖盘
436,13:58:56,29.18,--,2,5836,卖盘
437,13:58:32,29.18,-0.01,3,8754,卖盘
438,13:58:02,29.19,--,2,5838,买盘
439,13:57:26,29.19,0.01,3,8757,买盘
440,13:57:17,29.18,--,5,14590,卖盘
441,13:57:11,29.18,--,2,5836,卖盘
442,13:56:50,29.18,-0.01,2,5836,卖盘
443,13:56:41,29.19,0.01,12,35028,买盘
444,13:56:31,29.18,--,2,7003,卖盘
445,13:56:26,29.18,--,2,5836,买盘
446,13:56:11,29.18,--,3,8754,买盘
447,13:56:05,29.18,0.01,15,43770,买盘
448,13:56:01,29.17,--,0,0,卖盘
449,13:55:56,29.17,-0.01,20,58340,卖盘
450,13:55:41,29.18,--,3,8754,卖盘
451,13:55:31,29.18,-0.01,20,58360,卖盘
452,13:55:26,29.19,0.01,2,5838,买盘
453,13:55:11,29.18,--,0,0,卖盘
454,13:54:46,29.18,--,5,14590,卖盘
455,13:54:31,29.18,-0.02,25,72950,卖盘
456,13:54:26,29.2,0.01,1,2920,买盘
457,13:54:11,29.19,--,43,125517,买盘
458,13:53:26,29.19,--,3,8757,卖盘
459,13:53:20,29.19,--,2,5838,卖盘
460,13:52:56,29.19,--,9,26271,卖盘
461,13:52:44,29.19,--,17,49623,卖盘
462,13:52:35,29.19,--,10,29190,卖盘
463,13:52:25,29.19,--,1,2919,卖盘
464,13:51:44,29.19,--,34,99246,买盘
465,13:51:40,29.19,0.01,2,5838,买盘
466,13:51:20,29.18,-0.02,2,5836,卖盘
467,13:51:14,29.2,--,30,87600,买盘
468,13:50:55,29.2,--,17,49640,买盘
469,13:50:29,29.2,0.02,4,11680,买盘
470,13:49:59,29.18,-0.02,5,14590,卖盘
471,13:49:55,29.2,0.02,3,8760,买盘
472,13:49:44,29.18,-0.02,100,291800,卖盘
473,13:49:35,29.2,0.01,9,26280,买盘
474,13:49:25,29.19,-0.01,3,8757,中性盘
475,13:49:20,29.2,0.01,6,17520,买盘
476,13:48:59,29.19,--,9,26271,卖盘
477,13:48:35,29.19,--,11,32109,卖盘
478,13:48:25,29.19,--,1,2919,卖盘
479,13:48:20,29.19,--,14,40866,卖盘
480,13:47:55,29.19,-0.01,5,14595,卖盘
481,13:47:35,29.2,--,2,5840,买盘
482,13:47:29,29.2,--,5,14600,买盘
483,13:47:20,29.2,--,1,2920,买盘
484,13:47:10,29.2,--,10,29200,买盘
485,13:46:59,29.2,0.01,21,61320,买盘
486,13:46:55,29.19,-0.01,1,2919,卖盘
487,13:46:40,29.2,--,17,49640,买盘
488,13:46:35,29.2,0.01,101,294920,买盘
489,13:46:25,29.19,-0.01,1,2919,卖盘
490,13:46:20,29.2,--,7,20440,买盘
491,13:46:05,29.2,0.01,10,29200,买盘
492,13:45:59,29.19,--,75,218925,买盘
493,13:45:55,29.19,--,3,8757,买盘
494,13:45:50,29.19,0.02,4,11676,买盘
495,13:45:20,29.17,--,7,20419,卖盘
496,13:45:08,29.17,--,0,0,中性盘
497,13:45:05,29.17,--,93,271281,买盘
498,13:44:59,29.17,--,16,46672,买盘
499,13:44:55,29.17,--,167,487139,买盘
500,13:44:49,29.17,--,26,75842,买盘
501,13:44:34,29.17,-0.01,124,361708,卖盘
502,13:44:19,29.18,--,3,8754,买盘
503,13:44:08,29.18,--,12,35016,买盘
504,13:44:04,29.18,--,2,5836,买盘
505,13:43:59,29.18,--,33,96294,买盘
506,13:43:49,29.18,0.01,3,8754,买盘
507,13:43:38,29.17,--,50,145850,买盘
508,13:43:29,29.17,--,10,29170,买盘
509,13:43:19,29.17,--,16,46672,买盘
510,13:43:14,29.17,0.01,10,29170,买盘
511,13:43:04,29.16,--,9,29101,买盘
512,13:42:59,29.16,--,17,49572,买盘
513,13:42:49,29.16,--,5,14580,买盘
514,13:42:44,29.16,--,3,8748,买盘
515,13:42:23,29.16,--,51,148774,卖盘
516,13:41:53,29.16,-0.01,5,14580,卖盘
517,13:41:49,29.17,0.01,38,110846,买盘
518,13:41:44,29.16,--,1,2916,卖盘
519,13:41:38,29.16,--,5,14580,卖盘
520,13:41:34,29.16,--,2,5832,卖盘
521,13:41:08,29.16,--,1,2916,卖盘
522,13:41:04,29.16,--,3,8748,卖盘
523,13:40:53,29.16,--,4,14521,卖盘
524,13:40:49,29.16,--,1,2916,卖盘
525,13:40:44,29.16,--,6,17496,卖盘
526,13:40:38,29.16,--,36,104976,卖盘
527,13:40:08,29.16,--,4,11664,卖盘
528,13:39:59,29.16,--,12,34992,卖盘
529,13:39:44,29.16,--,7,20412,卖盘
530,13:39:34,29.16,-0.01,10,29160,卖盘
531,13:39:14,29.17,--,5,14585,买盘
532,13:38:59,29.17,0.01,1,2917,买盘
533,13:38:53,29.16,-0.01,1,2916,卖盘
534,13:38:44,29.17,--,2,5834,买盘
535,13:38:38,29.17,--,53,154601,卖盘
536,13:38:23,29.17,--,4,11668,卖盘
537,13:38:14,29.17,--,4,11668,卖盘
538,13:38:08,29.17,--,7,20419,卖盘
539,13:37:44,29.17,--,1,2917,卖盘
540,13:37:28,29.17,--,30,87510,买盘
541,13:37:17,29.17,0.01,8,23336,买盘
542,13:36:58,29.16,--,0,0,卖盘
543,13:36:53,29.16,-0.02,8,23328,卖盘
544,13:36:43,29.18,0.02,1,2918,买盘
545,13:36:38,29.16,--,0,0,卖盘
546,13:36:28,29.16,-0.02,10,29160,卖盘
547,13:36:23,29.18,0.02,4,11672,买盘
548,13:36:13,29.16,--,50,145800,卖盘
549,13:36:08,29.16,--,15,43740,卖盘
550,13:35:58,29.16,--,2,5832,卖盘
551,13:35:23,29.16,-0.02,1,2916,卖盘
552,13:35:13,29.18,--,0,0,买盘
553,13:34:58,29.18,0.01,4,11672,买盘
554,13:34:43,29.17,--,1,2917,卖盘
555,13:34:38,29.17,-0.01,3,8751,中性盘
556,13:34:32,29.18,0.01,3,8754,买盘
557,13:34:23,29.17,-0.01,3,8751,卖盘
558,13:34:08,29.18,--,2,5836,买盘
559,13:33:58,29.18,0.01,53,154654,买盘
560,13:33:43,29.17,--,10,29170,卖盘
561,13:33:38,29.17,0.01,5,14585,买盘
562,13:33:28,29.16,-0.01,6,17496,卖盘
563,13:33:17,29.17,-0.01,12,35004,卖盘
564,13:33:02,29.18,--,19,55442,买盘
565,13:32:38,29.18,0.01,2,5836,买盘
566,13:32:31,29.17,--,2,5834,卖盘
567,13:32:17,29.17,0.01,3,8751,买盘
568,13:32:01,29.16,-0.01,7,20412,卖盘
569,13:31:58,29.17,--,2,5834,买盘
570,13:31:53,29.17,--,1,2917,买盘
571,13:31:47,29.17,0.01,25,72925,买盘
572,13:31:38,29.16,--,4,11664,卖盘
573,13:31:32,29.16,-0.02,1,2916,卖盘
574,13:31:23,29.18,--,5,14590,买盘
575,13:31:17,29.18,--,0,0,买盘
576,13:31:07,29.18,0.01,5,14590,买盘
577,13:30:41,29.17,0.01,40,116680,买盘
578,13:30:37,29.16,--,29,84564,卖盘
579,13:30:32,29.16,--,12,34992,卖盘
580,13:30:26,29.16,-0.01,100,291600,卖盘
581,13:30:22,29.17,0.01,16,46672,买盘
582,13:30:17,29.16,--,10,29160,卖盘
583,13:30:11,29.16,--,10,29160,卖盘
584,13:30:07,29.16,--,2,5832,卖盘
585,13:30:02,29.16,--,2,5832,卖盘
586,13:29:52,29.16,-0.01,5,14580,卖盘
587,13:29:47,29.17,--,3,8751,买盘
588,13:29:37,29.17,-0.01,3,8751,卖盘
589,13:29:22,29.18,--,68,198424,卖盘
590,13:29:17,29.18,--,29,84622,卖盘
591,13:29:11,29.18,--,7,20426,卖盘
592,13:29:02,29.18,-0.01,11,32098,卖盘
593,13:28:52,29.19,0.01,1,2919,买盘
594,13:28:47,29.18,-0.01,2,5836,卖盘
595,13:28:37,29.19,0.01,5,14595,买盘
596,13:28:22,29.18,-0.02,1,2918,卖盘
597,13:27:56,29.2,--,0,0,买盘
598,13:27:52,29.2,--,10,29200,买盘
599,13:27:47,29.2,--,54,157680,买盘
600,13:27:31,29.2,--,6,17520,买盘
601,13:27:22,29.2,--,1,2920,买盘
602,13:27:10,29.2,--,4,11680,买盘
603,13:27:01,29.2,--,6,17520,卖盘
604,13:26:56,29.2,--,8,23360,卖盘
605,13:26:52,29.2,-0.01,5,14600,卖盘
606,13:26:47,29.21,0.01,23,67183,买盘
607,13:26:40,29.2,--,23,67160,卖盘
608,13:26:17,29.2,-0.01,5,14600,卖盘
609,13:26:07,29.21,--,5,14605,卖盘
610,13:26:01,29.21,--,52,151892,卖盘
611,13:25:55,29.21,--,2,5842,卖盘
612,13:25:46,29.21,--,4,11684,卖盘
613,13:25:40,29.21,--,102,297942,卖盘
614,13:25:25,29.21,--,11,32131,卖盘
615,13:25:22,29.21,--,10,29210,卖盘
616,13:25:16,29.21,--,40,116840,卖盘
617,13:25:07,29.21,-0.01,17,49657,卖盘
618,13:24:51,29.22,--,10,29220,买盘
619,13:24:46,29.22,0.01,21,61362,买盘
620,13:24:40,29.21,--,63,184023,卖盘
621,13:24:31,29.21,-0.01,5,14605,卖盘
622,13:24:25,29.22,0.01,6,17532,买盘
623,13:24:21,29.21,-0.01,10,29210,卖盘
624,13:24:16,29.22,--,1,2922,买盘
625,13:23:34,29.22,0.01,50,146100,买盘
626,13:23:31,29.21,-0.01,3,8763,卖盘
627,13:23:04,29.22,0.01,1,2922,买盘
628,13:23:01,29.21,-0.01,10,29210,卖盘
629,13:22:55,29.22,--,3,8766,买盘
630,13:22:49,29.22,--,1,2922,买盘
631,13:22:31,29.22,--,30,87660,买盘
632,13:22:16,29.22,0.01,10,29220,买盘
633,13:22:04,29.21,-0.01,20,58420,卖盘
634,13:21:55,29.22,0.01,5,14610,买盘
635,13:21:46,29.21,-0.01,7,20447,卖盘
636,13:21:25,29.22,--,13,37986,买盘
637,13:21:19,29.22,--,2,5844,买盘
638,13:21:10,29.22,--,1,2922,买盘
639,13:21:01,29.22,--,4,11688,买盘
640,13:20:49,29.22,--,14,40908,买盘
641,13:20:46,29.22,--,3,8766,买盘
642,13:20:34,29.22,--,21,61362,买盘
643,13:20:31,29.22,--,4,11688,买盘
644,13:20:25,29.22,0.01,3,8766,买盘
645,13:20:16,29.21,-0.01,10,29210,卖盘
646,13:20:10,29.22,0.01,8,23376,买盘
647,13:20:04,29.21,-0.01,12,35052,卖盘
648,13:20:01,29.22,--,12,35064,买盘
649,13:19:55,29.22,--,14,40908,买盘
650,13:19:49,29.22,0.01,11,32142,买盘
651,13:19:40,29.21,0.01,111,324231,买盘
652,13:19:31,29.2,--,3,8760,卖盘
653,13:19:25,29.2,--,40,116800,买盘
654,13:19:16,29.2,0.01,15,43800,买盘
655,13:19:10,29.19,-0.01,30,87570,卖盘
656,13:19:04,29.2,--,10,29200,买盘
657,13:18:49,29.2,--,4,11680,买盘
658,13:18:40,29.2,--,5,14600,买盘
659,13:18:34,29.2,0.01,9,26280,买盘
660,13:18:30,29.19,--,1,2919,卖盘
661,13:18:10,29.19,-0.01,2,5838,卖盘
662,13:18:04,29.2,--,10,29200,买盘
663,13:17:55,29.2,--,100,292000,卖盘
664,13:17:49,29.2,--,10,29200,卖盘
665,13:17:34,29.2,--,2,5840,卖盘
666,13:17:30,29.2,--,2,5840,卖盘
667,13:17:25,29.2,--,11,32120,卖盘
668,13:17:13,29.2,-0.01,18,52560,买盘
669,13:17:10,29.21,--,0,0,买盘
670,13:17:04,29.21,0.01,5,14605,买盘
671,13:16:55,29.2,--,0,0,中性盘
672,13:16:49,29.2,0.01,1,2920,买盘
673,13:16:40,29.19,-0.01,77,224763,卖盘
674,13:16:34,29.2,0.01,1,2920,买盘
675,13:16:10,29.19,--,1,2919,卖盘
676,13:16:04,29.19,--,2,5838,卖盘
677,13:15:40,29.19,-0.01,5,14595,卖盘
678,13:15:25,29.2,0.01,50,146000,买盘
679,13:15:13,29.19,-0.01,1,2919,卖盘
680,13:14:49,29.2,0.01,1,2920,买盘
681,13:14:19,29.19,--,25,72975,卖盘
682,13:14:10,29.19,-0.01,8,23352,卖盘
683,13:13:55,29.2,--,19,55480,买盘
684,13:13:49,29.2,--,4,11680,买盘
685,13:13:19,29.2,0.01,21,61320,买盘
686,13:13:04,29.19,--,2,5838,卖盘
687,13:12:55,29.19,-0.01,10,29190,卖盘
688,13:12:49,29.2,0.01,4,11680,买盘
689,13:12:43,29.19,-0.01,70,204330,卖盘
690,13:12:28,29.2,--,2,5840,买盘
691,13:12:25,29.2,-0.01,8,23360,卖盘
692,13:12:19,29.21,--,30,87630,买盘
693,13:12:13,29.21,0.01,1,2921,买盘
694,13:12:04,29.2,--,5,14600,卖盘
695,13:11:58,29.2,--,29,84680,卖盘
696,13:11:34,29.2,--,4,11680,买盘
697,13:11:28,29.2,-0.01,3,8760,中性盘
698,13:11:24,29.21,--,9,26289,买盘
699,13:11:19,29.21,0.01,14,40894,买盘
700,13:11:13,29.2,--,1,2920,买盘
701,13:11:09,29.2,--,0,0,中性盘
702,13:11:04,29.2,--,4,11680,买盘
703,13:10:54,29.2,--,34,99280,买盘
704,13:10:49,29.2,-0.01,23,67160,卖盘
705,13:10:39,29.21,0.01,7,20447,买盘
706,13:10:28,29.2,--,9,26280,买盘
707,13:10:24,29.2,-0.01,8,23360,中性盘
708,13:10:19,29.21,--,10,29210,买盘
709,13:10:13,29.21,0.01,43,125603,买盘
710,13:10:04,29.2,0.01,356,1039520,买盘
711,13:09:58,29.19,--,3,8757,买盘
712,13:09:49,29.19,--,7,20433,买盘
713,13:09:43,29.19,--,30,87570,买盘
714,13:09:39,29.19,0.01,3,8757,买盘
715,13:09:34,29.18,-0.01,25,72950,卖盘
716,13:09:19,29.19,0.02,7,20433,买盘
717,13:09:13,29.17,-0.01,38,110846,卖盘
718,13:09:07,29.18,--,1,2918,买盘
719,13:09:04,29.18,--,1,2918,买盘
720,13:08:58,29.18,0.01,23,67114,买盘
721,13:08:49,29.17,-0.01,3,8751,卖盘
722,13:08:37,29.18,--,42,122556,买盘
723,13:08:22,29.18,--,17,49606,买盘
724,13:08:07,29.18,--,2,5836,买盘
725,13:07:58,29.18,--,10,29180,买盘
726,13:07:49,29.18,--,11,32098,买盘
727,13:07:37,29.18,-0.01,63,183834,卖盘
728,13:07:34,29.19,--,4,11676,买盘
729,13:07:22,29.19,--,2,5838,买盘
730,13:07:19,29.19,0.01,10,29190,买盘
731,13:06:58,29.18,-0.01,2,5836,卖盘
732,13:06:52,29.19,--,13,37947,买盘
733,13:06:43,29.19,0.01,10,29190,买盘
734,13:06:22,29.18,--,58,169244,卖盘
735,13:06:13,29.18,-0.01,2,5836,卖盘
736,13:05:43,29.19,0.01,5,14595,买盘
737,13:05:22,29.18,-0.01,13,37934,卖盘
738,13:05:13,29.19,--,1,2919,买盘
739,13:05:07,29.19,--,123,359037,买盘
740,13:04:52,29.19,--,2,5838,买盘
741,13:04:28,29.19,--,2,5838,买盘
742,13:03:52,29.19,0.01,3,8757,买盘
743,13:03:48,29.18,-0.01,50,145900,卖盘
744,13:03:43,29.19,0.01,10,29190,买盘
745,13:03:37,29.18,--,4,11672,卖盘
746,13:03:22,29.18,0.01,30,87540,买盘
747,13:03:18,29.17,-0.01,1,2917,卖盘
748,13:03:07,29.18,0.01,3,8754,买盘
749,13:02:01,29.17,-0.01,2,5834,卖盘
750,13:01:46,29.18,--,228,665304,买盘
751,13:01:37,29.18,--,13,37934,买盘
752,13:01:31,29.18,--,100,291800,买盘
753,13:01:27,29.18,--,4,11672,买盘
754,13:01:22,29.18,--,5,14590,买盘
755,13:01:16,29.18,0.01,1,2918,买盘
756,13:00:57,29.17,--,58,169186,卖盘
757,13:00:52,29.17,0.01,63,185375,买盘
758,13:00:37,29.16,-0.01,22,64152,卖盘
759,13:00:22,29.17,0.01,1,2917,买盘
760,13:00:07,29.16,0.02,252,734832,中性盘
761,13:00:01,29.14,--,5,14570,卖盘
762,11:30:00,29.14,--,0,0,卖盘
763,11:29:59,29.14,--,0,0,卖盘
764,11:29:58,29.14,--,1,2914,卖盘
765,11:29:53,29.14,--,0,0,卖盘
766,11:29:28,29.14,--,4,11656,卖盘
767,11:29:08,29.14,-0.03,5,14570,卖盘
768,11:29:02,29.17,--,43,125431,买盘
769,11:28:53,29.17,--,0,0,买盘
770,11:28:47,29.17,0.03,14,40838,买盘
771,11:28:43,29.14,-0.01,47,136958,卖盘
772,11:28:38,29.15,--,5,14575,卖盘
773,11:28:28,29.15,-0.02,2,5830,卖盘
774,11:28:08,29.17,--,10,29170,买盘
775,11:28:02,29.17,--,1,2917,买盘
776,11:27:58,29.17,--,1,2917,买盘
777,11:27:47,29.17,--,4,11668,买盘
778,11:27:38,29.17,--,2,5834,买盘
779,11:27:13,29.17,--,1,4229,卖盘
780,11:26:47,29.17,--,5,16189,买盘
781,11:26:43,29.17,--,10,30482,卖盘
782,11:26:32,29.17,--,24,70008,卖盘
783,11:26:17,29.17,0.01,74,217462,买盘
784,11:26:11,29.16,-0.01,1,2916,卖盘
785,11:26:02,29.17,0.01,4,11668,买盘
786,11:25:47,29.16,--,4,11664,卖盘
787,11:25:38,29.16,--,10,29160,卖盘
788,11:25:32,29.16,--,24,69984,卖盘
789,11:25:08,29.16,-0.01,2,5832,卖盘
790,11:24:38,29.17,-0.01,19,56735,卖盘
791,11:23:47,29.18,--,1,2918,买盘
792,11:23:32,29.18,-0.01,32,93376,卖盘
793,11:22:32,29.19,0.01,2,5838,买盘
794,11:22:22,29.18,--,11,32098,卖盘
795,11:21:52,29.18,--,10,29180,卖盘
796,11:21:47,29.18,--,12,35016,卖盘
797,11:21:22,29.18,0.01,7,20426,买盘
798,11:21:11,29.17,-0.01,1,2917,卖盘
799,11:20:56,29.18,0.01,7,20426,买盘
800,11:20:47,29.17,--,25,74529,买盘
801,11:20:37,29.17,--,68,198356,买盘
802,11:20:32,29.17,0.01,7,20419,买盘
803,11:20:26,29.16,-0.01,1,2916,卖盘
804,11:20:22,29.17,0.01,1,2917,买盘
805,11:20:11,29.16,0.01,71,207036,买盘
806,11:20:02,29.15,--,1,2915,中性盘
807,11:19:52,29.15,-0.01,15,43725,中性盘
808,11:19:32,29.16,--,1,2916,买盘
809,11:19:11,29.16,0.01,90,262440,买盘
810,11:19:05,29.15,--,4,11660,买盘
811,11:19:02,29.15,0.01,11,32065,买盘
812,11:18:56,29.14,-0.02,5,14570,卖盘
813,11:18:50,29.16,0.02,1,2916,买盘
814,11:18:47,29.14,-0.01,75,218550,卖盘
815,11:18:41,29.15,--,23,67045,买盘
816,11:18:26,29.15,0.01,2,5830,买盘
817,11:18:20,29.14,-0.01,10,29140,卖盘
818,11:18:17,29.15,--,1,2915,买盘
819,11:18:11,29.15,--,1,2915,买盘
820,11:17:56,29.15,--,0,0,买盘
821,11:17:41,29.15,--,11,32065,卖盘
822,11:17:26,29.15,-0.01,7,20405,卖盘
823,11:17:20,29.16,0.01,19,55404,买盘
824,11:17:11,29.15,--,3,8745,卖盘
825,11:16:26,29.15,0.01,45,131175,买盘
826,11:16:20,29.14,-0.01,10,29140,卖盘
827,11:16:11,29.15,0.01,50,145750,买盘
828,11:16:05,29.14,--,15,43710,卖盘
829,11:15:56,29.14,--,4,11656,买盘
830,11:15:46,29.14,--,1,2914,买盘
831,11:15:26,29.14,0.01,12,34968,买盘
832,11:15:20,29.13,--,1,2913,卖盘
833,11:15:11,29.13,--,2,5826,买盘
834,11:14:31,29.13,-0.01,5,14565,卖盘
835,11:14:26,29.14,0.01,2,5828,买盘
836,11:14:11,29.13,--,8,23304,买盘
837,11:13:56,29.13,--,5,14565,买盘
838,11:13:50,29.13,--,0,0,中性盘
839,11:13:46,29.13,--,0,0,中性盘
840,11:13:41,29.13,--,50,145650,卖盘
841,11:13:35,29.13,--,0,0,卖盘
842,11:13:26,29.13,-0.02,1,2913,卖盘
843,11:13:16,29.15,0.02,12,34980,买盘
844,11:13:11,29.13,-0.01,6,17478,卖盘
845,11:13:05,29.14,--,42,122388,卖盘
846,11:12:56,29.14,--,7,20398,卖盘
847,11:12:50,29.14,--,6,17484,买盘
848,11:12:41,29.14,--,5,14570,买盘
849,11:12:31,29.14,--,3,8742,买盘
850,11:12:26,29.14,-0.01,6,17484,卖盘
851,11:12:20,29.15,--,10,29150,买盘
852,11:12:14,29.15,0.01,3,8745,买盘
853,11:12:05,29.14,-0.01,1,2914,卖盘
854,11:11:50,29.15,0.02,50,145750,买盘
855,11:11:44,29.13,--,1,2913,买盘
856,11:11:40,29.13,--,6,17478,买盘
857,11:11:35,29.13,-0.01,48,139824,中性盘
858,11:11:29,29.14,--,0,0,买盘
859,11:11:25,29.14,0.03,1,2914,买盘
860,11:11:20,29.11,-0.03,7,20377,卖盘
861,11:11:14,29.14,0.02,6,17484,买盘
862,11:11:10,29.12,0.01,5,14560,中性盘
863,11:11:05,29.11,-0.03,10,29110,卖盘
864,11:10:59,29.14,0.02,4,11656,买盘
865,11:10:50,29.12,--,6,17472,买盘
866,11:10:44,29.12,-0.02,1,2912,中性盘
867,11:10:40,29.14,--,14,40796,买盘
868,11:10:35,29.14,0.03,10,29140,买盘
869,11:10:05,29.11,-0.01,3,8733,卖盘
870,11:09:55,29.12,--,3,8736,买盘
871,11:09:50,29.12,--,4,11648,卖盘
872,11:09:40,29.12,--,2,5824,卖盘
873,11:09:35,29.12,--,3,8736,买盘
874,11:09:25,29.12,--,10,29120,买盘
875,11:09:20,29.12,--,16,46592,卖盘
876,11:08:50,29.12,--,0,0,中性盘
877,11:08:40,29.12,0.01,21,61152,买盘
878,11:08:35,29.11,-0.01,5,14555,卖盘
879,11:08:29,29.12,0.01,7,20384,买盘
880,11:08:25,29.11,-0.01,3,8733,卖盘
881,11:08:14,29.12,--,5,14560,买盘
882,11:07:55,29.12,--,5,14560,卖盘
883,11:07:50,29.12,--,4,11648,卖盘
884,11:07:44,29.12,--,1,2912,买盘
885,11:07:40,29.12,--,29,84448,买盘
886,11:07:35,29.12,--,1,2912,卖盘
887,11:07:29,29.12,--,30,87360,卖盘
888,11:07:20,29.12,-0.05,5,14560,卖盘
889,11:07:10,29.17,--,0,0,买盘
890,11:06:59,29.17,0.01,121,352957,买盘
891,11:06:55,29.16,0.01,1,2916,买盘
892,11:06:50,29.15,--,2,5830,买盘
893,11:06:44,29.15,--,2,5830,买盘
894,11:06:40,29.15,--,16,46640,买盘
895,11:06:35,29.15,--,0,0,买盘
896,11:06:25,29.15,0.03,82,239030,买盘
897,11:06:20,29.12,-0.02,2,5824,买盘
898,11:06:14,29.14,--,0,0,买盘
899,11:06:10,29.14,0.02,4,11656,买盘
900,11:06:05,29.12,-0.02,22,64064,卖盘
901,11:05:29,29.14,-0.01,1,2914,卖盘
902,11:05:05,29.15,0.01,40,116600,买盘
903,11:04:44,29.14,--,5,14570,卖盘
904,11:04:35,29.14,--,1,2914,卖盘
905,11:04:29,29.14,-0.01,21,61194,卖盘
906,11:04:20,29.15,0.01,11,32065,买盘
907,11:04:08,29.14,-0.01,100,291400,卖盘
908,11:03:50,29.15,0.01,1,2915,卖盘
909,11:03:44,29.14,-0.01,20,58280,卖盘
910,11:03:34,29.15,--,10,29150,卖盘
911,11:03:29,29.15,--,16,46640,卖盘
912,11:03:23,29.15,0.01,13,37895,买盘
913,11:03:14,29.14,--,1,2914,卖盘
914,11:02:59,29.14,-0.01,1,2914,卖盘
915,11:02:53,29.15,--,10,29150,买盘
916,11:02:49,29.15,--,21,61215,卖盘
917,11:02:44,29.15,--,1,2915,卖盘
918,11:02:34,29.15,--,2,5830,卖盘
919,11:02:29,29.15,-0.02,9,26235,卖盘
920,11:02:04,29.17,-0.01,37,109241,卖盘
921,11:01:59,29.18,0.01,10,29180,买盘
922,11:01:53,29.17,--,1,2917,卖盘
923,11:01:44,29.17,--,6,17502,卖盘
924,11:01:38,29.17,--,3,8751,卖盘
925,11:01:34,29.17,--,15,43755,卖盘
926,11:01:29,29.17,--,2,7292,卖盘
927,11:01:14,29.17,--,1,2917,卖盘
928,11:00:59,29.17,--,2,5834,卖盘
929,11:00:53,29.17,--,2,5834,卖盘
930,11:00:44,29.17,--,3,8751,卖盘
931,11:00:38,29.17,--,93,271426,买盘
932,11:00:34,29.17,0.01,25,72925,买盘
933,11:00:29,29.16,--,5,14580,买盘
934,11:00:19,29.16,-0.01,31,90396,卖盘
935,11:00:08,29.17,--,2,5834,买盘
936,11:00:04,29.17,--,3,11522,卖盘
937,10:59:44,29.17,-0.01,8,23336,卖盘
938,10:59:34,29.18,--,44,128392,买盘
939,10:59:29,29.18,--,47,137146,买盘
940,10:59:04,29.18,0.01,3,8754,买盘
941,10:58:59,29.17,--,10,29170,卖盘
942,10:58:44,29.17,-0.01,46,134182,卖盘
943,10:58:34,29.18,--,12,35016,卖盘
944,10:58:29,29.18,-0.01,4,11672,卖盘
945,10:58:08,29.19,0.01,3,8757,买盘
946,10:57:59,29.18,-0.01,1,2918,卖盘
947,10:57:44,29.19,--,3,8757,买盘
948,10:57:38,29.19,--,1,2919,买盘
949,10:57:23,29.19,0.01,3,8757,买盘
950,10:57:19,29.18,-0.01,1,2918,卖盘
951,10:57:14,29.19,--,4,11676,买盘
952,10:56:59,29.19,--,1,2919,买盘
953,10:56:44,29.19,--,10,29190,卖盘
954,10:56:34,29.19,--,1,2919,卖盘
955,10:56:29,29.19,-0.01,3,8757,卖盘
956,10:56:17,29.2,--,1,2920,买盘
957,10:56:14,29.2,--,2,5840,买盘
958,10:56:08,29.2,0.01,2,5840,买盘
959,10:55:59,29.19,--,2,5838,卖盘
960,10:55:47,29.19,--,0,0,中性盘
961,10:55:43,29.19,--,0,0,中性盘
962,10:55:28,29.19,0.01,15,43785,中性盘
963,10:55:17,29.18,-0.03,1,2918,卖盘
964,10:55:13,29.21,0.01,79,230759,买盘
965,10:55:08,29.2,--,2,5840,买盘
966,10:55:02,29.2,--,1,2920,买盘
967,10:54:53,29.2,0.01,4,11680,买盘
968,10:54:43,29.19,-0.02,1,2919,买盘
969,10:54:38,29.21,--,2,5842,买盘
970,10:54:32,29.21,0.01,4,11684,买盘
971,10:54:28,29.2,--,40,116800,买盘
972,10:54:23,29.2,0.02,3,8760,买盘
973,10:53:53,29.18,--,10,29180,卖盘
974,10:53:43,29.18,--,0,0,中性盘
975,10:53:28,29.18,-0.02,1,2918,卖盘
976,10:53:17,29.2,0.02,5,14600,买盘
977,10:53:13,29.18,--,1,2918,卖盘
978,10:52:53,29.18,--,7,20426,卖盘
979,10:52:43,29.18,-0.03,2,5836,中性盘
980,10:52:28,29.21,0.04,7,20447,买盘
981,10:52:22,29.17,--,1,2917,卖盘
982,10:52:07,29.17,-0.01,132,385044,卖盘
983,10:51:58,29.18,--,1,2918,买盘
984,10:51:52,29.18,--,5,14590,买盘
985,10:51:22,29.18,0.01,30,87540,买盘
986,10:51:13,29.17,--,1,2917,卖盘
987,10:51:07,29.17,-0.01,1,2917,卖盘
988,10:51:01,29.18,--,3,8754,买盘
989,10:50:52,29.18,--,10,29180,卖盘
990,10:50:46,29.18,-0.01,4,11672,中性盘
991,10:50:43,29.19,0.02,64,186816,买盘
992,10:50:37,29.17,-0.01,14,40838,卖盘
993,10:50:31,29.18,0.01,2,5836,买盘
994,10:50:16,29.17,--,5,14585,卖盘
995,10:50:13,29.17,-0.01,11,32087,卖盘
996,10:50:07,29.18,0.01,11,32098,买盘
997,10:50:01,29.17,--,2,5834,卖盘
998,10:49:58,29.17,-0.01,6,17502,卖盘
999,10:49:52,29.18,--,10,29180,买盘
1000,10:49:42,29.18,--,1,2918,买盘
1001,10:49:37,29.18,--,1,2918,卖盘
1002,10:49:31,29.18,-0.01,5,14590,卖盘
1003,10:49:22,29.19,--,10,29190,买盘
1004,10:49:07,29.19,--,0,0,买盘
1005,10:49:01,29.19,0.01,11,32109,买盘
1006,10:48:57,29.18,0.01,2,5836,买盘
1007,10:48:52,29.17,--,8,23336,卖盘
1008,10:48:46,29.17,--,0,0,卖盘
1009,10:48:43,29.17,--,6,17502,卖盘
1010,10:48:31,29.17,-0.02,13,37921,卖盘
1011,10:48:25,29.19,0.02,20,58380,买盘
1012,10:48:16,29.17,-0.02,2,5834,卖盘
1013,10:48:12,29.19,--,30,87570,买盘
1014,10:48:07,29.19,--,10,29190,买盘
1015,10:48:01,29.19,--,11,32109,买盘
1016,10:47:57,29.19,0.01,6,17514,买盘
1017,10:47:52,29.18,-0.01,29,84622,买盘
1018,10:47:46,29.19,0.01,43,125517,买盘
1019,10:47:40,29.18,-0.01,1,2918,卖盘
1020,10:47:37,29.19,0.02,2,5838,买盘
1021,10:47:31,29.17,--,1,2917,卖盘
1022,10:47:25,29.17,--,5,14585,卖盘
1023,10:47:22,29.17,-0.01,50,145850,卖盘
1024,10:47:16,29.18,--,12,35016,买盘
1025,10:47:10,29.18,--,8,23344,买盘
1026,10:47:01,29.18,0.01,1,2918,买盘
1027,10:46:52,29.17,--,10,29170,卖盘
1028,10:46:46,29.17,--,16,46672,卖盘
1029,10:46:40,29.17,--,20,58340,卖盘
1030,10:46:37,29.17,--,24,70008,卖盘
1031,10:46:31,29.17,--,2,8400,卖盘
1032,10:46:22,29.17,--,2,5834,卖盘
1033,10:46:16,29.17,--,0,0,卖盘
1034,10:46:07,29.17,--,48,140016,卖盘
1035,10:46:01,29.17,--,13,38416,卖盘
1036,10:45:40,29.17,--,8,23336,卖盘
1037,10:45:37,29.17,--,13,37921,买盘
1038,10:45:25,29.17,--,1,2917,买盘
1039,10:45:22,29.17,--,2,5834,买盘
1040,10:45:10,29.17,-0.03,13,37921,买盘
1041,10:45:01,29.2,--,0,0,买盘
1042,10:44:52,29.2,0.03,4,11680,买盘
1043,10:44:46,29.17,--,3,8751,卖盘
1044,10:44:37,29.17,--,4,11668,卖盘
1045,10:44:16,29.17,--,5,14585,卖盘
1046,10:44:07,29.17,--,1,2917,卖盘
1047,10:43:55,29.17,-0.04,4,11668,卖盘
1048,10:43:40,29.21,--,4,13495,卖盘
1049,10:43:37,29.21,-0.01,10,29210,卖盘
1050,10:43:31,29.22,0.01,10,29220,买盘
1051,10:43:25,29.21,--,8,24477,买盘
1052,10:43:22,29.21,--,0,0,买盘
1053,10:43:16,29.21,--,20,58420,买盘
1054,10:43:10,29.21,--,1,2921,买盘
1055,10:43:07,29.21,--,7,20447,买盘
1056,10:43:01,29.21,0.01,13,37973,买盘
1057,10:42:46,29.2,-0.01,4,11680,买盘
1058,10:42:40,29.21,0.04,210,613410,买盘
1059,10:42:37,29.17,-0.01,54,158101,卖盘
1060,10:42:31,29.18,--,15,43770,买盘
1061,10:42:22,29.18,0.01,1,2918,买盘
1062,10:42:16,29.17,-0.01,1,2917,卖盘
1063,10:42:06,29.18,0.01,1,2918,买盘
1064,10:41:55,29.17,--,23,67091,卖盘
1065,10:41:51,29.17,0.01,25,72925,买盘
1066,10:41:36,29.16,-0.02,3,8748,卖盘
1067,10:41:21,29.18,--,7,20426,买盘
1068,10:41:16,29.18,0.02,1,2918,买盘
1069,10:41:10,29.16,-0.02,7,20412,卖盘
1070,10:41:06,29.18,--,2,5836,买盘
1071,10:41:01,29.18,--,2,5836,买盘
1072,10:40:55,29.18,-0.01,1,2918,买盘
1073,10:40:46,29.19,--,0,0,买盘
1074,10:40:40,29.19,0.01,33,96327,买盘
1075,10:40:36,29.18,0.02,1,2918,买盘
1076,10:40:31,29.16,--,9,26244,卖盘
1077,10:40:25,29.16,-0.03,4,11664,卖盘
1078,10:40:16,29.19,0.03,5,14595,买盘
1079,10:40:10,29.16,-0.02,10,29160,卖盘
1080,10:40:06,29.18,--,12,35016,买盘
1081,10:40:01,29.18,0.01,1,2918,买盘
1082,10:39:55,29.17,0.01,43,125431,买盘
1083,10:39:49,29.16,-0.01,2,5832,卖盘
1084,10:39:46,29.17,0.01,59,172103,买盘
1085,10:39:40,29.16,--,6,17496,卖盘
1086,10:39:19,29.16,--,1,2916,卖盘
1087,10:39:16,29.16,--,4,11664,卖盘
1088,10:39:10,29.16,-0.02,12,34992,卖盘
1089,10:39:01,29.18,--,2,5836,买盘
1090,10:38:49,29.18,0.02,7,20426,买盘
1091,10:38:46,29.16,-0.04,1,2916,卖盘
1092,10:38:31,29.2,--,3,8760,买盘
1093,10:38:25,29.2,--,124,363890,卖盘
1094,10:38:16,29.2,--,20,58400,卖盘
1095,10:38:01,29.2,-0.01,5,14600,卖盘
1096,10:37:55,29.21,--,7,20447,卖盘
1097,10:37:49,29.21,0.01,18,53687,买盘
1098,10:37:46,29.2,0.01,139,405880,买盘
1099,10:37:40,29.19,0.02,1,2919,买盘
1100,10:37:34,29.17,-0.02,13,37921,卖盘
1101,10:37:10,29.19,0.02,1,2919,中性盘
1102,10:37:04,29.17,-0.02,19,55423,卖盘
1103,10:37:01,29.19,--,2,5838,卖盘
1104,10:36:49,29.19,--,21,61299,卖盘
1105,10:36:46,29.19,--,2,5838,卖盘
1106,10:36:40,29.19,0.02,33,96327,买盘
1107,10:36:31,29.17,--,1,2917,卖盘
1108,10:36:19,29.17,--,14,40838,卖盘
1109,10:36:10,29.17,-0.01,1,2917,卖盘
1110,10:36:04,29.18,--,0,0,中性盘
1111,10:35:55,29.18,-0.02,6,17508,卖盘
1112,10:35:49,29.2,--,6,17520,买盘
1113,10:35:40,29.2,0.02,4,11680,买盘
1114,10:35:34,29.18,-0.02,6,17508,卖盘
1115,10:35:31,29.2,--,2,5840,卖盘
1116,10:35:25,29.2,-0.01,2,5840,卖盘
1117,10:35:10,29.21,--,4,13495,卖盘
1118,10:35:04,29.21,--,50,147159,卖盘
1119,10:35:00,29.21,-0.01,10,29210,卖盘
1120,10:34:55,29.22,--,51,149022,买盘
1121,10:34:49,29.22,0.01,77,224994,买盘
1122,10:34:45,29.21,--,15,43815,卖盘
1123,10:34:40,29.21,-0.01,4,11684,卖盘
1124,10:34:34,29.22,0.01,17,49674,买盘
1125,10:34:25,29.21,--,17,49657,卖盘
1126,10:34:19,29.21,--,15,43815,卖盘
1127,10:34:15,29.21,-0.01,10,29210,卖盘
1128,10:34:04,29.22,--,3,8766,买盘
1129,10:34:00,29.22,0.01,6,17532,卖盘
1130,10:33:55,29.21,-0.01,11,32131,卖盘
1131,10:33:49,29.22,--,2,5844,卖盘
1132,10:33:45,29.22,--,1,2922,卖盘
1133,10:33:40,29.22,--,8,23376,买盘
1134,10:33:34,29.22,0.01,2,5844,买盘
1135,10:33:30,29.21,--,3,8763,卖盘
1136,10:33:25,29.21,--,101,295021,卖盘
1137,10:33:19,29.21,-0.01,5,14605,卖盘
1138,10:33:10,29.22,--,8,23376,买盘
1139,10:33:04,29.22,--,25,73050,买盘
1140,10:32:55,29.22,--,1,2922,买盘
1141,10:32:49,29.22,0.01,6,17532,买盘
1142,10:32:40,29.21,--,139,406019,买盘
1143,10:32:34,29.21,0.01,100,292100,买盘
1144,10:32:30,29.2,--,25,73000,卖盘
1145,10:32:25,29.2,--,9,26280,卖盘
1146,10:32:19,29.2,--,57,166440,买盘
1147,10:32:15,29.2,--,2,5840,买盘
1148,10:32:10,29.2,0.01,7,20440,买盘
1149,10:32:04,29.19,--,3,8757,买盘
1150,10:31:58,29.19,--,13,37947,买盘
1151,10:31:49,29.19,--,17,49623,卖盘
1152,10:31:43,29.19,--,1,2919,卖盘
1153,10:31:40,29.19,--,16,46704,中性盘
1154,10:31:34,29.19,--,2,5838,买盘
1155,10:31:25,29.19,-0.01,7,20433,卖盘
1156,10:31:19,29.2,--,31,90520,买盘
1157,10:31:13,29.2,--,12,35040,买盘
1158,10:31:10,29.2,--,18,52560,买盘
1159,10:31:04,29.2,0.01,27,78840,买盘
1160,10:30:55,29.19,--,14,40866,卖盘
1161,10:30:49,29.19,-0.01,4,11676,中性盘
1162,10:30:43,29.2,0.01,20,58400,买盘
1163,10:30:40,29.19,--,1,2919,买盘
1164,10:30:34,29.19,--,16,46704,买盘
1165,10:30:28,29.19,0.04,2,5838,买盘
1166,10:30:19,29.15,-0.05,1,2915,中性盘
1167,10:30:13,29.2,0.08,628,1833760,买盘
1168,10:30:10,29.12,--,8,23296,买盘
1169,10:30:04,29.12,0.01,8,23296,买盘
1170,10:29:58,29.11,--,11,32021,卖盘
1171,10:29:55,29.11,-0.01,3,8733,卖盘
1172,10:29:49,29.12,--,5,14560,买盘
1173,10:29:43,29.12,0.01,9,26208,买盘
1174,10:29:40,29.11,-0.01,11,32021,卖盘
1175,10:29:34,29.12,0.01,17,49504,买盘
1176,10:29:19,29.11,-0.01,1,2911,卖盘
1177,10:29:13,29.12,--,5,14560,买盘
1178,10:29:10,29.12,--,2,5824,买盘
1179,10:29:04,29.12,0.01,1,2912,买盘
1180,10:28:58,29.11,-0.03,4,11644,卖盘
1181,10:28:55,29.14,--,0,0,买盘
1182,10:28:43,29.14,--,0,0,买盘
1183,10:28:39,29.14,0.02,9,26226,买盘
1184,10:28:34,29.12,--,12,34944,买盘
1185,10:28:28,29.12,-0.02,82,238784,卖盘
1186,10:28:25,29.14,0.02,1,2914,买盘
1187,10:28:19,29.12,-0.02,1,2912,卖盘
1188,10:28:04,29.14,0.01,1,2914,买盘
1189,10:27:49,29.13,--,5,14565,卖盘
1190,10:27:43,29.13,-0.01,5,14565,卖盘
1191,10:27:39,29.14,0.01,20,58280,买盘
1192,10:27:28,29.13,-0.01,9,26217,卖盘
1193,10:27:19,29.14,--,2,5828,买盘
1194,10:27:09,29.14,-0.01,10,29140,买盘
1195,10:27:04,29.15,--,0,0,买盘
1196,10:26:58,29.15,--,34,99110,买盘
1197,10:26:49,29.15,--,1,2915,买盘
1198,10:26:43,29.15,0.02,4,11660,买盘
1199,10:26:34,29.13,-0.02,13,37869,卖盘
1200,10:26:28,29.15,0.01,4,11660,买盘
1201,10:26:24,29.14,0.01,2,5828,买盘
1202,10:26:19,29.13,--,0,0,卖盘
1203,10:26:13,29.13,-0.02,8,23304,卖盘
1204,10:26:09,29.15,--,20,58300,买盘
1205,10:26:04,29.15,--,1,2915,买盘
1206,10:25:54,29.15,--,20,58300,买盘
1207,10:25:49,29.15,--,39,113685,买盘
1208,10:25:43,29.15,--,19,55385,买盘
1209,10:25:28,29.15,--,8,23320,买盘
1210,10:25:24,29.15,--,9,26235,买盘
1211,10:25:19,29.15,0.03,23,67045,买盘
1212,10:25:09,29.12,--,1,2912,买盘
1213,10:25:04,29.12,--,8,23296,卖盘
1214,10:24:49,29.12,--,6,17472,买盘
1215,10:24:43,29.12,0.01,21,61152,买盘
1216,10:24:28,29.11,--,185,538535,买盘
1217,10:24:19,29.11,--,24,69864,买盘
1218,10:24:13,29.11,0.01,13,37843,买盘
1219,10:24:07,29.1,--,2,5820,卖盘
1220,10:24:04,29.1,--,12,34920,卖盘
1221,10:23:58,29.1,--,32,93120,卖盘
1222,10:23:52,29.1,--,37,107670,买盘
1223,10:23:48,29.1,0.01,10,29100,买盘
1224,10:23:37,29.09,-0.01,2,5818,卖盘
1225,10:23:33,29.1,0.01,64,186240,买盘
1226,10:23:22,29.09,--,5,14545,卖盘
1227,10:23:07,29.09,-0.01,11,31999,卖盘
1228,10:23:03,29.1,--,4,11640,买盘
1229,10:22:58,29.1,--,11,32010,买盘
1230,10:22:52,29.1,--,11,32010,买盘
1231,10:22:48,29.1,--,1,2910,买盘
1232,10:22:43,29.1,--,1,2910,买盘
1233,10:22:37,29.1,--,3,8730,买盘
1234,10:22:33,29.1,--,43,125130,买盘
1235,10:22:28,29.1,--,8,23280,买盘
1236,10:22:22,29.1,0.01,22,64020,买盘
1237,10:22:18,29.09,--,7,20363,买盘
1238,10:22:07,29.09,--,5,14545,买盘
1239,10:22:03,29.09,--,3,8727,买盘
1240,10:21:58,29.09,--,5,14545,买盘
1241,10:21:52,29.09,0.02,12,34908,买盘
1242,10:21:48,29.07,-0.01,11,31977,卖盘
1243,10:21:43,29.08,--,5,14540,买盘
1244,10:21:37,29.08,-0.01,8,23264,卖盘
1245,10:21:33,29.09,--,4,11636,买盘
1246,10:21:28,29.09,--,1,2909,买盘
1247,10:21:22,29.09,0.01,22,63998,买盘
1248,10:21:18,29.08,0.01,3,8724,买盘
1249,10:21:13,29.07,--,29,84303,卖盘
1250,10:21:07,29.07,--,15,45901,买盘
1251,10:21:03,29.07,0.01,4,11628,买盘
1252,10:20:58,29.06,-0.01,4,11624,卖盘
1253,10:20:48,29.07,--,10,29070,买盘
1254,10:20:37,29.07,--,1,2907,买盘
1255,10:20:33,29.07,-0.01,2,5814,卖盘
1256,10:20:28,29.08,0.01,3,8724,买盘
1257,10:20:13,29.07,-0.01,5,14535,卖盘
1258,10:19:52,29.08,0.01,1,2908,买盘
1259,10:19:48,29.07,--,0,0,卖盘
1260,10:19:43,29.07,--,1,2907,卖盘
1261,10:19:37,29.07,-0.02,5,14535,卖盘
1262,10:19:33,29.09,--,1,2909,买盘
1263,10:19:28,29.09,0.02,6,17454,买盘
1264,10:19:22,29.07,0.01,15,43605,卖盘
1265,10:19:18,29.06,--,0,0,卖盘
1266,10:18:58,29.06,--,10,29060,卖盘
1267,10:18:52,29.06,-0.01,113,328378,卖盘
1268,10:18:43,29.07,--,71,206397,卖盘
1269,10:18:37,29.07,-0.01,1,2907,卖盘
1270,10:18:33,29.08,--,2,5816,买盘
1271,10:18:28,29.08,0.01,3,8724,买盘
1272,10:18:13,29.07,--,3,8721,卖盘
1273,10:18:07,29.07,--,51,148257,卖盘
1274,10:17:58,29.07,--,0,0,卖盘
1275,10:17:52,29.07,--,10,29070,卖盘
1276,10:17:43,29.07,-0.02,20,58140,卖盘
1277,10:17:37,29.09,0.01,6,17454,买盘
1278,10:17:28,29.08,--,3,8724,卖盘
1279,10:17:22,29.08,--,17,49436,中性盘
1280,10:17:18,29.08,--,35,101780,卖盘
1281,10:17:13,29.08,-0.01,14,40712,卖盘
1282,10:17:07,29.09,0.02,12,34908,买盘
1283,10:17:03,29.07,-0.01,31,90117,卖盘
1284,10:16:58,29.08,-0.01,5,14540,卖盘
1285,10:16:52,29.09,--,11,31999,买盘
1286,10:16:48,29.09,0.01,6,17454,买盘
1287,10:16:43,29.08,-0.01,20,58160,卖盘
1288,10:16:37,29.09,0.01,6,17454,买盘
1289,10:16:33,29.08,-0.01,14,40712,卖盘
1290,10:16:28,29.09,--,3,8727,买盘
1291,10:16:22,29.09,--,2,5818,买盘
1292,10:16:13,29.09,--,5,14545,买盘
1293,10:16:07,29.09,--,12,34908,买盘
1294,10:16:01,29.09,-0.01,30,87270,卖盘
1295,10:15:57,29.1,--,5,14550,买盘
1296,10:15:52,29.1,--,21,61110,买盘
1297,10:15:46,29.1,--,1,2910,买盘
1298,10:15:42,29.1,--,1,2910,买盘
1299,10:15:31,29.1,--,1,2910,买盘
1300,10:15:22,29.1,0.03,21,61110,买盘
1301,10:15:16,29.07,-0.02,5,14535,卖盘
1302,10:15:12,29.09,-0.01,8,23272,卖盘
1303,10:15:07,29.1,--,39,113490,买盘
1304,10:15:01,29.1,0.01,4,11640,买盘
1305,10:14:57,29.09,-0.01,13,37817,卖盘
1306,10:14:52,29.1,--,66,192060,买盘
1307,10:14:46,29.1,--,20,58200,买盘
1308,10:14:37,29.1,--,10,29100,买盘
1309,10:14:27,29.1,--,18,52380,买盘
1310,10:14:22,29.1,0.01,3,8730,买盘
1311,10:14:16,29.09,-0.01,11,31999,卖盘
1312,10:14:01,29.1,0.03,2,5820,买盘
1313,10:13:57,29.07,-0.03,9,26163,卖盘
1314,10:13:52,29.1,0.01,10,29100,买盘
1315,10:13:46,29.09,-0.01,1,2909,买盘
1316,10:13:37,29.1,0.03,17,49470,买盘
1317,10:13:22,29.07,-0.02,20,58140,卖盘
1318,10:13:16,29.09,0.02,156,453804,买盘
1319,10:13:07,29.07,0.01,4,11628,买盘
1320,10:13:01,29.06,-0.02,3,8718,卖盘
1321,10:12:57,29.08,--,2,5816,买盘
1322,10:12:52,29.08,--,14,40712,买盘
1323,10:12:46,29.08,0.02,11,31987,买盘
1324,10:12:42,29.06,-0.02,20,58120,卖盘
1325,10:12:37,29.08,--,17,49436,买盘
1326,10:12:27,29.08,--,11,31987,买盘
1327,10:12:22,29.08,--,26,75608,买盘
1328,10:12:16,29.08,--,1,2908,买盘
1329,10:12:12,29.08,0.01,29,84332,买盘
1330,10:12:07,29.07,--,11,31977,买盘
1331,10:12:01,29.07,--,40,116280,买盘
1332,10:11:57,29.07,0.01,5,14535,买盘
1333,10:11:52,29.06,-0.01,28,81368,卖盘
1334,10:11:46,29.07,--,0,0,买盘
1335,10:11:37,29.07,0.02,10,29070,买盘
1336,10:11:31,29.05,-0.01,15,45376,卖盘
1337,10:11:22,29.06,0.01,16,46496,买盘
1338,10:11:16,29.05,-0.01,6,17430,卖盘
1339,10:11:07,29.06,--,40,116240,买盘
1340,10:11:01,29.06,--,20,58120,买盘
1341,10:10:52,29.06,0.01,2,5812,买盘
1342,10:10:46,29.05,--,20,58100,买盘
1343,10:10:42,29.05,--,2,5810,买盘
1344,10:10:37,29.05,--,7,20335,买盘
1345,10:10:31,29.05,0.01,20,58100,卖盘
1346,10:10:07,29.04,--,0,0,卖盘
1347,10:10:01,29.04,-0.01,20,58080,卖盘
1348,10:09:57,29.05,--,5,14525,买盘
1349,10:09:42,29.05,--,0,0,买盘
1350,10:09:37,29.05,0.01,10,29050,买盘
1351,10:09:31,29.04,-0.01,24,69696,卖盘
1352,10:09:27,29.05,-0.01,20,58100,买盘
1353,10:09:22,29.06,--,0,0,买盘
1354,10:09:16,29.06,0.01,7,20342,买盘
1355,10:09:12,29.05,0.02,1,2905,买盘
1356,10:08:57,29.03,-0.03,26,75478,卖盘
1357,10:08:52,29.06,--,0,0,买盘
1358,10:08:42,29.06,0.03,3,8718,买盘
1359,10:08:22,29.03,--,20,58060,卖盘
1360,10:08:16,29.03,-0.01,7,20321,卖盘
1361,10:08:10,29.04,-0.01,23,66792,中性盘
1362,10:08:06,29.05,0.02,20,58100,买盘
1363,10:08:01,29.03,--,1,2903,卖盘
1364,10:07:46,29.03,--,18,52254,卖盘
1365,10:07:40,29.03,-0.01,5,14515,卖盘
1366,10:07:31,29.04,--,8,23232,买盘
1367,10:07:25,29.04,--,20,58080,买盘
1368,10:07:16,29.04,--,6,17424,买盘
1369,10:07:10,29.04,-0.01,1,2904,中性盘
1370,10:07:06,29.05,0.01,10,29050,买盘
1371,10:07:01,29.04,--,0,0,卖盘
1372,10:06:55,29.04,--,5,14520,卖盘
1373,10:06:46,29.04,-0.01,4,11616,卖盘
1374,10:06:40,29.05,0.01,17,49385,买盘
1375,10:06:36,29.04,--,23,66792,买盘
1376,10:06:31,29.04,0.01,29,84216,买盘
1377,10:06:25,29.03,--,5,14515,买盘
1378,10:06:21,29.03,--,2,5806,买盘
1379,10:06:16,29.03,--,10,29030,买盘
1380,10:06:06,29.03,-0.01,28,81284,卖盘
1381,10:06:01,29.04,--,1,2904,买盘
1382,10:05:55,29.04,--,1,2904,买盘
1383,10:05:51,29.04,-0.01,41,119064,卖盘
1384,10:05:36,29.05,--,5,14525,买盘
1385,10:05:31,29.05,0.01,1,2905,买盘
1386,10:05:25,29.04,--,7,20328,卖盘
1387,10:05:16,29.04,--,7,20328,卖盘
1388,10:05:10,29.04,--,3,8712,卖盘
1389,10:04:55,29.04,-0.01,18,52272,卖盘
1390,10:04:40,29.05,-0.01,49,142345,卖盘
1391,10:04:36,29.06,--,61,177266,买盘
1392,10:04:31,29.06,--,7,20342,买盘
1393,10:04:25,29.06,--,11,31966,买盘
1394,10:04:10,29.06,--,1,2906,买盘
1395,10:03:46,29.06,--,97,282986,卖盘
1396,10:03:31,29.06,-0.01,3,8718,卖盘
1397,10:03:25,29.07,--,1,2907,买盘
1398,10:03:21,29.07,--,19,55233,买盘
1399,10:03:06,29.07,-0.01,8,23256,卖盘
1400,10:02:55,29.08,--,10,29080,买盘
1401,10:02:51,29.08,--,0,0,买盘
1402,10:02:40,29.08,--,5,14540,卖盘
1403,10:02:36,29.08,--,34,98872,卖盘
1404,10:02:31,29.08,--,8,23264,卖盘
1405,10:02:25,29.08,--,2,5816,卖盘
1406,10:02:21,29.08,--,10,29080,卖盘
1407,10:02:16,29.08,-0.01,1,2908,卖盘
1408,10:02:10,29.09,0.01,46,133814,买盘
1409,10:01:51,29.08,-0.01,12,34896,卖盘
1410,10:01:40,29.09,--,26,75634,卖盘
1411,10:01:35,29.09,--,2,5818,卖盘
1412,10:01:30,29.09,--,8,23272,买盘
1413,10:01:20,29.09,--,5,14545,买盘
1414,10:01:10,29.09,--,0,0,买盘
1415,10:01:04,29.09,0.03,3,8727,买盘
1416,10:01:00,29.06,-0.03,7,20342,卖盘
1417,10:00:55,29.09,-0.01,14,40726,卖盘
1418,10:00:49,29.1,0.04,4,11640,买盘
1419,10:00:45,29.06,--,6,17436,卖盘
1420,10:00:40,29.06,-0.03,6,17436,卖盘
1421,10:00:34,29.09,--,7,20363,买盘
1422,10:00:30,29.09,--,2,5818,买盘
1423,10:00:25,29.09,--,8,23272,买盘
1424,10:00:19,29.09,--,21,61089,买盘
1425,10:00:15,29.09,0.04,31,91982,买盘
1426,10:00:10,29.05,--,6,17430,买盘
1427,10:00:04,29.05,-0.04,35,102778,卖盘
1428,10:00:00,29.09,0.01,5,14545,买盘
1429,09:59:55,29.08,-0.02,5,14540,中性盘
1430,09:59:40,29.1,--,0,0,买盘
1431,09:59:34,29.1,--,100,291000,买盘
1432,09:59:30,29.1,0.02,1,2910,买盘
1433,09:59:25,29.08,-0.01,33,95964,卖盘
1434,09:59:19,29.09,--,72,209448,买盘
1435,09:59:15,29.09,0.04,3,8727,买盘
1436,09:59:04,29.05,-0.04,22,63910,卖盘
1437,09:59:00,29.09,--,2,5818,卖盘
1438,09:58:55,29.09,0.04,19,55271,买盘
1439,09:58:49,29.05,-0.04,21,61005,卖盘
1440,09:58:40,29.09,-0.01,1,2909,买盘
1441,09:58:34,29.1,0.05,114,331740,买盘
1442,09:58:30,29.05,--,3,8715,卖盘
1443,09:58:25,29.05,-0.04,22,63910,卖盘
1444,09:58:19,29.09,0.04,78,226902,买盘
1445,09:58:10,29.05,--,9,26145,卖盘
1446,09:58:04,29.05,--,11,31955,卖盘
1447,09:58:00,29.05,--,21,61005,卖盘
1448,09:57:55,29.05,0.01,50,147051,买盘
1449,09:57:49,29.04,--,20,58080,买盘
1450,09:57:45,29.04,0.02,7,20328,买盘
1451,09:57:40,29.02,--,5,14510,卖盘
1452,09:57:34,29.02,--,14,40628,卖盘
1453,09:57:30,29.02,-0.02,2,5804,卖盘
1454,09:57:19,29.04,--,11,31944,买盘
1455,09:57:15,29.04,-0.01,113,328152,卖盘
1456,09:56:55,29.05,--,16,46480,卖盘
1457,09:56:49,29.05,0.03,6,17430,买盘
1458,09:56:45,29.02,--,10,29020,卖盘
1459,09:56:39,29.02,-0.02,1,2902,卖盘
1460,09:56:34,29.04,0.02,4,11616,买盘
1461,09:56:19,29.02,0.01,8,23216,买盘
1462,09:56:15,29.01,-0.01,5,14505,卖盘
1463,09:56:09,29.02,0.02,10,29020,买盘
1464,09:56:00,29.0,-0.02,10,29000,卖盘
1465,09:55:54,29.02,0.02,6,17412,买盘
1466,09:55:49,29.0,--,23,66700,卖盘
1467,09:55:45,29.0,--,35,101500,买盘
1468,09:55:39,29.0,--,22,63800,买盘
1469,09:55:34,29.0,0.01,50,145000,买盘
1470,09:55:30,28.99,--,2,5798,卖盘
1471,09:55:24,28.99,-0.01,3,8697,卖盘
1472,09:55:19,29.0,0.01,2,5800,买盘
1473,09:55:15,28.99,--,27,80940,买盘
1474,09:55:04,28.99,--,49,142051,买盘
1475,09:54:59,28.99,0.01,112,324688,买盘
1476,09:54:54,28.98,-0.01,10,28980,卖盘
1477,09:54:49,28.99,--,35,101465,买盘
1478,09:54:44,28.99,--,31,89869,买盘
1479,09:54:39,28.99,--,15,43485,买盘
1480,09:54:34,28.99,0.01,4,11596,买盘
1481,09:54:29,28.98,-0.01,2,5796,卖盘
1482,09:54:24,28.99,0.01,54,156546,买盘
1483,09:54:19,28.98,0.01,35,101430,买盘
1484,09:54:14,28.97,-0.01,16,46352,卖盘
1485,09:54:09,28.98,--,4,11592,买盘
1486,09:54:04,28.98,--,6,17388,买盘
1487,09:53:59,28.98,--,6,17388,买盘
1488,09:53:54,28.98,0.02,28,81144,买盘
1489,09:53:49,28.96,-0.01,11,31856,卖盘
1490,09:53:44,28.97,--,2,5794,买盘
1491,09:53:39,28.97,--,11,31867,买盘
1492,09:53:34,28.97,--,30,86910,买盘
1493,09:53:29,28.97,--,4,11588,买盘
1494,09:53:24,28.97,--,10,28970,买盘
1495,09:53:19,28.97,0.01,3,8691,买盘
1496,09:53:14,28.96,-0.01,2,5792,卖盘
1497,09:53:04,28.97,0.01,1,2897,买盘
1498,09:52:43,28.96,--,7,20272,卖盘
1499,09:52:39,28.96,0.01,39,115116,买盘
1500,09:52:28,28.95,-0.01,3,8685,卖盘
1501,09:52:24,28.96,0.01,4,11584,买盘
1502,09:52:19,28.95,-0.01,4,11580,卖盘
1503,09:52:13,28.96,--,21,60816,买盘
1504,09:52:09,28.96,--,3,8688,买盘
1505,09:52:04,28.96,0.01,2,5792,买盘
1506,09:51:49,28.95,-0.01,3,8685,卖盘
1507,09:51:43,28.96,0.01,1,2896,买盘
1508,09:51:39,28.95,0.01,1,2895,卖盘
1509,09:51:28,28.94,-0.02,4,11576,卖盘
1510,09:51:19,28.96,--,9,26064,买盘
1511,09:51:13,28.96,0.01,5,14480,买盘
1512,09:51:09,28.95,-0.01,2,5790,买盘
1513,09:50:58,28.96,--,0,0,买盘
1514,09:50:54,28.96,--,3,8688,买盘
1515,09:50:49,28.96,0.01,12,34752,买盘
1516,09:50:43,28.95,--,17,49938,卖盘
1517,09:50:39,28.95,--,30,86850,卖盘
1518,09:50:34,28.95,-0.01,12,34740,卖盘
1519,09:50:28,28.96,--,1,2896,买盘
1520,09:50:24,28.96,0.01,4,11584,买盘
1521,09:50:09,28.95,-0.01,3,8685,卖盘
1522,09:50:04,28.96,--,10,28960,买盘
1523,09:49:58,28.96,--,10,28960,买盘
1524,09:49:54,28.96,0.01,8,23168,买盘
1525,09:49:43,28.95,-0.01,14,42701,卖盘
1526,09:49:39,28.96,0.01,4,11584,买盘
1527,09:49:28,28.95,0.02,78,225810,买盘
1528,09:49:24,28.93,0.01,8,23144,中性盘
1529,09:49:03,28.92,-0.02,10,28920,卖盘
1530,09:48:54,28.94,0.02,2,5788,买盘
1531,09:48:48,28.92,--,1,2892,卖盘
1532,09:48:43,28.92,-0.02,1,2892,卖盘
1533,09:48:39,28.94,--,2,5788,买盘
1534,09:48:33,28.94,0.02,4,11576,买盘
1535,09:48:28,28.92,-0.02,5,14460,卖盘
1536,09:48:24,28.94,0.02,3,8682,买盘
1537,09:47:58,28.92,--,16,46272,买盘
1538,09:47:54,28.92,--,0,0,买盘
1539,09:47:48,28.92,0.02,27,78084,买盘
1540,09:47:43,28.9,-0.02,18,52020,卖盘
1541,09:47:39,28.92,--,12,34704,买盘
1542,09:47:33,28.92,--,3,8676,买盘
1543,09:47:23,28.92,--,14,40488,买盘
1544,09:47:18,28.92,--,1,2892,买盘
1545,09:47:09,28.92,--,13,37596,买盘
1546,09:46:53,28.92,--,11,31812,买盘
1547,09:46:48,28.92,--,1,2892,买盘
1548,09:46:43,28.92,0.02,2,5784,买盘
1549,09:46:33,28.9,-0.04,1,2890,卖盘
1550,09:46:28,28.94,0.02,1,2894,买盘
1551,09:46:18,28.92,--,2,5784,买盘
1552,09:46:13,28.92,--,10,28920,买盘
1553,09:46:08,28.92,-0.03,7,20967,卖盘
1554,09:46:03,28.95,0.03,6,17370,买盘
1555,09:45:58,28.92,-0.02,12,34704,卖盘
1556,09:45:53,28.94,0.02,15,43410,买盘
1557,09:45:43,28.92,0.02,27,80253,买盘
1558,09:45:38,28.9,0.03,38,109820,买盘
1559,09:45:33,28.87,--,1,2887,买盘
1560,09:45:28,28.87,0.01,34,98158,买盘
1561,09:45:23,28.86,--,10,28860,买盘
1562,09:45:13,28.86,--,33,95238,买盘
1563,09:45:07,28.86,--,67,193362,买盘
1564,09:45:03,28.86,--,2,5772,买盘
1565,09:44:58,28.86,--,2,5772,买盘
1566,09:44:52,28.86,0.02,3,8658,买盘
1567,09:44:48,28.84,--,3,8652,买盘
1568,09:44:37,28.84,--,2,5768,买盘
1569,09:44:33,28.84,--,5,14420,买盘
1570,09:44:28,28.84,--,1,2884,买盘
1571,09:44:22,28.84,--,14,40376,卖盘
1572,09:44:03,28.84,--,20,57680,卖盘
1573,09:43:52,28.84,--,32,92288,卖盘
1574,09:43:48,28.84,-0.02,4,11536,卖盘
1575,09:43:37,28.86,--,8,23088,买盘
1576,09:43:07,28.86,--,5,14430,买盘
1577,09:42:52,28.86,--,10,28860,买盘
1578,09:42:37,28.86,--,0,0,买盘
1579,09:42:33,28.86,0.02,30,86580,买盘
1580,09:42:22,28.84,--,5,15141,卖盘
1581,09:42:07,28.84,0.02,5,16583,买盘
1582,09:42:03,28.82,--,23,66286,卖盘
1583,09:41:52,28.82,-0.02,6,17292,卖盘
1584,09:41:42,28.84,0.02,2,5768,买盘
1585,09:41:37,28.82,--,5,14410,买盘
1586,09:41:22,28.82,-0.02,15,43230,卖盘
1587,09:41:12,28.84,0.03,1,2884,买盘
1588,09:41:07,28.81,--,0,0,卖盘
1589,09:40:52,28.81,-0.03,6,17286,卖盘
1590,09:40:48,28.84,-0.01,10,28840,卖盘
1591,09:40:42,28.85,--,11,31735,买盘
1592,09:40:37,28.85,--,1,2885,买盘
1593,09:40:33,28.85,0.05,6,17310,买盘
1594,09:40:22,28.8,-0.05,239,689040,卖盘
1595,09:40:12,28.85,--,19,56978,买盘
1596,09:40:07,28.85,--,1,2885,买盘
1597,09:39:52,28.85,-0.02,70,201950,卖盘
1598,09:39:47,28.87,--,27,77949,买盘
1599,09:39:37,28.87,-0.02,16,46192,卖盘
1600,09:39:32,28.89,--,1,2889,买盘
1601,09:39:27,28.89,-0.08,49,141561,卖盘
1602,09:39:22,28.97,--,0,0,买盘
1603,09:39:07,28.97,--,8,23176,买盘
1604,09:39:02,28.97,--,1,2897,买盘
1605,09:38:52,28.97,0.05,13,37661,买盘
1606,09:38:47,28.92,--,9,26028,买盘
1607,09:38:42,28.92,0.02,2,5784,买盘
1608,09:38:37,28.9,-0.02,2,5780,卖盘
1609,09:38:32,28.92,--,4,11568,买盘
1610,09:38:27,28.92,0.05,2,5784,买盘
1611,09:38:22,28.87,-0.05,5,14435,卖盘
1612,09:38:17,28.92,0.02,4,11568,买盘
1613,09:38:12,28.9,--,1,2890,买盘
1614,09:38:07,28.9,-0.02,2,5780,中性盘
1615,09:38:02,28.92,0.07,1,2892,买盘
1616,09:37:57,28.85,-0.07,6,17310,卖盘
1617,09:37:52,28.92,-0.01,50,144600,卖盘
1618,09:37:42,28.93,--,4,11572,买盘
1619,09:37:32,28.93,0.07,78,225654,买盘
1620,09:37:27,28.86,-0.06,11,31746,卖盘
1621,09:37:16,28.92,--,30,86760,买盘
1622,09:37:07,28.92,--,6,17352,买盘
1623,09:37:01,28.92,--,300,867600,买盘
1624,09:36:52,28.92,-0.03,272,786624,卖盘
1625,09:36:46,28.95,--,2,8656,买盘
1626,09:36:31,28.95,0.02,1,2895,中性盘
1627,09:36:27,28.93,-0.02,41,118613,卖盘
1628,09:36:22,28.95,--,0,0,卖盘
1629,09:36:16,28.95,--,35,101353,卖盘
1630,09:36:06,28.95,--,1,2895,卖盘
1631,09:36:01,28.95,--,19,55005,买盘
1632,09:35:57,28.95,0.02,37,107115,买盘
1633,09:35:51,28.93,--,7,20251,买盘
1634,09:35:42,28.93,0.01,192,555456,买盘
1635,09:35:31,28.92,0.11,1,2892,买盘
1636,09:35:27,28.81,-0.11,27,77787,卖盘
1637,09:35:21,28.92,--,0,0,买盘
1638,09:35:16,28.92,--,3,8676,买盘
1639,09:35:12,28.92,0.02,13,37596,买盘
1640,09:35:06,28.9,--,2,5780,买盘
1641,09:35:01,28.9,-0.02,10,28900,中性盘
1642,09:34:57,28.92,--,25,72300,买盘
1643,09:34:46,28.92,--,0,0,买盘
1644,09:34:42,28.92,--,0,0,买盘
1645,09:34:36,28.92,0.01,26,75192,买盘
1646,09:34:31,28.91,-0.01,21,60711,买盘
1647,09:34:27,28.92,--,43,124356,买盘
1648,09:34:16,28.92,--,2,5784,买盘
1649,09:34:12,28.92,--,9,26028,买盘
1650,09:34:01,28.92,--,6,17352,买盘
1651,09:33:57,28.92,--,21,60732,买盘
1652,09:33:51,28.92,--,3,8676,买盘
1653,09:33:46,28.92,--,104,300768,买盘
1654,09:33:42,28.92,--,66,190872,买盘
1655,09:33:36,28.92,--,1,2892,买盘
1656,09:33:26,28.92,--,11,31812,买盘
1657,09:33:21,28.92,--,2,5784,买盘
1658,09:33:11,28.92,0.02,5,14460,买盘
1659,09:33:06,28.9,-0.02,20,57800,卖盘
1660,09:32:51,28.92,-0.02,152,439584,卖盘
1661,09:32:46,28.94,0.01,17,49198,买盘
1662,09:32:41,28.93,-0.01,4,11572,卖盘
1663,09:32:36,28.94,--,2,5788,买盘
1664,09:32:31,28.94,--,4,11576,卖盘
1665,09:32:21,28.94,-0.01,13,37622,卖盘
1666,09:32:16,28.95,0.01,8,23160,买盘
1667,09:32:11,28.94,-0.01,12,34728,卖盘
1668,09:32:06,28.95,0.01,2,5790,买盘
1669,09:32:01,28.94,-0.01,7,20258,卖盘
1670,09:31:46,28.95,--,0,0,买盘
1671,09:31:41,28.95,--,11,31845,买盘
1672,09:31:31,28.95,--,0,0,买盘
1673,09:31:26,28.95,0.02,12,34740,买盘
1674,09:31:21,28.93,-0.01,7,20251,卖盘
1675,09:31:16,28.94,--,8,23152,买盘
1676,09:31:11,28.94,-0.01,2,5788,卖盘
1677,09:31:06,28.95,--,5,14475,买盘
1678,09:30:56,28.95,0.01,6,17370,买盘
1679,09:30:51,28.94,--,17,49198,卖盘
1680,09:30:46,28.94,0.01,38,109972,买盘
1681,09:30:36,28.93,--,3,8679,卖盘
1682,09:30:26,28.93,-0.01,32,92576,卖盘
1683,09:30:21,28.94,--,26,75244,买盘
1684,09:30:16,28.94,-0.01,2,5788,中性盘
1685,09:30:11,28.95,0.01,8,23160,买盘
1686,09:30:06,28.94,0.02,52,150488,中性盘
1687,09:28:55,28.92,--,0,0,卖盘
1688,09:25:03,28.92,28.92,13,37596,买盘
