,time,price,change,volume,amount,type
0,15:00:21,25.74,--,4414,11361841,买盘
1,14:58:05,25.74,--,0,0,买盘
2,14:57:02,25.74,0.01,5,12870,卖盘
3,14:56:59,25.73,--,177,455421,卖盘
4,14:56:56,25.73,--,86,222513,卖盘
5,14:56:53,25.73,--,9,23157,卖盘
6,14:56:50,25.73,--,110,283030,卖盘
7,14:56:47,25.73,-0.02,75,192975,中性盘
8,14:56:44,25.75,0.02,302,777650,买盘
9,14:56:41,25.73,0.01,87,223851,买盘
10,14:56:38,25.72,-0.01,66,169752,卖盘
11,14:56:35,25.73,0.01,398,1024054,中性盘
12,14:56:32,25.72,--,338,869336,卖盘
13,14:56:29,25.72,--,181,465532,卖盘
14,14:56:26,25.72,--,283,727876,卖盘
15,14:56:23,25.72,--,380,977360,卖盘
16,14:56:20,25.72,--,236,606992,卖盘
17,14:56:17,25.72,--,381,981372,买盘
18,14:56:14,25.72,--,82,210904,买盘
19,14:56:11,25.72,0.01,60,154320,买盘
20,14:56:05,25.71,--,29,74559,卖盘
21,14:56:02,25.71,--,113,290523,卖盘
22,14:55:59,25.71,--,86,221106,卖盘
23,14:55:56,25.71,-0.01,194,498774,卖盘
24,14:55:53,25.72,--,158,406376,卖盘
25,14:55:50,25.72,0.01,359,923450,买盘
26,14:55:47,25.71,--,133,341943,卖盘
27,14:55:44,25.71,-0.01,63,161973,卖盘
28,14:55:41,25.72,0.01,92,236624,买盘
29,14:55:38,25.71,--,30,77130,买盘
30,14:55:35,25.71,-0.01,117,300807,卖盘
31,14:55:32,25.72,0.01,44,113168,买盘
32,14:55:29,25.71,--,110,282810,买盘
33,14:55:26,25.71,-0.01,53,137805,卖盘
34,14:55:20,25.72,0.01,344,885282,买盘
35,14:55:14,25.71,-0.01,76,195396,卖盘
36,14:55:11,25.72,--,96,246912,买盘
37,14:55:08,25.72,0.01,46,118312,买盘
38,14:55:05,25.71,--,61,156831,卖盘
39,14:55:02,25.71,--,123,316233,卖盘
40,14:54:59,25.71,--,22,56562,卖盘
41,14:54:53,25.71,--,40,102840,卖盘
42,14:54:50,25.71,-0.01,193,496203,卖盘
43,14:54:47,25.72,0.01,26,66872,中性盘
44,14:54:44,25.71,--,57,148603,卖盘
45,14:54:41,25.71,-0.01,102,262242,卖盘
46,14:54:38,25.72,--,70,180040,买盘
47,14:54:35,25.72,0.01,347,892484,买盘
48,14:54:32,25.71,--,233,599043,卖盘
49,14:54:26,25.71,--,81,208251,卖盘
50,14:54:23,25.71,--,41,105411,卖盘
51,14:54:20,25.71,0.01,128,329088,买盘
52,14:54:17,25.7,-0.01,35,89950,卖盘
53,14:54:14,25.71,--,148,380508,买盘
54,14:54:11,25.71,-0.01,304,781584,卖盘
55,14:54:08,25.72,0.01,48,123456,买盘
56,14:54:05,25.71,--,94,241674,卖盘
57,14:54:02,25.71,-0.01,266,683886,卖盘
58,14:53:56,25.72,0.01,36,92592,买盘
59,14:53:50,25.71,-0.01,53,136263,卖盘
60,14:53:47,25.72,-0.01,115,296294,卖盘
61,14:53:44,25.73,0.01,152,391096,买盘
62,14:53:41,25.72,--,276,711929,卖盘
63,14:53:38,25.72,--,15,38580,卖盘
64,14:53:35,25.72,--,61,156892,卖盘
65,14:53:32,25.72,--,70,180040,卖盘
66,14:53:29,25.72,0.02,83,213476,买盘
67,14:53:26,25.7,-0.01,136,350805,卖盘
68,14:53:23,25.71,0.01,180,462780,中性盘
69,14:53:20,25.7,--,306,786420,卖盘
70,14:53:14,25.7,--,38,97660,卖盘
71,14:53:11,25.7,--,564,1449480,卖盘
72,14:53:08,25.7,--,175,449750,卖盘
73,14:53:05,25.7,-0.01,66,169620,卖盘
74,14:53:02,25.71,0.02,81,208302,买盘
75,14:52:59,25.69,-0.01,25,66742,卖盘
76,14:52:56,25.7,--,97,249341,买盘
77,14:52:53,25.7,0.01,132,339240,买盘
78,14:52:50,25.69,-0.01,106,272314,卖盘
79,14:52:47,25.7,--,95,244150,卖盘
80,14:52:41,25.7,--,95,244150,卖盘
81,14:52:38,25.7,--,87,223590,买盘
82,14:52:35,25.7,--,9,23130,买盘
83,14:52:32,25.7,--,20,51400,买盘
84,14:52:29,25.7,--,36,92520,买盘
85,14:52:26,25.7,-0.02,129,331530,卖盘
86,14:52:23,25.72,-0.01,15,38580,卖盘
87,14:52:20,25.73,--,95,244435,买盘
88,14:52:17,25.73,-0.01,53,136369,卖盘
89,14:52:14,25.74,--,20,51480,买盘
90,14:52:11,25.74,--,77,198198,买盘
91,14:52:08,25.74,-0.01,38,97812,中性盘
92,14:52:05,25.75,--,146,377237,买盘
93,14:52:02,25.75,-0.01,23,59225,中性盘
94,14:51:59,25.76,--,81,208656,买盘
95,14:51:56,25.76,--,118,303968,买盘
96,14:51:50,25.76,0.02,170,437920,买盘
97,14:51:47,25.74,-0.03,79,203346,卖盘
98,14:51:44,25.77,--,114,293778,买盘
99,14:51:41,25.77,0.01,95,244815,买盘
100,14:51:38,25.76,-0.02,77,198352,卖盘
101,14:51:32,25.78,0.02,165,425370,中性盘
102,14:51:29,25.76,-0.03,51,131376,卖盘
103,14:51:26,25.79,0.02,39,100581,买盘
104,14:51:23,25.77,-0.01,336,865872,卖盘
105,14:51:20,25.78,--,126,324828,中性盘
106,14:51:17,25.78,-0.02,353,910034,卖盘
107,14:51:14,25.8,--,121,312180,买盘
108,14:51:11,25.8,--,242,624360,买盘
109,14:51:08,25.8,0.01,278,717240,买盘
110,14:51:05,25.79,-0.01,354,912966,卖盘
111,14:51:02,25.8,0.02,287,740460,买盘
112,14:50:59,25.78,-0.01,83,213974,卖盘
113,14:50:56,25.79,0.02,187,482273,买盘
114,14:50:53,25.77,--,212,546324,买盘
115,14:50:50,25.77,0.01,152,391704,中性盘
116,14:50:47,25.76,-0.02,139,358064,卖盘
117,14:50:44,25.78,0.01,63,162414,买盘
118,14:50:41,25.77,0.02,705,1816785,买盘
119,14:50:35,25.75,0.03,290,746750,买盘
120,14:50:32,25.72,--,216,555552,卖盘
121,14:50:26,25.72,-0.01,54,138888,卖盘
122,14:50:23,25.73,-0.01,51,132509,中性盘
123,14:50:20,25.74,0.04,149,383526,买盘
124,14:50:17,25.7,-0.01,58,149060,卖盘
125,14:50:14,25.71,--,47,120837,卖盘
126,14:50:11,25.71,0.03,185,476457,买盘
127,14:50:08,25.68,-0.02,20,51360,买盘
128,14:50:05,25.7,0.03,476,1223320,买盘
129,14:49:59,25.67,-0.01,92,236164,卖盘
130,14:49:56,25.68,--,126,323568,卖盘
131,14:49:53,25.68,0.01,515,1322520,买盘
132,14:49:50,25.67,--,159,408153,买盘
133,14:49:47,25.67,0.01,516,1324572,买盘
134,14:49:44,25.66,--,39,100074,买盘
135,14:49:41,25.66,-0.01,86,221907,卖盘
136,14:49:38,25.67,--,16,42406,卖盘
137,14:49:35,25.67,0.01,130,333710,买盘
138,14:49:32,25.66,--,55,141130,卖盘
139,14:49:29,25.66,0.01,192,492672,买盘
140,14:49:26,25.65,--,33,84645,买盘
141,14:49:17,25.65,0.01,30,76950,买盘
142,14:49:14,25.64,-0.02,39,99996,卖盘
143,14:49:11,25.66,0.01,365,936590,买盘
144,14:49:08,25.65,--,81,207765,买盘
145,14:49:05,25.65,-0.01,66,169290,卖盘
146,14:48:59,25.66,-0.01,45,115470,卖盘
147,14:48:56,25.67,-0.01,162,415854,中性盘
148,14:48:53,25.68,0.02,345,885960,买盘
149,14:48:50,25.66,--,197,505502,买盘
150,14:48:47,25.66,-0.01,77,197582,卖盘
151,14:48:44,25.67,--,115,295205,买盘
152,14:48:41,25.67,--,26,66742,买盘
153,14:48:38,25.67,--,158,405586,买盘
154,14:48:32,25.67,--,81,207927,买盘
155,14:48:29,25.67,--,29,74443,买盘
156,14:48:26,25.67,--,35,89845,卖盘
157,14:48:23,25.67,--,77,197761,买盘
158,14:48:20,25.67,0.01,164,420988,买盘
159,14:48:17,25.66,-0.01,194,497804,卖盘
160,14:48:14,25.67,--,67,171989,买盘
161,14:48:08,25.67,0.03,431,1106377,买盘
162,14:48:05,25.64,-0.02,222,571669,卖盘
163,14:47:59,25.66,0.01,234,600444,买盘
164,14:47:56,25.65,0.01,19,48735,中性盘
165,14:47:53,25.64,-0.01,147,377010,卖盘
166,14:47:50,25.65,0.02,60,153900,买盘
167,14:47:47,25.63,--,242,620246,卖盘
168,14:47:44,25.63,0.01,69,176847,卖盘
169,14:47:41,25.62,--,213,545706,卖盘
170,14:47:38,25.62,-0.01,10,25620,卖盘
171,14:47:35,25.63,0.01,36,92268,买盘
172,14:47:32,25.62,0.02,94,240828,买盘
173,14:47:29,25.6,--,19,48640,卖盘
174,14:47:26,25.6,-0.02,42,107520,卖盘
175,14:47:23,25.62,0.02,25,64050,买盘
176,14:47:20,25.6,-0.02,56,143385,卖盘
177,14:47:17,25.62,0.02,2,5124,买盘
178,14:47:14,25.6,0.01,189,484710,买盘
179,14:47:11,25.59,--,394,1008246,卖盘
180,14:47:05,25.59,--,82,209838,卖盘
181,14:46:59,25.59,-0.01,57,145863,卖盘
182,14:46:53,25.6,--,28,71680,买盘
183,14:46:50,25.6,--,16,40960,买盘
184,14:46:47,25.6,--,28,71680,买盘
185,14:46:44,25.6,0.01,48,122880,买盘
186,14:46:38,25.59,--,48,122832,卖盘
187,14:46:35,25.59,0.01,27,69093,买盘
188,14:46:32,25.58,-0.01,40,102320,卖盘
189,14:46:29,25.59,0.01,152,388968,买盘
190,14:46:26,25.58,0.01,27,69066,买盘
191,14:46:23,25.57,--,14,35798,卖盘
192,14:46:20,25.57,--,30,78295,卖盘
193,14:46:17,25.57,-0.01,31,79267,卖盘
194,14:46:14,25.58,--,181,462997,买盘
195,14:46:11,25.58,0.01,80,206507,买盘
196,14:46:08,25.57,--,73,186661,买盘
197,14:46:05,25.57,--,11,28127,买盘
198,14:46:02,25.57,--,15,38355,买盘
199,14:45:59,25.57,--,36,92052,买盘
200,14:45:56,25.57,0.01,6,15342,买盘
201,14:45:50,25.56,--,16,40896,卖盘
202,14:45:47,25.56,0.01,12,30672,中性盘
203,14:45:44,25.55,-0.01,22,56210,卖盘
204,14:45:41,25.56,--,76,194256,买盘
205,14:45:38,25.56,0.01,56,143136,买盘
206,14:45:35,25.55,-0.01,16,40880,卖盘
207,14:45:32,25.56,--,23,58788,买盘
208,14:45:29,25.56,--,10,25560,买盘
209,14:45:26,25.56,0.01,63,161028,买盘
210,14:45:23,25.55,--,32,81760,买盘
211,14:45:20,25.55,--,86,219730,买盘
212,14:45:17,25.55,--,69,176295,买盘
213,14:45:14,25.55,0.01,13,33215,买盘
214,14:45:11,25.54,-0.01,83,211982,卖盘
215,14:45:08,25.55,0.01,43,109865,买盘
216,14:45:05,25.54,--,14,35756,卖盘
217,14:45:02,25.54,0.01,14,35756,中性盘
218,14:44:59,25.53,-0.01,32,81696,卖盘
219,14:44:56,25.54,--,34,86836,买盘
220,14:44:53,25.54,--,21,53634,买盘
221,14:44:50,25.54,0.01,44,112376,买盘
222,14:44:47,25.53,-0.01,126,321678,卖盘
223,14:44:41,25.54,0.01,49,125146,买盘
224,14:44:38,25.53,--,16,40848,卖盘
225,14:44:35,25.53,--,7,17871,卖盘
226,14:44:32,25.53,--,26,66378,卖盘
227,14:44:29,25.53,--,33,84249,卖盘
228,14:44:26,25.53,--,58,148380,买盘
229,14:44:23,25.53,--,7,17871,买盘
230,14:44:20,25.53,--,52,132756,买盘
231,14:44:17,25.53,0.01,52,132756,买盘
232,14:44:14,25.52,-0.01,64,163328,卖盘
233,14:44:08,25.53,--,36,91908,买盘
234,14:44:05,25.53,--,159,408173,卖盘
235,14:44:02,25.53,-0.01,107,273171,卖盘
236,14:43:59,25.54,0.01,146,373190,买盘
237,14:43:56,25.53,0.01,69,176157,买盘
238,14:43:53,25.52,-0.01,80,204160,卖盘
239,14:43:50,25.53,0.01,144,367632,买盘
240,14:43:47,25.52,-0.01,34,86768,卖盘
241,14:43:44,25.53,0.01,32,81696,买盘
242,14:43:41,25.52,-0.01,31,79112,卖盘
243,14:43:38,25.53,--,11,28083,买盘
244,14:43:35,25.53,--,10,25530,买盘
245,14:43:29,25.53,0.01,30,76590,中性盘
246,14:43:26,25.52,-0.02,99,252648,卖盘
247,14:43:23,25.54,--,8,20432,卖盘
248,14:43:20,25.54,0.01,34,86836,中性盘
249,14:43:17,25.53,--,106,270618,卖盘
250,14:43:14,25.53,-0.01,106,270618,卖盘
251,14:43:11,25.54,--,7,17878,买盘
252,14:43:08,25.54,-0.01,30,76620,中性盘
253,14:43:05,25.55,--,10,25550,买盘
254,14:43:02,25.55,--,2,5110,买盘
255,14:42:59,25.55,--,128,327040,卖盘
256,14:42:56,25.55,--,156,398580,卖盘
257,14:42:50,25.55,--,7,17885,卖盘
258,14:42:47,25.55,-0.01,59,150745,卖盘
259,14:42:41,25.56,0.01,2,5112,买盘
260,14:42:38,25.55,-0.01,12,30660,卖盘
261,14:42:35,25.56,--,6,15336,买盘
262,14:42:32,25.56,--,5,12780,卖盘
263,14:42:26,25.56,-0.01,85,218589,卖盘
264,14:42:23,25.57,--,47,121406,买盘
265,14:42:20,25.57,0.01,11,28127,买盘
266,14:42:17,25.56,-0.01,35,89460,卖盘
267,14:42:14,25.57,--,108,276156,卖盘
268,14:42:11,25.57,--,29,74153,卖盘
269,14:42:08,25.57,-0.01,95,242915,卖盘
270,14:42:05,25.58,--,10,25580,买盘
271,14:42:02,25.58,--,2,5116,买盘
272,14:41:59,25.58,--,14,35812,买盘
273,14:41:56,25.58,--,33,84414,卖盘
274,14:41:53,25.58,--,135,345330,卖盘
275,14:41:50,25.58,--,59,150922,卖盘
276,14:41:47,25.58,--,11,28137,卖盘
277,14:41:44,25.58,--,16,40928,卖盘
278,14:41:41,25.58,--,10,25580,卖盘
279,14:41:38,25.58,--,12,30695,卖盘
280,14:41:35,25.58,--,158,404164,卖盘
281,14:41:32,25.58,-0.01,14,35812,卖盘
282,14:41:29,25.59,-0.01,64,163776,卖盘
283,14:41:23,25.6,0.01,49,125440,买盘
284,14:41:17,25.59,-0.01,25,63975,卖盘
285,14:41:14,25.6,--,13,33280,买盘
286,14:41:11,25.6,--,25,64000,买盘
287,14:41:05,25.6,--,66,171212,卖盘
288,14:41:02,25.6,--,40,102400,卖盘
289,14:40:59,25.6,--,2,5120,卖盘
290,14:40:56,25.6,--,35,89600,卖盘
291,14:40:53,25.6,--,57,145920,卖盘
292,14:40:50,25.6,--,20,51200,卖盘
293,14:40:47,25.6,--,104,266240,卖盘
294,14:40:44,25.6,-0.01,14,35840,卖盘
295,14:40:41,25.61,--,9,23049,买盘
296,14:40:38,25.61,--,3,7683,买盘
297,14:40:35,25.61,--,34,87074,买盘
298,14:40:32,25.61,0.01,6,15366,中性盘
299,14:40:29,25.6,-0.01,208,532480,卖盘
300,14:40:26,25.61,0.01,69,176709,买盘
301,14:40:23,25.6,-0.01,6,15360,卖盘
302,14:40:20,25.61,--,56,143416,买盘
303,14:40:17,25.61,--,5,12805,买盘
304,14:40:14,25.61,--,20,51220,卖盘
305,14:40:08,25.61,--,104,266344,卖盘
306,14:40:05,25.61,--,10,25610,卖盘
307,14:40:02,25.61,--,34,87074,卖盘
308,14:39:59,25.61,0.01,46,117806,买盘
309,14:39:56,25.6,-0.01,136,348467,卖盘
310,14:39:47,25.61,-0.01,69,177682,卖盘
311,14:39:44,25.62,0.01,35,89670,买盘
312,14:39:41,25.61,--,33,86100,买盘
313,14:39:38,25.61,--,103,264756,卖盘
314,14:39:35,25.61,--,45,115245,卖盘
315,14:39:29,25.61,--,63,161343,卖盘
316,14:39:23,25.61,--,19,48659,卖盘
317,14:39:20,25.61,--,5,12805,卖盘
318,14:39:17,25.61,--,66,170613,买盘
319,14:39:11,25.61,-0.01,31,80364,卖盘
320,14:39:04,25.62,0.01,12,30744,买盘
321,14:38:58,25.61,--,186,476346,卖盘
322,14:38:52,25.61,-0.01,17,43537,卖盘
323,14:38:49,25.62,0.01,28,71736,买盘
324,14:38:46,25.61,-0.01,43,110123,卖盘
325,14:38:43,25.62,--,10,25620,买盘
326,14:38:40,25.62,--,3,7686,买盘
327,14:38:37,25.62,--,1,2562,买盘
328,14:38:34,25.62,--,160,409920,卖盘
329,14:38:31,25.62,--,152,389424,卖盘
330,14:38:25,25.62,0.01,561,1438870,买盘
331,14:38:19,25.61,--,4,10244,卖盘
332,14:38:16,25.61,--,3,7683,卖盘
333,14:38:13,25.61,-0.01,19,48659,卖盘
334,14:38:10,25.62,0.01,11,28182,买盘
335,14:38:07,25.61,-0.01,3,7683,卖盘
336,14:38:04,25.62,--,12,30744,买盘
337,14:38:01,25.62,--,7,17934,买盘
338,14:37:58,25.62,--,25,64050,卖盘
339,14:37:55,25.62,--,42,107604,卖盘
340,14:37:49,25.62,--,73,187026,卖盘
341,14:37:46,25.62,--,30,76860,卖盘
342,14:37:40,25.62,--,1,2562,卖盘
343,14:37:37,25.62,-0.01,13,33306,卖盘
344,14:37:34,25.63,--,14,35882,买盘
345,14:37:31,25.63,--,57,147218,卖盘
346,14:37:28,25.63,--,126,322938,卖盘
347,14:37:22,25.63,--,9,23067,卖盘
348,14:37:19,25.63,-0.01,74,191097,卖盘
349,14:37:16,25.64,0.01,13,33332,买盘
350,14:37:13,25.63,--,10,25630,卖盘
351,14:37:07,25.63,-0.02,25,64075,卖盘
352,14:37:04,25.65,0.01,30,76950,买盘
353,14:37:01,25.64,-0.01,37,96201,卖盘
354,14:36:58,25.65,--,23,58995,买盘
355,14:36:55,25.65,0.01,20,51300,买盘
356,14:36:52,25.64,-0.01,13,33332,卖盘
357,14:36:49,25.65,--,19,48735,买盘
358,14:36:40,25.65,0.01,2,5130,中性盘
359,14:36:34,25.64,-0.01,159,408906,卖盘
360,14:36:31,25.65,-0.02,9,23085,卖盘
361,14:36:28,25.67,--,52,133484,买盘
362,14:36:25,25.67,0.02,15,38505,买盘
363,14:36:22,25.65,-0.02,7,17955,卖盘
364,14:36:16,25.67,--,40,102680,买盘
365,14:36:13,25.67,--,1,3696,卖盘
366,14:36:10,25.67,--,50,128350,卖盘
367,14:36:07,25.67,--,8,20536,卖盘
368,14:36:04,25.67,-0.01,30,77010,卖盘
369,14:36:01,25.68,0.01,26,66768,买盘
370,14:35:58,25.67,-0.01,7,17969,卖盘
371,14:35:55,25.68,0.01,13,33384,买盘
372,14:35:49,25.67,--,72,184824,卖盘
373,14:35:43,25.67,0.01,130,335147,买盘
374,14:35:40,25.66,--,52,133432,卖盘
375,14:35:37,25.66,--,23,59018,卖盘
376,14:35:31,25.66,--,6,15396,卖盘
377,14:35:28,25.66,--,11,28226,卖盘
378,14:35:22,25.66,0.01,1,2566,中性盘
379,14:35:16,25.65,--,30,76950,卖盘
380,14:35:13,25.65,--,20,51300,卖盘
381,14:35:10,25.65,--,100,256500,卖盘
382,14:35:07,25.65,--,3,7695,卖盘
383,14:35:04,25.65,-0.01,203,520695,卖盘
384,14:35:01,25.66,0.01,20,51320,买盘
385,14:34:55,25.65,--,11,28215,卖盘
386,14:34:49,25.65,0.01,180,461700,买盘
387,14:34:46,25.64,--,1,2564,卖盘
388,14:34:43,25.64,--,11,28204,卖盘
389,14:34:40,25.64,--,32,82048,买盘
390,14:34:37,25.64,0.01,25,64100,买盘
391,14:34:34,25.63,--,42,107646,卖盘
392,14:34:28,25.63,--,25,64075,卖盘
393,14:34:22,25.63,--,5,12815,卖盘
394,14:34:19,25.63,--,159,407517,卖盘
395,14:34:16,25.63,--,131,335753,买盘
396,14:34:13,25.63,0.01,52,133276,买盘
397,14:34:10,25.62,--,10,25620,卖盘
398,14:34:07,25.62,--,21,53802,卖盘
399,14:34:04,25.62,--,7,17934,卖盘
400,14:34:01,25.62,--,7,17934,卖盘
401,14:33:58,25.62,-0.01,3,7686,中性盘
402,14:33:52,25.63,0.01,306,784278,买盘
403,14:33:49,25.62,--,34,87108,买盘
404,14:33:40,25.62,--,38,97356,买盘
405,14:33:37,25.62,0.01,140,358680,买盘
406,14:33:34,25.61,--,140,358540,买盘
407,14:33:31,25.61,-0.01,123,315003,卖盘
408,14:33:28,25.62,0.01,31,79422,买盘
409,14:33:22,25.61,--,162,414882,卖盘
410,14:33:19,25.61,-0.01,5,12805,卖盘
411,14:33:13,25.62,0.01,18,46116,买盘
412,14:33:10,25.61,--,32,81952,卖盘
413,14:33:04,25.61,--,67,171587,卖盘
414,14:33:01,25.61,--,10,25610,卖盘
415,14:32:58,25.61,--,191,489151,买盘
416,14:32:55,25.61,--,96,245856,买盘
417,14:32:52,25.61,--,16,40976,买盘
418,14:32:46,25.61,0.01,3,7683,买盘
419,14:32:43,25.6,--,151,386560,买盘
420,14:32:37,25.6,-0.01,164,419840,卖盘
421,14:32:34,25.61,--,170,435370,买盘
422,14:32:31,25.61,--,223,571103,买盘
423,14:32:28,25.61,--,7,17927,买盘
424,14:32:25,25.61,--,31,79391,买盘
425,14:32:22,25.61,--,126,322686,买盘
426,14:32:16,25.61,--,198,507078,卖盘
427,14:32:13,25.61,--,35,89635,卖盘
428,14:32:10,25.61,--,31,79391,卖盘
429,14:32:04,25.61,--,53,135733,卖盘
430,14:31:58,25.61,--,48,122928,卖盘
431,14:31:55,25.61,--,120,307320,买盘
432,14:31:52,25.61,-0.01,103,263783,卖盘
433,14:31:49,25.62,--,57,146034,买盘
434,14:31:46,25.62,0.01,38,97356,买盘
435,14:31:43,25.61,-0.01,32,81952,卖盘
436,14:31:40,25.62,--,25,64050,买盘
437,14:31:37,25.62,--,17,43554,买盘
438,14:31:34,25.62,--,26,66612,买盘
439,14:31:28,25.62,--,1,2562,中性盘
440,14:31:25,25.62,--,62,158844,卖盘
441,14:31:22,25.62,--,553,1416786,卖盘
442,14:31:19,25.62,--,46,117852,卖盘
443,14:31:16,25.62,-0.01,213,545706,卖盘
444,14:31:13,25.63,0.01,15,38445,买盘
445,14:31:10,25.62,-0.01,38,97356,卖盘
446,14:31:04,25.63,--,15,38445,买盘
447,14:31:01,25.63,-0.01,3,7689,买盘
448,14:30:55,25.64,-0.01,62,158968,卖盘
449,14:30:52,25.65,0.02,44,112860,买盘
450,14:30:49,25.63,--,387,991881,卖盘
451,14:30:46,25.63,-0.02,251,643313,卖盘
452,14:30:43,25.65,--,6,15390,买盘
453,14:30:40,25.65,-0.01,99,253935,卖盘
454,14:30:37,25.66,--,129,331014,买盘
455,14:30:28,25.66,--,100,256600,卖盘
456,14:30:25,25.66,--,70,179620,卖盘
457,14:30:22,25.66,--,20,51320,卖盘
458,14:30:19,25.66,-0.01,54,138564,卖盘
459,14:30:16,25.67,0.02,92,236164,买盘
460,14:30:13,25.65,--,4,10260,卖盘
461,14:30:10,25.65,-0.02,60,153900,卖盘
462,14:30:07,25.67,0.01,130,333710,买盘
463,14:30:04,25.66,-0.01,96,246336,卖盘
464,14:30:01,25.67,--,34,87278,买盘
465,14:29:58,25.67,--,33,84711,买盘
466,14:29:55,25.67,--,15,38505,买盘
467,14:29:52,25.67,--,52,133484,买盘
468,14:29:46,25.67,--,138,354246,卖盘
469,14:29:34,25.67,--,15,38505,卖盘
470,14:29:31,25.67,--,17,43639,卖盘
471,14:29:28,25.67,--,6,15402,卖盘
472,14:29:25,25.67,-0.01,14,35938,卖盘
473,14:29:22,25.68,--,19,48792,买盘
474,14:29:19,25.68,--,9,23112,买盘
475,14:29:16,25.68,-0.01,6,15408,卖盘
476,14:29:13,25.69,0.01,1,2569,买盘
477,14:29:10,25.68,-0.01,90,231120,卖盘
478,14:29:07,25.69,0.01,10,25690,买盘
479,14:29:01,25.68,-0.01,64,164352,卖盘
480,14:28:58,25.69,--,62,159278,卖盘
481,14:28:52,25.69,-0.01,41,105329,卖盘
482,14:28:49,25.7,0.01,176,452320,买盘
483,14:28:46,25.69,--,9,23121,卖盘
484,14:28:43,25.69,--,17,43673,卖盘
485,14:28:37,25.69,--,41,105329,卖盘
486,14:28:34,25.69,--,40,102760,卖盘
487,14:28:31,25.69,0.01,132,339108,买盘
488,14:28:28,25.68,0.01,38,97584,买盘
489,14:28:22,25.67,-0.02,87,223329,卖盘
490,14:28:16,25.69,0.01,11,28259,买盘
491,14:28:10,25.68,-0.01,1,2568,卖盘
492,14:28:04,25.69,-0.01,35,89915,卖盘
493,14:27:58,25.7,--,2,5140,买盘
494,14:27:52,25.7,--,237,609090,卖盘
495,14:27:46,25.7,-0.02,30,77100,卖盘
496,14:27:34,25.72,--,14,36008,卖盘
497,14:27:28,25.72,--,10,25720,卖盘
498,14:27:25,25.72,--,31,79732,卖盘
499,14:27:22,25.72,--,106,272632,卖盘
500,14:27:16,25.72,-0.01,6,15432,卖盘
501,14:27:13,25.73,--,10,25730,买盘
502,14:27:10,25.73,0.01,7,18011,买盘
503,14:27:04,25.72,-0.01,40,102880,卖盘
504,14:27:01,25.73,--,1,2573,卖盘
505,14:26:55,25.73,-0.01,2,5146,卖盘
506,14:26:46,25.74,--,26,66924,卖盘
507,14:26:37,25.74,--,10,25740,卖盘
508,14:26:34,25.74,--,12,30887,卖盘
509,14:26:28,25.74,--,49,126125,卖盘
510,14:26:25,25.74,--,19,48906,卖盘
511,14:26:16,25.74,--,134,344916,卖盘
512,14:26:13,25.74,-0.01,1,2574,卖盘
513,14:26:10,25.75,0.01,2,5150,买盘
514,14:26:07,25.74,-0.01,4,10296,卖盘
515,14:26:01,25.75,0.01,5,12875,买盘
516,14:25:55,25.74,-0.01,127,326898,卖盘
517,14:25:52,25.75,--,7,18025,卖盘
518,14:25:49,25.75,--,5,12875,卖盘
519,14:25:46,25.75,0.01,70,180250,买盘
520,14:25:43,25.74,-0.01,36,92664,卖盘
521,14:25:37,25.75,0.01,53,136475,买盘
522,14:25:31,25.74,-0.01,25,64349,卖盘
523,14:25:28,25.75,--,12,30900,买盘
524,14:25:25,25.75,--,63,162225,卖盘
525,14:25:22,25.75,0.01,86,222042,买盘
526,14:25:19,25.74,--,29,74646,卖盘
527,14:25:10,25.74,--,22,56628,卖盘
528,14:25:07,25.74,-0.01,40,102960,卖盘
529,14:25:04,25.75,--,20,51500,买盘
530,14:25:01,25.75,--,1,2575,买盘
531,14:24:58,25.75,0.01,155,399125,买盘
532,14:24:55,25.74,-0.01,140,360360,卖盘
533,14:24:52,25.75,--,3,7725,买盘
534,14:24:46,25.75,0.01,17,43775,买盘
535,14:24:43,25.74,--,45,115830,卖盘
536,14:24:37,25.74,-0.01,43,110682,卖盘
537,14:24:34,25.75,0.01,188,484100,买盘
538,14:24:31,25.74,0.01,17,43758,买盘
539,14:24:25,25.73,-0.01,9,23157,卖盘
540,14:24:22,25.74,0.01,1,2574,中性盘
541,14:24:19,25.73,--,68,174964,卖盘
542,14:24:16,25.73,-0.01,11,28303,卖盘
543,14:24:13,25.74,--,38,97812,买盘
544,14:24:07,25.74,-0.01,32,82368,卖盘
545,14:24:01,25.75,--,37,95275,买盘
546,14:23:58,25.75,0.01,76,195700,买盘
547,14:23:55,25.74,--,3,7721,买盘
548,14:23:52,25.74,--,25,64349,买盘
549,14:23:40,25.74,-0.01,89,229086,卖盘
550,14:23:34,25.75,0.02,52,133900,买盘
551,14:23:31,25.73,--,38,97774,卖盘
552,14:23:25,25.73,-0.01,163,419399,卖盘
553,14:23:19,25.74,0.01,118,303732,买盘
554,14:23:16,25.73,--,9,23157,卖盘
555,14:23:13,25.73,--,1,2573,卖盘
556,14:23:07,25.73,--,154,396242,卖盘
557,14:23:04,25.73,-0.01,37,95201,卖盘
558,14:23:01,25.74,0.01,76,195624,买盘
559,14:22:58,25.73,--,20,51460,买盘
560,14:22:52,25.73,--,107,275311,买盘
561,14:22:49,25.73,--,2,5146,买盘
562,14:22:46,25.73,0.01,22,56606,买盘
563,14:22:43,25.72,--,16,41152,卖盘
564,14:22:37,25.72,0.01,22,58101,买盘
565,14:22:34,25.71,--,1,2571,卖盘
566,14:22:31,25.71,0.01,47,120837,中性盘
567,14:22:28,25.7,--,28,71960,卖盘
568,14:22:25,25.7,-0.02,12,30840,卖盘
569,14:22:22,25.72,0.01,186,478392,买盘
570,14:22:19,25.71,0.01,14,37845,买盘
571,14:22:16,25.7,--,36,93239,卖盘
572,14:22:13,25.7,-0.01,5,12850,卖盘
573,14:22:07,25.71,0.02,262,675453,买盘
574,14:22:04,25.69,-0.01,10,25690,买盘
575,14:22:01,25.7,--,2,5140,买盘
576,14:21:58,25.7,0.01,391,1004870,买盘
577,14:21:55,25.69,--,3,7707,卖盘
578,14:21:52,25.69,--,3,7707,卖盘
579,14:21:49,25.69,-0.01,13,33397,卖盘
580,14:21:43,25.7,0.01,29,74530,买盘
581,14:21:40,25.69,--,8,20552,买盘
582,14:21:37,25.69,--,37,95053,买盘
583,14:21:25,25.69,--,5,12845,卖盘
584,14:21:22,25.69,-0.01,12,30828,卖盘
585,14:21:19,25.7,0.01,93,239010,买盘
586,14:21:16,25.69,--,10,25690,卖盘
587,14:21:13,25.69,--,58,149002,卖盘
588,14:21:10,25.69,--,2,5138,卖盘
589,14:21:04,25.69,--,57,146433,卖盘
590,14:21:01,25.69,--,5,12845,卖盘
591,14:20:58,25.69,--,58,149002,买盘
592,14:20:55,25.69,0.02,45,115605,买盘
593,14:20:52,25.67,-0.01,196,503132,卖盘
594,14:20:46,25.68,0.01,18,46224,中性盘
595,14:20:40,25.67,-0.01,19,48773,卖盘
596,14:20:34,25.68,-0.01,5,12840,卖盘
597,14:20:31,25.69,0.01,17,43673,买盘
598,14:20:28,25.68,--,53,136104,买盘
599,14:20:22,25.68,-0.01,6,15408,中性盘
600,14:20:19,25.69,0.01,47,120743,买盘
601,14:20:13,25.68,--,27,69336,卖盘
602,14:20:10,25.68,--,79,202872,卖盘
603,14:20:06,25.68,--,47,120696,卖盘
604,14:20:03,25.68,-0.01,2,5136,卖盘
605,14:20:00,25.69,0.01,30,77070,买盘
606,14:19:57,25.68,--,70,179760,卖盘
607,14:19:54,25.68,--,3,7704,卖盘
608,14:19:51,25.68,-0.01,30,77040,卖盘
609,14:19:48,25.69,0.01,60,154140,买盘
610,14:19:45,25.68,--,22,56496,卖盘
611,14:19:39,25.68,--,154,395472,卖盘
612,14:19:36,25.68,--,9,23112,卖盘
613,14:19:33,25.68,--,229,588072,卖盘
614,14:19:30,25.68,-0.01,18,46224,卖盘
615,14:19:27,25.69,0.01,23,59087,买盘
616,14:19:21,25.68,--,16,41088,卖盘
617,14:19:18,25.68,-0.01,16,41088,卖盘
618,14:19:15,25.69,0.01,7,17983,买盘
619,14:19:12,25.68,--,133,341544,买盘
620,14:19:09,25.68,--,5,12840,买盘
621,14:19:06,25.68,--,86,220848,卖盘
622,14:19:03,25.68,--,26,66768,卖盘
623,14:18:57,25.68,--,12,30816,卖盘
624,14:18:54,25.68,--,12,30816,卖盘
625,14:18:51,25.68,--,1,2568,卖盘
626,14:18:48,25.68,0.01,4,10272,买盘
627,14:18:45,25.67,-0.01,9,23103,卖盘
628,14:18:42,25.68,--,34,87312,买盘
629,14:18:39,25.68,--,2,5136,买盘
630,14:18:36,25.68,--,10,25680,买盘
631,14:18:30,25.68,-0.01,9,23112,卖盘
632,14:18:27,25.69,-0.01,1,2569,中性盘
633,14:18:24,25.7,0.01,145,372650,买盘
634,14:18:15,25.69,--,40,102760,买盘
635,14:18:09,25.69,-0.01,1,2569,买盘
636,14:18:06,25.7,0.01,112,287840,买盘
637,14:18:00,25.69,--,56,144583,卖盘
638,14:17:57,25.69,--,6,15414,卖盘
639,14:17:54,25.69,--,47,120743,卖盘
640,14:17:51,25.69,-0.01,25,64225,卖盘
641,14:17:48,25.7,0.01,41,105370,买盘
642,14:17:45,25.69,-0.01,53,138006,卖盘
643,14:17:36,25.7,0.01,104,267280,买盘
644,14:17:30,25.69,--,15,38535,卖盘
645,14:17:24,25.69,--,5,12845,卖盘
646,14:17:21,25.69,-0.01,11,28259,卖盘
647,14:17:18,25.7,0.01,1,2570,买盘
648,14:17:15,25.69,-0.01,12,30828,卖盘
649,14:17:12,25.7,0.01,20,51400,买盘
650,14:17:06,25.69,0.01,16,41104,买盘
651,14:17:03,25.68,-0.01,54,138672,卖盘
652,14:17:00,25.69,--,2,5138,买盘
653,14:16:57,25.69,--,20,51380,买盘
654,14:16:51,25.69,--,8,20552,卖盘
655,14:16:48,25.69,--,2,5138,买盘
656,14:16:45,25.69,-0.01,10,25690,卖盘
657,14:16:42,25.7,0.01,17,43690,买盘
658,14:16:39,25.69,--,59,151571,卖盘
659,14:16:36,25.69,--,22,56518,卖盘
660,14:16:33,25.69,-0.01,4,10276,卖盘
661,14:16:24,25.7,-0.02,17,43690,卖盘
662,14:16:21,25.72,0.02,9,23148,买盘
663,14:16:18,25.7,-0.02,98,251860,卖盘
664,14:16:15,25.72,0.02,53,136316,买盘
665,14:16:06,25.7,-0.02,54,138780,卖盘
666,14:16:03,25.72,0.01,1,2572,买盘
667,14:15:57,25.71,0.01,10,25710,中性盘
668,14:15:54,25.7,-0.02,32,82240,卖盘
669,14:15:51,25.72,0.01,17,43724,买盘
670,14:15:48,25.71,--,15,38565,买盘
671,14:15:45,25.71,--,6,15426,卖盘
672,14:15:42,25.71,0.01,14,35994,卖盘
673,14:15:39,25.7,-0.01,11,28270,卖盘
674,14:15:36,25.71,--,2,5142,买盘
675,14:15:33,25.71,--,48,123408,卖盘
676,14:15:30,25.71,--,19,48849,卖盘
677,14:15:27,25.71,0.01,52,133692,买盘
678,14:15:24,25.7,--,1,2570,卖盘
679,14:15:21,25.7,--,4,10280,卖盘
680,14:15:18,25.7,--,1,2570,卖盘
681,14:15:12,25.7,0.01,266,683620,买盘
682,14:15:09,25.69,-0.01,44,113036,卖盘
683,14:15:00,25.7,0.02,14,35980,买盘
684,14:14:57,25.68,-0.01,13,33384,卖盘
685,14:14:54,25.69,0.01,4,10276,买盘
686,14:14:48,25.68,--,34,87312,卖盘
687,14:14:45,25.68,--,2,5136,卖盘
688,14:14:42,25.68,--,36,92448,卖盘
689,14:14:39,25.68,-0.01,12,30816,卖盘
690,14:14:36,25.69,0.01,50,128450,买盘
691,14:14:33,25.68,--,34,87312,买盘
692,14:14:30,25.68,0.01,12,30816,买盘
693,14:14:27,25.67,-0.01,61,156587,卖盘
694,14:14:24,25.68,0.01,6,15408,买盘
695,14:14:21,25.67,--,72,184824,买盘
696,14:14:18,25.67,--,33,84711,买盘
697,14:14:15,25.67,--,56,143752,买盘
698,14:14:09,25.67,0.01,48,123216,买盘
699,14:14:06,25.66,--,28,71848,卖盘
700,14:14:00,25.66,-0.01,39,100074,卖盘
701,14:13:57,25.67,--,4,10268,买盘
702,14:13:54,25.67,--,35,89845,买盘
703,14:13:48,25.67,--,52,133484,买盘
704,14:13:45,25.67,--,63,161721,买盘
705,14:13:39,25.67,0.01,107,274669,买盘
706,14:13:36,25.66,-0.01,13,33358,卖盘
707,14:13:33,25.67,--,1,2567,买盘
708,14:13:30,25.67,--,15,38505,买盘
709,14:13:27,25.67,-0.01,56,143752,卖盘
710,14:13:24,25.68,--,24,61632,买盘
711,14:13:15,25.68,0.01,30,77040,买盘
712,14:13:12,25.67,-0.02,80,205360,卖盘
713,14:13:09,25.69,0.01,40,102760,买盘
714,14:13:06,25.68,--,6,15408,卖盘
715,14:13:03,25.68,--,20,51360,卖盘
716,14:12:57,25.68,-0.01,15,38520,卖盘
717,14:12:54,25.69,-0.01,5,12870,卖盘
718,14:12:51,25.7,0.01,56,143920,买盘
719,14:12:48,25.69,-0.01,6,15414,卖盘
720,14:12:45,25.7,0.01,55,141350,中性盘
721,14:12:36,25.69,-0.01,90,231210,卖盘
722,14:12:27,25.7,-0.02,29,74530,卖盘
723,14:12:24,25.72,0.02,2,5144,买盘
724,14:12:21,25.7,--,128,328960,卖盘
725,14:12:18,25.7,-0.02,42,107940,卖盘
726,14:12:12,25.72,--,40,102880,买盘
727,14:12:09,25.72,0.02,37,95164,买盘
728,14:12:06,25.7,--,9,23130,卖盘
729,14:12:03,25.7,-0.02,19,48830,卖盘
730,14:12:00,25.72,0.02,44,113168,买盘
731,14:11:57,25.7,-0.02,22,56540,卖盘
732,14:11:54,25.72,0.01,15,38580,买盘
733,14:11:51,25.71,-0.01,10,25710,中性盘
734,14:11:45,25.72,0.02,2,5144,中性盘
735,14:11:42,25.7,-0.02,62,159340,卖盘
736,14:11:39,25.72,-0.01,132,339504,卖盘
737,14:11:36,25.73,0.01,13,33449,买盘
738,14:11:33,25.72,--,24,61728,卖盘
739,14:11:30,25.72,0.01,137,354910,买盘
740,14:11:27,25.71,--,76,195396,卖盘
741,14:11:21,25.71,--,36,92556,卖盘
742,14:11:12,25.71,--,5,12855,卖盘
743,14:11:09,25.71,-0.01,7,17997,卖盘
744,14:11:03,25.72,-0.01,2,5144,买盘
745,14:11:00,25.73,0.01,8,20584,买盘
746,14:10:57,25.72,-0.01,20,51440,卖盘
747,14:10:51,25.73,0.01,2,5146,买盘
748,14:10:48,25.72,-0.01,2,5144,卖盘
749,14:10:45,25.73,--,4,10292,卖盘
750,14:10:42,25.73,-0.01,18,46314,卖盘
751,14:10:39,25.74,0.01,30,77220,买盘
752,14:10:36,25.73,--,66,169818,买盘
753,14:10:33,25.73,0.02,50,128650,买盘
754,14:10:27,25.71,-0.01,3,7713,卖盘
755,14:10:21,25.72,-0.01,11,28292,中性盘
756,14:10:12,25.73,--,52,133796,买盘
757,14:10:09,25.73,0.01,43,110639,买盘
758,14:10:00,25.72,-0.01,5,12860,卖盘
759,14:09:57,25.73,--,65,167245,买盘
760,14:09:54,25.73,--,19,48887,买盘
761,14:09:51,25.73,--,19,48887,买盘
762,14:09:42,25.73,-0.01,7,18011,卖盘
763,14:09:39,25.74,0.02,2,5148,买盘
764,14:09:36,25.72,0.01,8,20576,中性盘
765,14:09:33,25.71,-0.03,75,192825,卖盘
766,14:09:27,25.74,0.01,4,10296,买盘
767,14:09:24,25.73,--,4,10292,卖盘
768,14:09:21,25.73,--,3,7719,卖盘
769,14:09:18,25.73,--,1,2573,卖盘
770,14:09:15,25.73,--,7,18011,卖盘
771,14:09:09,25.73,0.01,64,164672,买盘
772,14:09:03,25.72,--,22,56584,卖盘
773,14:09:00,25.72,--,10,25720,卖盘
774,14:08:57,25.72,0.01,2,5144,卖盘
775,14:08:54,25.71,-0.01,1,2571,卖盘
776,14:08:48,25.72,--,3,7716,买盘
777,14:08:45,25.72,--,13,33436,买盘
778,14:08:42,25.72,-0.01,2,5144,买盘
779,14:08:36,25.73,0.02,54,138942,买盘
780,14:08:33,25.71,-0.01,43,110553,卖盘
781,14:08:30,25.72,--,21,54012,卖盘
782,14:08:21,25.72,--,40,102880,卖盘
783,14:08:18,25.72,-0.01,6,15432,卖盘
784,14:08:15,25.73,0.01,37,95201,买盘
785,14:08:09,25.72,--,17,43724,买盘
786,14:08:06,25.72,--,43,110596,中性盘
787,14:08:00,25.72,-0.01,10,25720,卖盘
788,14:07:54,25.73,0.01,43,110639,买盘
789,14:07:51,25.72,0.01,35,90020,中性盘
790,14:07:45,25.71,-0.02,1,2571,卖盘
791,14:07:42,25.73,--,12,30876,卖盘
792,14:07:39,25.73,0.02,38,97774,买盘
793,14:07:30,25.71,-0.02,4,10284,卖盘
794,14:07:27,25.73,0.02,5,12865,买盘
795,14:07:24,25.71,--,3,7713,卖盘
796,14:07:18,25.71,--,10,25710,卖盘
797,14:07:15,25.71,0.01,1,2571,中性盘
798,14:07:09,25.7,-0.01,100,257000,卖盘
799,14:07:03,25.71,0.01,10,25710,买盘
800,14:06:57,25.7,--,13,33410,卖盘
801,14:06:54,25.7,--,60,154200,卖盘
802,14:06:51,25.7,-0.01,12,30840,卖盘
803,14:06:45,25.71,0.01,2,5142,买盘
804,14:06:42,25.7,-0.01,9,23130,卖盘
805,14:06:39,25.71,--,8,20568,买盘
806,14:06:36,25.71,--,20,51420,买盘
807,14:06:33,25.71,--,52,133692,买盘
808,14:06:30,25.71,--,9,23139,买盘
809,14:06:27,25.71,--,7,17997,买盘
810,14:06:24,25.71,-0.01,72,185112,卖盘
811,14:06:21,25.72,0.01,35,90020,买盘
812,14:06:18,25.71,--,4,10284,卖盘
813,14:06:15,25.71,--,86,221106,卖盘
814,14:06:12,25.71,-0.01,2,5142,卖盘
815,14:06:09,25.72,0.01,9,23148,买盘
816,14:06:06,25.71,-0.02,17,43707,卖盘
817,14:06:03,25.73,0.01,45,115785,买盘
818,14:06:00,25.72,--,1,2572,卖盘
819,14:05:57,25.72,--,32,82304,买盘
820,14:05:54,25.72,--,3,7716,买盘
821,14:05:51,25.72,--,90,231480,买盘
822,14:05:48,25.72,0.01,99,254628,买盘
823,14:05:42,25.71,-0.01,5,12855,卖盘
824,14:05:36,25.72,--,10,25720,买盘
825,14:05:33,25.72,--,5,12860,买盘
826,14:05:30,25.72,0.01,13,33436,买盘
827,14:05:24,25.71,-0.01,27,69417,卖盘
828,14:05:21,25.72,--,5,12860,买盘
829,14:05:18,25.72,--,10,25720,买盘
830,14:05:15,25.72,-0.03,22,56584,卖盘
831,14:05:06,25.75,0.02,30,77250,买盘
832,14:05:03,25.73,-0.02,21,54033,卖盘
833,14:04:57,25.75,--,9,23175,买盘
834,14:04:51,25.75,-0.01,75,193125,卖盘
835,14:04:48,25.76,--,4,10304,卖盘
836,14:04:45,25.76,-0.02,5,12880,中性盘
837,14:04:33,25.78,0.02,57,146946,买盘
838,14:04:27,25.76,--,13,33488,卖盘
839,14:04:24,25.76,-0.02,10,25760,卖盘
840,14:04:18,25.78,--,5,12890,买盘
841,14:04:15,25.78,--,1,2578,卖盘
842,14:04:12,25.78,--,32,82496,卖盘
843,14:04:06,25.78,--,56,144368,卖盘
844,14:04:00,25.78,-0.02,24,61872,卖盘
845,14:03:57,25.8,--,173,446340,买盘
846,14:03:54,25.8,0.02,150,387000,买盘
847,14:03:51,25.78,-0.01,12,30936,卖盘
848,14:03:45,25.79,--,7,18053,买盘
849,14:03:42,25.79,--,36,92844,买盘
850,14:03:39,25.79,0.02,140,361060,买盘
851,14:03:33,25.77,--,4,10308,卖盘
852,14:03:30,25.77,0.01,10,25770,买盘
853,14:03:27,25.76,0.03,4,10304,中性盘
854,14:03:24,25.73,-0.05,25,64325,卖盘
855,14:03:18,25.78,0.02,233,600674,买盘
856,14:03:06,25.76,0.01,3,7728,买盘
857,14:03:03,25.75,0.01,25,64375,卖盘
858,14:03:00,25.74,--,51,131274,买盘
859,14:02:57,25.74,--,26,66924,卖盘
860,14:02:48,25.74,-0.04,1,2574,卖盘
861,14:02:45,25.78,0.04,100,257800,买盘
862,14:02:42,25.74,0.02,22,56628,中性盘
863,14:02:36,25.72,-0.02,64,164608,卖盘
864,14:02:24,25.74,--,3,7721,买盘
865,14:02:15,25.74,--,1,2574,买盘
866,14:02:09,25.74,0.01,4,10296,买盘
867,14:02:06,25.73,-0.04,69,177537,卖盘
868,14:02:00,25.77,--,6,15462,卖盘
869,14:01:57,25.77,0.03,28,72156,买盘
870,14:01:51,25.74,--,45,115830,买盘
871,14:01:39,25.74,--,2,5148,买盘
872,14:01:36,25.74,-0.01,47,120977,卖盘
873,14:01:30,25.75,0.01,4,10300,中性盘
874,14:01:27,25.74,-0.02,12,30887,卖盘
875,14:01:12,25.76,-0.03,3,7728,卖盘
876,14:01:06,25.79,--,29,74791,买盘
877,14:00:57,25.79,0.03,1,2579,买盘
878,14:00:54,25.76,-0.03,16,41216,卖盘
879,14:00:51,25.79,0.02,78,201162,买盘
880,14:00:48,25.77,-0.02,609,1569393,卖盘
881,14:00:45,25.79,--,102,263058,卖盘
882,14:00:42,25.79,--,5,12895,卖盘
883,14:00:36,25.79,-0.01,10,25790,卖盘
884,14:00:33,25.8,0.01,67,172860,买盘
885,14:00:27,25.79,-0.01,21,54159,卖盘
886,14:00:24,25.8,--,27,69660,买盘
887,14:00:21,25.8,0.01,56,144480,买盘
888,14:00:11,25.79,--,32,82528,卖盘
889,14:00:08,25.79,-0.01,1,2579,卖盘
890,14:00:05,25.8,--,60,154800,买盘
891,14:00:02,25.8,0.01,3,7740,买盘
892,13:59:59,25.79,--,19,49001,卖盘
893,13:59:56,25.79,-0.02,17,43843,卖盘
894,13:59:50,25.81,0.01,160,412960,买盘
895,13:59:44,25.8,--,4,10320,买盘
896,13:59:35,25.8,--,19,49020,买盘
897,13:59:29,25.8,--,48,123840,买盘
898,13:59:26,25.8,0.01,4,10320,买盘
899,13:59:23,25.79,-0.01,39,100581,卖盘
900,13:59:20,25.8,0.01,13,33540,买盘
901,13:59:14,25.79,-0.02,48,123792,卖盘
902,13:59:11,25.81,0.01,58,149698,买盘
903,13:59:05,25.8,--,80,206400,卖盘
904,13:59:02,25.8,--,108,278640,买盘
905,13:58:59,25.8,--,29,74820,买盘
906,13:58:56,25.8,--,18,46440,卖盘
907,13:58:50,25.8,-0.01,42,108360,卖盘
908,13:58:41,25.81,--,14,36134,卖盘
909,13:58:38,25.81,0.01,44,113564,买盘
910,13:58:35,25.8,-0.01,113,291540,卖盘
911,13:58:32,25.81,0.01,1,2581,买盘
912,13:58:29,25.8,-0.01,5,12900,卖盘
913,13:58:26,25.81,-0.01,207,534267,卖盘
914,13:58:23,25.82,--,4,10328,买盘
915,13:58:20,25.82,-0.01,110,284020,卖盘
916,13:58:17,25.83,--,29,74907,买盘
917,13:58:11,25.83,--,15,38745,买盘
918,13:58:08,25.83,--,81,209223,买盘
919,13:58:05,25.83,-0.01,4,10332,中性盘
920,13:58:02,25.84,--,50,129200,买盘
921,13:57:59,25.84,--,117,302328,买盘
922,13:57:56,25.84,-0.01,28,72352,买盘
923,13:57:53,25.85,0.01,192,496320,买盘
924,13:57:50,25.84,--,77,198968,买盘
925,13:57:47,25.84,-0.01,281,726104,中性盘
926,13:57:44,25.85,0.01,156,403260,买盘
927,13:57:41,25.84,--,182,470288,卖盘
928,13:57:32,25.84,--,114,294576,卖盘
929,13:57:29,25.84,--,30,77520,买盘
930,13:57:26,25.84,0.01,83,214472,买盘
931,13:57:23,25.83,-0.01,64,165312,卖盘
932,13:57:20,25.84,0.01,254,656336,买盘
933,13:57:14,25.83,--,40,103320,买盘
934,13:57:11,25.83,0.01,221,570843,买盘
935,13:57:05,25.82,0.01,68,175576,买盘
936,13:57:02,25.81,--,118,304558,买盘
937,13:56:59,25.81,0.01,10,25810,买盘
938,13:56:53,25.8,--,1009,2603736,买盘
939,13:56:50,25.8,0.01,187,482460,买盘
940,13:56:47,25.79,-0.01,79,203741,卖盘
941,13:56:44,25.8,--,105,270900,买盘
942,13:56:41,25.8,0.02,134,345720,买盘
943,13:56:38,25.78,--,63,162414,卖盘
944,13:56:35,25.78,--,219,564582,卖盘
945,13:56:32,25.78,--,416,1072448,卖盘
946,13:56:29,25.78,0.01,46,118588,买盘
947,13:56:23,25.77,-0.01,130,335010,卖盘
948,13:56:20,25.78,--,110,283580,买盘
949,13:56:17,25.78,0.01,49,126322,买盘
950,13:56:11,25.77,--,37,95349,买盘
951,13:56:05,25.77,0.01,49,126273,买盘
952,13:56:02,25.76,0.03,1668,4296922,买盘
953,13:55:59,25.73,0.01,7,18011,买盘
954,13:55:56,25.72,0.02,59,151748,买盘
955,13:55:50,25.7,-0.01,12,30840,卖盘
956,13:55:47,25.71,--,2,5142,卖盘
957,13:55:44,25.71,-0.01,99,254529,卖盘
958,13:55:41,25.72,--,66,169752,买盘
959,13:55:38,25.72,--,5,12860,买盘
960,13:55:35,25.72,--,5,12860,买盘
961,13:55:26,25.72,0.01,1,2572,买盘
962,13:55:23,25.71,--,126,323946,卖盘
963,13:55:20,25.71,0.01,54,138834,买盘
964,13:55:14,25.7,--,2,5140,卖盘
965,13:55:11,25.7,--,10,25700,卖盘
966,13:55:08,25.7,--,6,15420,卖盘
967,13:54:59,25.7,--,17,43690,卖盘
968,13:54:53,25.7,--,39,100230,买盘
969,13:54:50,25.7,0.01,28,71960,买盘
970,13:54:47,25.69,--,39,100191,卖盘
971,13:54:41,25.69,-0.01,2,5138,卖盘
972,13:54:38,25.7,--,16,41120,买盘
973,13:54:32,25.7,-0.01,10,25700,买盘
974,13:54:29,25.71,0.01,23,59133,买盘
975,13:54:26,25.7,--,7,17990,卖盘
976,13:54:20,25.7,--,57,146490,卖盘
977,13:54:14,25.7,-0.01,1,2570,卖盘
978,13:54:11,25.71,--,12,30852,买盘
979,13:54:05,25.71,--,24,61704,买盘
980,13:54:02,25.71,--,6,15426,买盘
981,13:53:59,25.71,0.01,3,7713,买盘
982,13:53:53,25.7,-0.01,2,5140,卖盘
983,13:53:44,25.71,0.01,26,66846,中性盘
984,13:53:41,25.7,-0.02,157,403490,卖盘
985,13:53:32,25.72,0.01,10,25720,买盘
986,13:53:29,25.71,-0.01,21,56510,卖盘
987,13:53:26,25.72,--,12,30864,卖盘
988,13:53:23,25.72,0.01,119,306068,买盘
989,13:53:20,25.71,--,3,7713,卖盘
990,13:53:17,25.71,--,42,108033,卖盘
991,13:53:08,25.71,0.01,70,179970,买盘
992,13:53:05,25.7,--,2,5140,卖盘
993,13:53:02,25.7,-0.01,26,66820,卖盘
994,13:52:53,25.71,--,6,15426,卖盘
995,13:52:41,25.71,-0.01,3,7713,卖盘
996,13:52:38,25.72,0.01,12,30864,买盘
997,13:52:35,25.71,--,2,5142,卖盘
998,13:52:32,25.71,-0.01,12,30852,卖盘
999,13:52:29,25.72,0.01,13,33436,买盘
1000,13:52:20,25.71,--,6,15426,中性盘
1001,13:52:17,25.71,--,5,12855,卖盘
1002,13:52:14,25.71,-0.01,5,12855,卖盘
1003,13:52:08,25.72,0.01,9,23148,买盘
1004,13:52:02,25.71,-0.02,113,291037,卖盘
1005,13:51:59,25.73,0.01,68,174964,买盘
1006,13:51:53,25.72,--,13,33436,卖盘
1007,13:51:47,25.72,--,1,2572,卖盘
1008,13:51:44,25.72,--,5,12860,卖盘
1009,13:51:38,25.72,--,60,154320,卖盘
1010,13:51:35,25.72,--,43,112653,卖盘
1011,13:51:32,25.72,--,2,5144,卖盘
1012,13:51:29,25.72,-0.01,31,79732,卖盘
1013,13:51:26,25.73,0.01,29,74617,买盘
1014,13:51:23,25.72,--,1,2572,卖盘
1015,13:51:20,25.72,--,5,12860,卖盘
1016,13:51:17,25.72,--,5,12860,卖盘
1017,13:51:14,25.72,-0.01,30,77160,卖盘
1018,13:51:11,25.73,--,12,30876,买盘
1019,13:51:08,25.73,0.01,44,113212,买盘
1020,13:51:05,25.72,--,1,2572,卖盘
1021,13:51:02,25.72,--,32,82304,卖盘
1022,13:50:59,25.72,--,12,30864,卖盘
1023,13:50:56,25.72,--,13,33436,卖盘
1024,13:50:53,25.72,--,10,25720,卖盘
1025,13:50:44,25.72,--,15,38580,卖盘
1026,13:50:38,25.72,--,29,74588,卖盘
1027,13:50:35,25.72,-0.01,30,77160,卖盘
1028,13:50:32,25.73,0.01,2,5146,买盘
1029,13:50:26,25.72,-0.01,4,10288,卖盘
1030,13:50:23,25.73,0.01,8,20584,买盘
1031,13:50:17,25.72,-0.01,3,7716,卖盘
1032,13:50:11,25.73,-0.01,16,41168,卖盘
1033,13:50:08,25.74,0.01,45,115830,买盘
1034,13:50:05,25.73,-0.01,1,2573,卖盘
1035,13:50:02,25.74,--,19,48906,买盘
1036,13:49:53,25.74,0.01,10,25740,买盘
1037,13:49:50,25.73,--,30,77190,卖盘
1038,13:49:47,25.73,0.01,50,128650,卖盘
1039,13:49:44,25.72,-0.02,50,128600,卖盘
1040,13:49:41,25.74,--,3,7721,买盘
1041,13:49:38,25.74,0.02,148,380952,买盘
1042,13:49:29,25.72,--,1,2572,卖盘
1043,13:49:23,25.72,--,4,10288,卖盘
1044,13:49:17,25.72,--,1,2572,卖盘
1045,13:49:11,25.72,-0.02,14,36008,中性盘
1046,13:49:05,25.74,0.03,189,486485,买盘
1047,13:49:02,25.71,--,58,149118,卖盘
1048,13:48:59,25.71,-0.01,2,5142,卖盘
1049,13:48:56,25.72,0.01,13,33436,买盘
1050,13:48:50,25.71,-0.01,14,35994,卖盘
1051,13:48:41,25.72,--,5,12860,买盘
1052,13:48:38,25.72,--,6,15432,买盘
1053,13:48:35,25.72,0.01,16,41152,买盘
1054,13:48:32,25.71,-0.01,8,20568,卖盘
1055,13:48:29,25.72,--,22,56584,买盘
1056,13:48:20,25.72,0.01,11,28292,买盘
1057,13:48:17,25.71,--,1,2571,卖盘
1058,13:48:14,25.71,--,18,46278,卖盘
1059,13:48:11,25.71,-0.01,4,10284,卖盘
1060,13:48:08,25.72,-0.01,10,25720,卖盘
1061,13:48:05,25.73,0.01,20,51460,买盘
1062,13:48:02,25.72,--,7,18004,买盘
1063,13:47:59,25.72,--,3,7716,卖盘
1064,13:47:56,25.72,--,7,18004,卖盘
1065,13:47:53,25.72,-0.01,1,2572,卖盘
1066,13:47:50,25.73,--,2,5146,买盘
1067,13:47:41,25.73,--,4,10292,买盘
1068,13:47:35,25.73,--,14,36022,买盘
1069,13:47:26,25.73,--,41,105493,卖盘
1070,13:47:20,25.73,-0.01,66,169818,卖盘
1071,13:47:11,25.74,0.01,21,54054,买盘
1072,13:47:08,25.73,--,19,48887,卖盘
1073,13:47:05,25.73,--,40,102920,卖盘
1074,13:46:59,25.73,--,37,95201,卖盘
1075,13:46:56,25.73,--,11,28303,卖盘
1076,13:46:53,25.73,-0.02,5,12865,卖盘
1077,13:46:44,25.75,0.01,30,77250,买盘
1078,13:46:41,25.74,-0.01,6,15443,中性盘
1079,13:46:38,25.75,0.02,54,139050,买盘
1080,13:46:32,25.73,-0.02,86,221278,卖盘
1081,13:46:29,25.75,0.01,78,200850,买盘
1082,13:46:26,25.74,--,2,5148,卖盘
1083,13:46:23,25.74,-0.01,10,25740,卖盘
1084,13:46:20,25.75,--,10,25750,买盘
1085,13:46:14,25.75,--,7,18025,买盘
1086,13:46:11,25.75,--,10,25750,买盘
1087,13:46:08,25.75,0.01,74,190550,买盘
1088,13:46:02,25.74,--,45,115830,买盘
1089,13:45:59,25.74,--,7,18018,买盘
1090,13:45:56,25.74,-0.01,5,12870,中性盘
1091,13:45:50,25.75,--,160,412000,买盘
1092,13:45:44,25.75,--,51,131325,买盘
1093,13:45:41,25.75,--,6,15450,买盘
1094,13:45:35,25.75,0.02,22,56650,买盘
1095,13:45:32,25.73,-0.02,6,15438,卖盘
1096,13:45:29,25.75,--,43,112167,卖盘
1097,13:45:23,25.75,--,27,69525,卖盘
1098,13:45:20,25.75,0.02,37,96408,买盘
1099,13:45:17,25.73,-0.02,2,5146,卖盘
1100,13:45:14,25.75,0.02,130,334750,买盘
1101,13:45:11,25.73,-0.02,97,249581,卖盘
1102,13:45:08,25.75,0.02,20,51500,买盘
1103,13:45:05,25.73,-0.02,5,12865,卖盘
1104,13:45:02,25.75,--,8,20600,买盘
1105,13:44:59,25.75,--,21,54075,买盘
1106,13:44:53,25.75,--,47,121025,买盘
1107,13:44:47,25.75,--,66,169950,买盘
1108,13:44:44,25.75,0.02,65,167375,买盘
1109,13:44:41,25.73,-0.02,2,5146,卖盘
1110,13:44:38,25.75,0.02,2,5150,买盘
1111,13:44:35,25.73,0.01,33,84909,卖盘
1112,13:44:32,25.72,-0.03,15,38580,卖盘
1113,13:44:29,25.75,--,14,36050,买盘
1114,13:44:26,25.75,0.03,3,7725,买盘
1115,13:44:23,25.72,-0.03,159,408948,卖盘
1116,13:44:14,25.75,0.02,100,257500,买盘
1117,13:44:11,25.73,0.01,2,5146,中性盘
1118,13:43:59,25.72,-0.03,57,146604,卖盘
1119,13:43:53,25.75,0.04,217,558775,买盘
1120,13:43:50,25.71,--,97,249387,卖盘
1121,13:43:44,25.71,-0.01,15,38565,卖盘
1122,13:43:41,25.72,0.01,38,97736,买盘
1123,13:43:32,25.71,0.01,215,552765,买盘
1124,13:43:26,25.7,--,82,210740,买盘
1125,13:43:23,25.7,0.01,55,141350,买盘
1126,13:43:20,25.69,--,20,51380,买盘
1127,13:43:14,25.69,--,10,25690,买盘
1128,13:43:11,25.69,--,47,120743,买盘
1129,13:42:59,25.69,0.02,96,246624,买盘
1130,13:42:53,25.67,--,95,243865,卖盘
1131,13:42:50,25.67,-0.01,3,7701,卖盘
1132,13:42:47,25.68,0.01,34,87312,买盘
1133,13:42:44,25.67,--,23,59041,买盘
1134,13:42:35,25.67,--,6,15402,卖盘
1135,13:42:32,25.67,0.01,25,64175,买盘
1136,13:42:29,25.66,-0.01,20,51320,卖盘
1137,13:42:26,25.67,0.01,13,33371,买盘
1138,13:42:23,25.66,--,10,25660,卖盘
1139,13:42:20,25.66,-0.01,16,41056,卖盘
1140,13:42:17,25.67,0.01,12,30804,买盘
1141,13:42:14,25.66,--,7,17962,买盘
1142,13:42:07,25.66,--,68,174488,卖盘
1143,13:42:04,25.66,--,98,251468,卖盘
1144,13:42:01,25.66,--,21,53886,卖盘
1145,13:41:55,25.66,--,63,161658,卖盘
1146,13:41:52,25.66,--,6,15396,卖盘
1147,13:41:49,25.66,--,71,182186,卖盘
1148,13:41:43,25.66,--,52,133432,卖盘
1149,13:41:40,25.66,--,24,61584,卖盘
1150,13:41:37,25.66,--,15,38490,卖盘
1151,13:41:34,25.66,--,54,138564,卖盘
1152,13:41:31,25.66,--,2,5132,卖盘
1153,13:41:25,25.66,--,20,51320,卖盘
1154,13:41:22,25.66,-0.01,18,46188,卖盘
1155,13:41:19,25.67,--,32,82144,买盘
1156,13:41:16,25.67,--,6,15402,买盘
1157,13:41:13,25.67,--,15,38505,买盘
1158,13:41:10,25.67,--,2,5134,买盘
1159,13:41:07,25.67,--,75,192525,卖盘
1160,13:41:04,25.67,-0.01,24,61608,卖盘
1161,13:41:01,25.68,0.01,50,128400,中性盘
1162,13:40:58,25.67,-0.01,64,164288,卖盘
1163,13:40:55,25.68,--,74,190032,买盘
1164,13:40:46,25.68,--,60,154080,买盘
1165,13:40:40,25.68,-0.01,1,2568,中性盘
1166,13:40:37,25.69,0.01,30,77070,买盘
1167,13:40:34,25.68,--,8,20544,卖盘
1168,13:40:31,25.68,--,45,115560,卖盘
1169,13:40:28,25.68,--,14,35952,卖盘
1170,13:40:25,25.68,--,11,28248,卖盘
1171,13:40:22,25.68,--,22,56496,卖盘
1172,13:40:16,25.68,--,35,89880,卖盘
1173,13:40:13,25.68,--,5,12840,卖盘
1174,13:40:10,25.68,-0.01,32,82176,卖盘
1175,13:40:04,25.69,--,1,2569,买盘
1176,13:39:58,25.69,--,40,102760,买盘
1177,13:39:55,25.69,0.01,12,30828,买盘
1178,13:39:52,25.68,-0.01,20,51360,卖盘
1179,13:39:49,25.69,--,4,10276,卖盘
1180,13:39:43,25.69,--,17,43673,卖盘
1181,13:39:40,25.69,-0.01,54,138726,卖盘
1182,13:39:31,25.7,--,216,555120,卖盘
1183,13:39:28,25.7,--,5,12850,卖盘
1184,13:39:25,25.7,--,19,48830,卖盘
1185,13:39:22,25.7,--,3,7710,卖盘
1186,13:39:19,25.7,--,2,5140,卖盘
1187,13:39:16,25.7,--,46,118220,卖盘
1188,13:39:13,25.7,-0.01,114,292980,卖盘
1189,13:39:07,25.71,--,11,28281,买盘
1190,13:39:04,25.71,0.01,58,149118,买盘
1191,13:39:01,25.7,--,6,15420,卖盘
1192,13:38:58,25.7,--,2,5140,卖盘
1193,13:38:55,25.7,--,21,53970,卖盘
1194,13:38:52,25.7,--,12,30840,卖盘
1195,13:38:46,25.7,--,22,56540,卖盘
1196,13:38:43,25.7,-0.01,14,35980,卖盘
1197,13:38:40,25.71,--,64,164544,买盘
1198,13:38:37,25.71,--,251,645321,买盘
1199,13:38:28,25.71,--,11,28281,卖盘
1200,13:38:25,25.71,--,23,59133,卖盘
1201,13:38:22,25.71,--,3,7713,卖盘
1202,13:38:19,25.71,--,7,17997,卖盘
1203,13:38:13,25.71,--,20,51420,买盘
1204,13:38:07,25.71,--,11,28281,卖盘
1205,13:38:04,25.71,--,3,7713,买盘
1206,13:38:01,25.71,--,1,2571,卖盘
1207,13:37:55,25.71,--,51,131121,卖盘
1208,13:37:52,25.71,--,20,51420,卖盘
1209,13:37:49,25.71,--,5,12855,卖盘
1210,13:37:46,25.71,-0.01,22,56562,卖盘
1211,13:37:40,25.72,0.01,8,20576,买盘
1212,13:37:34,25.71,--,28,71988,卖盘
1213,13:37:31,25.71,--,11,28281,卖盘
1214,13:37:25,25.71,--,10,25710,买盘
1215,13:37:22,25.71,0.01,11,28281,买盘
1216,13:37:16,25.7,--,20,51400,卖盘
1217,13:37:13,25.7,-0.01,7,17990,卖盘
1218,13:37:07,25.71,-0.01,2,5142,卖盘
1219,13:37:01,25.72,0.02,43,110596,买盘
1220,13:36:58,25.7,--,20,51400,卖盘
1221,13:36:55,25.7,--,108,277560,卖盘
1222,13:36:49,25.7,--,6,15420,卖盘
1223,13:36:46,25.7,--,5,12850,卖盘
1224,13:36:43,25.7,--,23,59110,卖盘
1225,13:36:40,25.7,--,14,35980,卖盘
1226,13:36:37,25.7,-0.01,22,56540,卖盘
1227,13:36:34,25.71,0.02,66,169686,买盘
1228,13:36:31,25.69,-0.01,15,38535,卖盘
1229,13:36:28,25.7,0.01,24,61680,买盘
1230,13:36:25,25.69,-0.01,104,267176,卖盘
1231,13:36:22,25.7,--,36,92520,买盘
1232,13:36:19,25.7,--,15,38550,买盘
1233,13:36:04,25.7,--,18,46260,卖盘
1234,13:36:01,25.7,-0.01,10,25700,卖盘
1235,13:35:58,25.71,0.01,3,7713,买盘
1236,13:35:55,25.7,--,59,151630,卖盘
1237,13:35:52,25.7,--,4,10280,卖盘
1238,13:35:46,25.7,--,21,53970,卖盘
1239,13:35:37,25.7,-0.01,2,5140,卖盘
1240,13:35:31,25.71,--,10,25710,卖盘
1241,13:35:25,25.71,--,19,48849,卖盘
1242,13:35:19,25.71,--,1,2571,卖盘
1243,13:35:16,25.71,--,5,12855,卖盘
1244,13:35:10,25.71,--,5,12855,卖盘
1245,13:35:07,25.71,0.01,22,56562,买盘
1246,13:35:01,25.7,-0.01,54,138780,卖盘
1247,13:34:58,25.71,--,45,115695,买盘
1248,13:34:49,25.71,--,1,2571,买盘
1249,13:34:43,25.71,--,3,7713,买盘
1250,13:34:37,25.71,--,10,25710,买盘
1251,13:34:28,25.71,0.02,37,95127,买盘
1252,13:34:16,25.69,-0.01,1,2569,卖盘
1253,13:34:13,25.7,--,2,5140,中性盘
1254,13:34:10,25.7,--,10,25700,卖盘
1255,13:34:07,25.7,-0.01,16,41120,卖盘
1256,13:34:04,25.71,--,1,2571,买盘
1257,13:34:01,25.71,--,86,221106,买盘
1258,13:33:55,25.71,-0.01,5,12855,卖盘
1259,13:33:46,25.72,--,2,5144,买盘
1260,13:33:43,25.72,--,9,23148,买盘
1261,13:33:40,25.72,-0.01,46,118312,卖盘
1262,13:33:34,25.73,--,205,527465,买盘
1263,13:33:31,25.73,0.01,1,2573,买盘
1264,13:33:28,25.72,-0.01,13,33436,卖盘
1265,13:33:22,25.73,0.01,32,82336,买盘
1266,13:33:19,25.72,-0.01,2,5144,卖盘
1267,13:33:16,25.73,--,31,79763,买盘
1268,13:32:52,25.73,--,43,110639,买盘
1269,13:32:49,25.73,-0.01,3,7719,中性盘
1270,13:32:40,25.74,0.06,20,51480,买盘
1271,13:32:34,25.68,-0.06,110,282480,卖盘
1272,13:32:31,25.74,0.01,4,10296,买盘
1273,13:32:28,25.73,-0.01,2,5146,卖盘
1274,13:32:25,25.74,0.01,33,84942,买盘
1275,13:32:22,25.73,0.05,67,172391,买盘
1276,13:32:19,25.68,-0.02,8,20544,卖盘
1277,13:32:07,25.7,-0.03,2,5140,中性盘
1278,13:31:58,25.73,0.06,6,15438,买盘
1279,13:31:55,25.67,--,19,48773,卖盘
1280,13:31:49,25.67,-0.03,96,246432,卖盘
1281,13:31:46,25.7,-0.03,20,51400,中性盘
1282,13:31:43,25.73,0.06,43,110639,买盘
1283,13:31:34,25.67,-0.04,33,84711,卖盘
1284,13:31:31,25.71,0.02,22,56562,买盘
1285,13:31:25,25.69,0.02,5,12845,买盘
1286,13:31:22,25.67,-0.03,64,164288,卖盘
1287,13:31:19,25.7,0.02,2,5140,买盘
1288,13:31:13,25.68,-0.05,6,15408,中性盘
1289,13:31:04,25.73,0.05,194,499162,买盘
1290,13:31:01,25.68,--,6,15408,买盘
1291,13:30:58,25.68,-0.01,183,469944,卖盘
1292,13:30:55,25.69,-0.01,196,503524,卖盘
1293,13:30:49,25.7,--,43,110510,买盘
1294,13:30:46,25.7,0.01,194,498580,买盘
1295,13:30:43,25.69,0.01,5,12845,买盘
1296,13:30:40,25.68,--,15,38520,卖盘
1297,13:30:37,25.68,-0.01,196,503328,卖盘
1298,13:30:22,25.69,0.01,40,102760,买盘
1299,13:30:19,25.68,--,3,7704,卖盘
1300,13:30:16,25.68,--,9,23112,买盘
1301,13:30:13,25.68,--,130,333840,买盘
1302,13:30:04,25.68,--,14,35952,买盘
1303,13:29:58,25.68,--,24,61632,买盘
1304,13:29:52,25.68,--,7,17976,买盘
1305,13:29:49,25.68,--,225,577800,卖盘
1306,13:29:46,25.68,--,61,156648,卖盘
1307,13:29:40,25.68,--,1,2568,卖盘
1308,13:29:37,25.68,--,37,95016,卖盘
1309,13:29:34,25.68,0.02,254,652272,买盘
1310,13:29:31,25.66,--,61,156526,买盘
1311,13:29:28,25.66,--,1,2566,买盘
1312,13:29:25,25.66,--,8,20528,买盘
1313,13:29:22,25.66,-0.01,27,69282,卖盘
1314,13:29:16,25.67,--,23,59041,卖盘
1315,13:29:13,25.67,--,23,59041,卖盘
1316,13:29:10,25.67,--,10,25670,卖盘
1317,13:29:07,25.67,0.02,263,675121,买盘
1318,13:29:01,25.65,-0.02,120,307800,卖盘
1319,13:28:58,25.67,--,10,25670,买盘
1320,13:28:55,25.67,0.01,4,10268,买盘
1321,13:28:46,25.66,-0.01,110,282260,卖盘
1322,13:28:43,25.67,--,20,51340,买盘
1323,13:28:40,25.67,-0.01,56,143752,卖盘
1324,13:28:37,25.68,--,1,2568,卖盘
1325,13:28:34,25.68,-0.01,1,2568,买盘
1326,13:28:31,25.69,--,10,25690,买盘
1327,13:28:28,25.69,--,304,780976,买盘
1328,13:28:19,25.69,--,10,25690,买盘
1329,13:28:16,25.69,-0.01,140,359660,卖盘
1330,13:28:13,25.7,0.01,5,12850,买盘
1331,13:28:10,25.69,-0.01,10,25690,卖盘
1332,13:28:07,25.7,0.01,10,25700,买盘
1333,13:28:04,25.69,-0.01,1,2569,卖盘
1334,13:27:58,25.7,--,10,25700,买盘
1335,13:27:55,25.7,--,39,100230,卖盘
1336,13:27:52,25.7,--,31,79670,卖盘
1337,13:27:46,25.7,--,9,23130,卖盘
1338,13:27:40,25.7,-0.01,18,46260,卖盘
1339,13:27:37,25.71,--,2,5142,买盘
1340,13:27:31,25.71,-0.01,30,77130,卖盘
1341,13:27:28,25.72,0.01,3,7716,买盘
1342,13:27:25,25.71,--,47,120837,卖盘
1343,13:27:22,25.71,--,15,38565,卖盘
1344,13:27:19,25.71,-0.01,23,59133,卖盘
1345,13:27:16,25.72,0.01,1,2572,买盘
1346,13:27:10,25.71,-0.01,24,61704,卖盘
1347,13:27:07,25.72,--,22,56584,卖盘
1348,13:27:04,25.72,-0.01,38,97736,卖盘
1349,13:27:01,25.73,--,20,51460,买盘
1350,13:26:58,25.73,0.01,144,370512,买盘
1351,13:26:52,25.72,-0.01,15,38580,卖盘
1352,13:26:49,25.73,--,26,66898,卖盘
1353,13:26:46,25.73,--,84,216132,卖盘
1354,13:26:43,25.73,-0.01,13,33449,卖盘
1355,13:26:40,25.74,--,9,23166,买盘
1356,13:26:31,25.74,-0.01,1,2574,卖盘
1357,13:26:25,25.75,0.01,86,221450,买盘
1358,13:26:22,25.74,-0.01,24,61775,卖盘
1359,13:26:16,25.75,0.01,82,211150,买盘
1360,13:26:10,25.74,-0.01,86,221364,卖盘
1361,13:26:07,25.75,--,99,254925,卖盘
1362,13:26:04,25.75,--,6,15450,卖盘
1363,13:26:01,25.75,--,26,66950,卖盘
1364,13:25:58,25.75,--,11,28325,卖盘
1365,13:25:55,25.75,--,3,7725,卖盘
1366,13:25:52,25.75,--,300,772500,卖盘
1367,13:25:49,25.75,-0.01,57,146775,卖盘
1368,13:25:46,25.76,--,48,123648,买盘
1369,13:25:40,25.76,--,4,10304,买盘
1370,13:25:31,25.76,-0.01,27,69552,卖盘
1371,13:25:28,25.77,0.01,1,2577,买盘
1372,13:25:22,25.76,--,10,25760,卖盘
1373,13:25:19,25.76,--,63,162288,卖盘
1374,13:25:16,25.76,-0.01,37,95312,卖盘
1375,13:25:13,25.77,0.01,80,206160,买盘
1376,13:25:07,25.76,-0.01,50,128800,卖盘
1377,13:25:01,25.77,--,2,5154,买盘
1378,13:24:58,25.77,-0.01,5,12885,卖盘
1379,13:24:52,25.78,--,103,265534,买盘
1380,13:24:49,25.78,0.01,5,12890,买盘
1381,13:24:43,25.77,--,10,25770,卖盘
1382,13:24:40,25.77,-0.01,2,5154,卖盘
1383,13:24:37,25.78,0.01,64,164992,买盘
1384,13:24:34,25.77,-0.02,51,131427,卖盘
1385,13:24:28,25.79,0.02,38,98002,买盘
1386,13:24:25,25.77,--,24,61848,卖盘
1387,13:24:22,25.77,--,21,54117,卖盘
1388,13:24:19,25.77,--,18,46386,买盘
1389,13:24:13,25.77,--,5,12885,买盘
1390,13:24:07,25.77,0.01,1,2577,买盘
1391,13:24:04,25.76,-0.01,47,121072,卖盘
1392,13:24:01,25.77,0.01,13,33501,中性盘
1393,13:23:58,25.76,--,44,113344,卖盘
1394,13:23:55,25.76,--,6,15456,卖盘
1395,13:23:49,25.76,-0.01,14,36064,卖盘
1396,13:23:46,25.77,0.01,55,141735,买盘
1397,13:23:43,25.76,-0.03,5,12880,卖盘
1398,13:23:40,25.79,0.02,330,851070,买盘
1399,13:23:31,25.77,--,8,20616,买盘
1400,13:23:28,25.77,--,8,20616,卖盘
1401,13:23:22,25.77,--,2,5154,卖盘
1402,13:23:19,25.77,--,44,113388,卖盘
1403,13:23:16,25.77,--,11,28347,卖盘
1404,13:23:13,25.77,--,20,51540,卖盘
1405,13:23:10,25.77,--,22,56694,卖盘
1406,13:23:04,25.77,--,4,10308,卖盘
1407,13:23:01,25.77,-0.01,6,15462,卖盘
1408,13:22:52,25.78,--,40,103120,买盘
1409,13:22:49,25.78,--,17,43826,卖盘
1410,13:22:46,25.78,--,19,48982,卖盘
1411,13:22:43,25.78,-0.01,13,33514,卖盘
1412,13:22:40,25.79,0.01,9,23211,买盘
1413,13:22:37,25.78,--,36,92808,卖盘
1414,13:22:34,25.78,-0.01,8,20624,卖盘
1415,13:22:31,25.79,--,4,10316,买盘
1416,13:22:28,25.79,--,13,33527,买盘
1417,13:22:25,25.79,-0.01,5,12895,中性盘
1418,13:22:22,25.8,--,14,36120,买盘
1419,13:22:19,25.8,--,42,108360,买盘
1420,13:22:16,25.8,0.01,126,325080,买盘
1421,13:22:13,25.79,-0.01,19,49001,卖盘
1422,13:22:07,25.8,--,12,30960,买盘
1423,13:22:04,25.8,--,46,118680,买盘
1424,13:21:58,25.8,0.01,30,77400,买盘
1425,13:21:52,25.79,-0.01,82,211503,卖盘
1426,13:21:49,25.8,0.01,61,157380,买盘
1427,13:21:46,25.79,-0.01,5,12895,卖盘
1428,13:21:43,25.8,--,640,1651200,买盘
1429,13:21:40,25.8,0.02,73,188340,买盘
1430,13:21:37,25.78,-0.01,38,97964,卖盘
1431,13:21:34,25.79,0.01,121,312059,买盘
1432,13:21:27,25.78,-0.01,1,2578,卖盘
1433,13:21:24,25.79,0.01,7,18053,买盘
1434,13:21:21,25.78,-0.01,399,1028622,卖盘
1435,13:21:18,25.79,--,3,7737,买盘
1436,13:21:15,25.79,0.01,15,38685,买盘
1437,13:21:12,25.78,--,5,12890,卖盘
1438,13:21:09,25.78,--,4,10312,卖盘
1439,13:21:06,25.78,--,94,244884,买盘
1440,13:21:03,25.78,0.02,134,345452,买盘
1441,13:20:57,25.76,--,2,5152,卖盘
1442,13:20:54,25.76,-0.02,21,54096,卖盘
1443,13:20:51,25.78,--,5,12890,买盘
1444,13:20:48,25.78,0.03,10,25780,买盘
1445,13:20:42,25.75,--,1,2575,卖盘
1446,13:20:39,25.75,-0.02,23,59225,卖盘
1447,13:20:36,25.77,0.02,159,409743,买盘
1448,13:20:33,25.75,--,66,169950,卖盘
1449,13:20:30,25.75,--,7,18025,卖盘
1450,13:20:27,25.75,0.01,194,499550,买盘
1451,13:20:24,25.74,-0.01,3,7721,卖盘
1452,13:20:21,25.75,--,219,563925,买盘
1453,13:20:18,25.75,--,18,46350,买盘
1454,13:20:15,25.75,0.01,5,12875,买盘
1455,13:20:12,25.74,--,10,25740,卖盘
1456,13:20:09,25.74,--,2,5148,卖盘
1457,13:20:06,25.74,0.01,195,501929,买盘
1458,13:20:03,25.73,-0.01,8,20584,卖盘
1459,13:20:00,25.74,0.01,9,23166,买盘
1460,13:19:51,25.73,--,1,2573,卖盘
1461,13:19:48,25.73,-0.01,3,7719,卖盘
1462,13:19:45,25.74,0.01,9,23166,买盘
1463,13:19:42,25.73,--,47,120931,买盘
1464,13:19:36,25.73,0.01,12,30876,买盘
1465,13:19:33,25.72,-0.01,6,15432,卖盘
1466,13:19:30,25.73,--,12,30876,买盘
1467,13:19:27,25.73,--,16,41168,买盘
1468,13:19:24,25.73,--,1,2573,买盘
1469,13:19:18,25.73,--,1,2573,买盘
1470,13:19:15,25.73,0.01,6,15438,买盘
1471,13:19:12,25.72,--,8,20576,卖盘
1472,13:19:09,25.72,--,15,38580,卖盘
1473,13:19:00,25.72,--,83,213476,买盘
1474,13:18:51,25.72,0.01,5,12860,买盘
1475,13:18:45,25.71,--,15,38565,卖盘
1476,13:18:42,25.71,0.01,19,48849,买盘
1477,13:18:36,25.7,-0.01,30,77100,卖盘
1478,13:18:33,25.71,--,24,61704,买盘
1479,13:18:27,25.71,0.01,2,5142,买盘
1480,13:18:24,25.7,-0.01,2,5140,卖盘
1481,13:18:21,25.71,--,4,10284,买盘
1482,13:18:18,25.71,0.01,10,25710,买盘
1483,13:18:15,25.7,-0.01,10,25700,卖盘
1484,13:18:12,25.71,-0.01,64,164544,卖盘
1485,13:18:06,25.72,0.01,113,290636,买盘
1486,13:18:03,25.71,--,6,15426,卖盘
1487,13:18:00,25.71,--,10,25710,卖盘
1488,13:17:54,25.71,--,19,48849,卖盘
1489,13:17:48,25.71,--,52,133692,卖盘
1490,13:17:39,25.71,--,5,12855,卖盘
1491,13:17:36,25.71,--,3,7713,卖盘
1492,13:17:33,25.71,0.01,199,511629,买盘
1493,13:17:30,25.7,--,30,77100,买盘
1494,13:17:27,25.7,0.01,2,5140,买盘
1495,13:17:18,25.69,--,30,77070,卖盘
1496,13:17:15,25.69,--,9,23660,买盘
1497,13:17:12,25.69,--,4,12305,卖盘
1498,13:17:09,25.69,--,67,172123,卖盘
1499,13:17:06,25.69,--,13,33397,卖盘
1500,13:17:03,25.69,--,7,17983,卖盘
1501,13:16:57,25.69,--,27,70724,卖盘
1502,13:16:54,25.69,-0.01,7,17983,卖盘
1503,13:16:48,25.7,0.01,10,25700,买盘
1504,13:16:45,25.69,-0.01,12,30828,卖盘
1505,13:16:42,25.7,--,2,5140,买盘
1506,13:16:36,25.7,--,7,17990,买盘
1507,13:16:33,25.7,--,1,2570,买盘
1508,13:16:21,25.7,--,34,87380,卖盘
1509,13:16:18,25.7,--,5,12850,卖盘
1510,13:16:15,25.7,--,15,38550,卖盘
1511,13:16:06,25.7,-0.01,18,46260,卖盘
1512,13:16:03,25.71,0.01,3,7713,买盘
1513,13:16:00,25.7,-0.01,21,53970,卖盘
1514,13:15:57,25.71,--,2,5142,买盘
1515,13:15:54,25.71,--,57,146547,买盘
1516,13:15:51,25.71,0.01,2,5142,买盘
1517,13:15:45,25.7,--,80,205600,卖盘
1518,13:15:42,25.7,-0.01,20,51400,卖盘
1519,13:15:36,25.71,--,70,179970,买盘
1520,13:15:33,25.71,--,1,2571,买盘
1521,13:15:30,25.71,--,6,15426,卖盘
1522,13:15:27,25.71,--,1,2571,卖盘
1523,13:15:24,25.71,--,18,46278,买盘
1524,13:15:18,25.71,--,5,12855,买盘
1525,13:15:15,25.71,0.01,5,12855,买盘
1526,13:15:09,25.7,-0.01,25,65457,卖盘
1527,13:15:06,25.71,--,1,2571,卖盘
1528,13:15:00,25.71,--,11,28281,卖盘
1529,13:14:57,25.71,--,51,131352,卖盘
1530,13:14:54,25.71,--,36,92556,卖盘
1531,13:14:51,25.71,--,7,17997,卖盘
1532,13:14:48,25.71,--,5,12855,卖盘
1533,13:14:45,25.71,--,29,75690,卖盘
1534,13:14:42,25.71,--,35,89985,卖盘
1535,13:14:36,25.71,--,5,12855,卖盘
1536,13:14:33,25.71,--,55,141405,卖盘
1537,13:14:27,25.71,0.01,145,372795,买盘
1538,13:14:24,25.7,--,1,2570,卖盘
1539,13:14:21,25.7,--,13,33410,卖盘
1540,13:14:18,25.7,--,45,116935,卖盘
1541,13:14:12,25.7,--,17,43690,卖盘
1542,13:14:09,25.7,-0.01,25,64250,卖盘
1543,13:14:03,25.71,--,13,33423,买盘
1544,13:14:00,25.71,--,1,2571,买盘
1545,13:13:57,25.71,--,21,53991,买盘
1546,13:13:51,25.71,--,18,46278,买盘
1547,13:13:48,25.71,--,32,82272,买盘
1548,13:13:42,25.71,-0.01,94,241674,卖盘
1549,13:13:39,25.72,0.01,23,59156,买盘
1550,13:13:36,25.71,--,20,51420,卖盘
1551,13:13:33,25.71,--,4,10284,卖盘
1552,13:13:27,25.71,-0.01,18,46278,卖盘
1553,13:13:18,25.72,0.01,21,54012,买盘
1554,13:13:09,25.71,0.01,34,87414,买盘
1555,13:13:06,25.7,-0.01,1,2570,卖盘
1556,13:13:03,25.71,--,50,128550,买盘
1557,13:13:00,25.71,--,13,33423,买盘
1558,13:12:57,25.71,--,10,25710,买盘
1559,13:12:54,25.71,-0.02,129,331659,卖盘
1560,13:12:42,25.73,0.01,10,25730,买盘
1561,13:12:39,25.72,--,9,24434,卖盘
1562,13:12:30,25.72,-0.01,14,36008,卖盘
1563,13:12:27,25.73,--,2,5146,卖盘
1564,13:12:24,25.73,0.01,10,27016,买盘
1565,13:12:21,25.72,--,33,86162,卖盘
1566,13:12:15,25.72,--,16,41152,卖盘
1567,13:12:12,25.72,-0.01,60,154320,卖盘
1568,13:12:09,25.73,--,26,68184,买盘
1569,13:12:06,25.73,0.01,2,5146,买盘
1570,13:12:00,25.72,-0.01,5,12860,卖盘
1571,13:11:57,25.73,--,4,10292,买盘
1572,13:11:54,25.73,0.01,10,25730,买盘
1573,13:11:51,25.72,--,40,102880,卖盘
1574,13:11:45,25.72,-0.01,3,7716,卖盘
1575,13:11:42,25.73,--,15,38595,买盘
1576,13:11:36,25.73,--,19,48887,买盘
1577,13:11:30,25.73,0.01,27,69471,买盘
1578,13:11:27,25.72,-0.01,5,12860,卖盘
1579,13:11:24,25.73,0.01,10,25730,买盘
1580,13:11:21,25.72,--,6,15432,卖盘
1581,13:11:18,25.72,0.01,7,18004,买盘
1582,13:11:12,25.71,--,10,25710,卖盘
1583,13:11:09,25.71,--,6,15426,卖盘
1584,13:11:06,25.71,-0.01,20,51420,卖盘
1585,13:11:03,25.72,0.01,29,74588,买盘
1586,13:10:54,25.71,-0.02,15,38565,中性盘
1587,13:10:42,25.73,--,28,72044,买盘
1588,13:10:39,25.73,0.02,4,10292,买盘
1589,13:10:33,25.71,-0.02,20,51420,卖盘
1590,13:10:27,25.73,--,10,25730,买盘
1591,13:10:24,25.73,--,38,97774,买盘
1592,13:10:12,25.73,-0.01,2,5146,卖盘
1593,13:10:00,25.74,--,5,12870,买盘
1594,13:09:54,25.74,-0.01,110,285533,卖盘
1595,13:09:48,25.75,--,2,5150,买盘
1596,13:09:42,25.75,--,4,10300,买盘
1597,13:09:39,25.75,--,6,17999,卖盘
1598,13:09:33,25.75,-0.01,16,41225,卖盘
1599,13:09:30,25.76,0.01,13,33488,买盘
1600,13:09:27,25.75,--,48,123600,卖盘
1601,13:09:24,25.75,-0.01,12,30900,卖盘
1602,13:09:18,25.76,0.01,25,64400,买盘
1603,13:09:15,25.75,--,27,69525,卖盘
1604,13:09:12,25.75,-0.01,4,10300,卖盘
1605,13:09:09,25.76,0.01,130,334880,买盘
1606,13:09:03,25.75,--,13,33475,卖盘
1607,13:09:00,25.75,--,1,2575,卖盘
1608,13:08:57,25.75,--,10,25750,卖盘
1609,13:08:54,25.75,--,15,38625,卖盘
1610,13:08:51,25.75,--,53,136475,卖盘
1611,13:08:48,25.75,-0.01,4,10300,卖盘
1612,13:08:45,25.76,0.01,4,10304,买盘
1613,13:08:42,25.75,--,38,97850,中性盘
1614,13:08:36,25.75,0.01,50,128750,买盘
1615,13:08:33,25.74,--,3,7721,卖盘
1616,13:08:30,25.74,-0.01,2,5148,卖盘
1617,13:08:24,25.75,0.01,36,92700,买盘
1618,13:08:21,25.74,--,25,64349,卖盘
1619,13:08:15,25.74,-0.01,6,15443,卖盘
1620,13:08:09,25.75,0.01,2,5150,买盘
1621,13:08:06,25.74,-0.01,4,10296,卖盘
1622,13:08:03,25.75,--,2,5150,买盘
1623,13:08:00,25.75,-0.01,6,15450,买盘
1624,13:07:54,25.76,0.01,7,18032,买盘
1625,13:07:48,25.75,--,24,61800,卖盘
1626,13:07:45,25.75,--,23,59225,卖盘
1627,13:07:42,25.75,--,24,61800,卖盘
1628,13:07:39,25.75,--,20,51500,卖盘
1629,13:07:33,25.75,-0.01,21,54075,卖盘
1630,13:07:30,25.76,0.01,51,131376,买盘
1631,13:07:21,25.75,--,5,12875,买盘
1632,13:07:09,25.75,-0.01,5,12875,中性盘
1633,13:07:06,25.76,0.01,32,83230,买盘
1634,13:06:57,25.75,--,5,14651,买盘
1635,13:06:54,25.75,--,61,157075,买盘
1636,13:06:51,25.75,0.01,5,12875,买盘
1637,13:06:48,25.74,--,2,5148,卖盘
1638,13:06:45,25.74,-0.01,2,5148,卖盘
1639,13:06:42,25.75,0.01,52,133900,买盘
1640,13:06:39,25.74,-0.01,10,25740,卖盘
1641,13:06:36,25.75,--,2,5150,买盘
1642,13:06:33,25.75,-0.01,66,169950,卖盘
1643,13:06:30,25.76,0.02,24,61824,买盘
1644,13:06:24,25.74,-0.01,30,77220,卖盘
1645,13:06:21,25.75,--,4,10300,卖盘
1646,13:06:18,25.75,--,3,7725,卖盘
1647,13:06:15,25.75,--,136,350380,买盘
1648,13:06:09,25.75,--,4,10300,买盘
1649,13:06:06,25.75,0.01,10,25750,买盘
1650,13:06:03,25.74,--,61,157014,卖盘
1651,13:06:00,25.74,-0.01,40,102960,卖盘
1652,13:05:57,25.75,--,20,51500,买盘
1653,13:05:51,25.75,--,2,5150,买盘
1654,13:05:48,25.75,0.01,9,23175,买盘
1655,13:05:45,25.74,--,68,175032,卖盘
1656,13:05:42,25.74,-0.01,3,7721,卖盘
1657,13:05:36,25.75,0.01,34,87550,买盘
1658,13:05:33,25.74,-0.01,5,12870,卖盘
1659,13:05:30,25.75,--,4,10300,买盘
1660,13:05:27,25.75,0.01,71,182825,买盘
1661,13:05:21,25.74,--,4,10296,卖盘
1662,13:05:18,25.74,-0.01,9,23166,卖盘
1663,13:05:15,25.75,0.01,2,5150,买盘
1664,13:05:12,25.74,--,12,30887,卖盘
1665,13:05:09,25.74,--,28,72072,卖盘
1666,13:05:06,25.74,-0.01,25,64349,卖盘
1667,13:05:03,25.75,0.01,17,43775,买盘
1668,13:05:00,25.74,--,4,10296,卖盘
1669,13:04:57,25.74,--,62,159588,卖盘
1670,13:04:54,25.74,--,15,38610,卖盘
1671,13:04:51,25.74,0.01,47,120977,买盘
1672,13:04:48,25.73,--,2,5146,卖盘
1673,13:04:42,25.73,--,9,23157,卖盘
1674,13:04:39,25.73,--,3,7719,卖盘
1675,13:04:33,25.73,0.02,73,187829,买盘
1676,13:04:30,25.71,-0.02,161,413931,卖盘
1677,13:04:27,25.73,-0.01,116,298468,中性盘
1678,13:04:24,25.74,0.03,38,97812,买盘
1679,13:04:21,25.71,-0.02,204,524484,卖盘
1680,13:04:15,25.73,0.02,17,43741,中性盘
1681,13:04:09,25.71,-0.02,130,334230,卖盘
1682,13:04:06,25.73,--,61,156953,卖盘
1683,13:04:03,25.73,-0.01,25,64325,卖盘
1684,13:04:00,25.74,--,15,38610,卖盘
1685,13:03:57,25.74,0.01,17,45508,买盘
1686,13:03:54,25.73,-0.01,10,25730,卖盘
1687,13:03:51,25.74,--,4,10296,买盘
1688,13:03:45,25.74,-0.01,5,13693,卖盘
1689,13:03:39,25.75,--,22,56650,卖盘
1690,13:03:36,25.75,--,10,25750,卖盘
1691,13:03:30,25.75,--,30,77250,卖盘
1692,13:03:27,25.75,--,1,2575,卖盘
1693,13:03:24,25.75,--,127,328776,买盘
1694,13:03:21,25.75,0.01,40,103000,买盘
1695,13:03:18,25.74,--,4,10296,卖盘
1696,13:03:15,25.74,-0.01,20,51480,卖盘
1697,13:03:12,25.75,--,12,30900,买盘
1698,13:03:09,25.75,0.01,26,66950,买盘
1699,13:03:06,25.74,--,45,115830,买盘
1700,13:03:03,25.74,--,17,43758,买盘
1701,13:03:00,25.74,-0.01,4,10296,中性盘
1702,13:02:57,25.75,--,52,134724,买盘
1703,13:02:54,25.75,0.01,10,25750,买盘
1704,13:02:48,25.74,--,15,38610,卖盘
1705,13:02:42,25.74,0.01,163,421312,买盘
1706,13:02:39,25.73,0.01,13,33449,中性盘
1707,13:02:36,25.72,-0.02,12,30864,卖盘
1708,13:02:32,25.74,--,134,344916,买盘
1709,13:02:23,25.74,0.01,42,108108,买盘
1710,13:02:20,25.73,-0.01,76,195548,中性盘
1711,13:02:17,25.74,0.02,201,517373,买盘
1712,13:02:14,25.72,--,127,326644,卖盘
1713,13:02:08,25.72,--,15,38580,卖盘
1714,13:02:05,25.72,--,54,138888,买盘
1715,13:01:59,25.72,0.01,20,51440,买盘
1716,13:01:56,25.71,--,12,31983,买盘
1717,13:01:53,25.71,--,39,100269,买盘
1718,13:01:50,25.71,--,159,408789,买盘
1719,13:01:47,25.71,0.01,51,131121,买盘
1720,13:01:44,25.7,--,102,262140,卖盘
1721,13:01:35,25.7,--,72,185040,买盘
1722,13:01:29,25.7,--,10,25700,买盘
1723,13:01:26,25.7,0.01,34,87380,买盘
1724,13:01:23,25.69,--,92,236348,买盘
1725,13:01:14,25.69,0.01,3,7707,买盘
1726,13:01:11,25.68,-0.01,24,61632,中性盘
1727,13:01:05,25.69,0.01,104,267176,买盘
1728,13:01:02,25.68,0.01,16,41088,买盘
1729,13:00:53,25.67,--,5,12835,买盘
1730,13:00:50,25.67,--,6,15402,买盘
1731,13:00:47,25.67,--,14,35938,买盘
1732,13:00:44,25.67,--,20,51340,买盘
1733,13:00:41,25.67,0.01,20,51340,买盘
1734,13:00:38,25.66,--,497,1275302,买盘
1735,13:00:35,25.66,--,106,271996,买盘
1736,13:00:32,25.66,--,876,2247816,买盘
1737,13:00:29,25.66,--,233,597878,买盘
1738,13:00:26,25.66,--,200,513200,买盘
1739,13:00:23,25.66,0.01,37,94942,买盘
1740,13:00:17,25.65,-0.01,1,2565,卖盘
1741,13:00:14,25.66,--,23,59018,买盘
1742,13:00:11,25.66,0.01,256,656896,买盘
1743,13:00:08,25.65,0.01,345,884925,买盘
1744,13:00:02,25.64,-0.01,543,1392252,卖盘
1745,11:29:55,25.65,--,18,46170,买盘
1746,11:29:49,25.65,--,3,7695,买盘
1747,11:29:46,25.65,--,43,110295,买盘
1748,11:29:43,25.65,0.01,18,46170,买盘
1749,11:29:40,25.64,-0.01,5,12820,卖盘
1750,11:29:37,25.65,--,8,20520,买盘
1751,11:29:34,25.65,--,1,2565,买盘
1752,11:29:31,25.65,0.01,22,56430,买盘
1753,11:29:25,25.64,-0.01,8,20512,卖盘
1754,11:29:19,25.65,--,3,7695,买盘
1755,11:29:13,25.65,--,1,2565,买盘
1756,11:29:10,25.65,-0.01,100,256500,卖盘
1757,11:29:04,25.66,0.01,19,48754,买盘
1758,11:29:01,25.65,-0.01,19,48735,卖盘
1759,11:28:58,25.66,0.01,2,5132,买盘
1760,11:28:55,25.65,--,1,2565,卖盘
1761,11:28:52,25.65,--,2,5130,卖盘
1762,11:28:49,25.65,--,7,17955,卖盘
1763,11:28:46,25.65,-0.01,14,35910,卖盘
1764,11:28:43,25.66,--,21,53886,买盘
1765,11:28:40,25.66,0.01,3,7698,买盘
1766,11:28:37,25.65,-0.01,23,58995,中性盘
1767,11:28:31,25.66,0.01,130,333580,买盘
1768,11:28:28,25.65,--,1,2565,卖盘
1769,11:28:25,25.65,-0.01,5,12825,中性盘
1770,11:28:22,25.66,0.01,22,56452,买盘
1771,11:28:13,25.65,0.03,4,10260,买盘
1772,11:28:10,25.62,-0.04,306,783972,卖盘
1773,11:28:07,25.66,--,18,46188,买盘
1774,11:28:04,25.66,--,47,120602,买盘
1775,11:28:01,25.66,--,1,2566,买盘
1776,11:27:58,25.66,0.01,20,51320,买盘
1777,11:27:52,25.65,-0.01,38,97470,卖盘
1778,11:27:46,25.66,--,7,17962,买盘
1779,11:27:43,25.66,--,12,30792,买盘
1780,11:27:40,25.66,--,17,43622,买盘
1781,11:27:37,25.66,--,81,207846,卖盘
1782,11:27:34,25.66,-0.01,1,2566,卖盘
1783,11:27:28,25.67,0.01,4,10268,买盘
1784,11:27:25,25.66,--,10,25660,卖盘
1785,11:27:22,25.66,-0.01,25,64150,卖盘
1786,11:27:16,25.67,0.01,22,56474,买盘
1787,11:27:13,25.66,--,36,92376,卖盘
1788,11:27:10,25.66,-0.01,2,5132,卖盘
1789,11:27:04,25.67,--,16,41072,买盘
1790,11:27:01,25.67,0.01,17,43639,买盘
1791,11:26:58,25.66,--,11,28226,卖盘
1792,11:26:49,25.66,--,26,66716,卖盘
1793,11:26:43,25.66,-0.01,4,10264,卖盘
1794,11:26:40,25.67,0.01,39,100113,买盘
1795,11:26:37,25.66,--,7,17962,卖盘
1796,11:26:34,25.66,--,2,5132,卖盘
1797,11:26:31,25.66,--,26,66716,卖盘
1798,11:26:28,25.66,--,8,20528,卖盘
1799,11:26:25,25.66,--,5,12830,卖盘
1800,11:26:22,25.66,--,30,76980,卖盘
1801,11:26:19,25.66,--,17,43622,卖盘
1802,11:26:16,25.66,-0.01,83,212978,卖盘
1803,11:26:07,25.67,--,58,148886,买盘
1804,11:26:04,25.67,--,5,12835,买盘
1805,11:26:01,25.67,-0.01,15,38505,买盘
1806,11:25:58,25.68,0.01,25,64200,买盘
1807,11:25:52,25.67,--,3,7701,卖盘
1808,11:25:46,25.67,--,2,5134,卖盘
1809,11:25:40,25.67,-0.01,10,25670,卖盘
1810,11:25:28,25.68,0.01,10,25680,买盘
1811,11:25:22,25.67,-0.01,4,10268,卖盘
1812,11:25:19,25.68,--,18,46224,卖盘
1813,11:25:16,25.68,-0.01,100,256800,卖盘
1814,11:25:13,25.69,--,8,20552,卖盘
1815,11:25:10,25.69,-0.01,3,7707,卖盘
1816,11:25:07,25.7,0.01,20,51400,买盘
1817,11:25:01,25.69,--,3,7707,买盘
1818,11:24:58,25.69,--,3,7707,买盘
1819,11:24:55,25.69,-0.02,42,107898,卖盘
1820,11:24:46,25.71,0.01,91,233961,买盘
1821,11:24:40,25.7,--,13,33410,买盘
1822,11:24:37,25.7,--,1,2570,买盘
1823,11:24:34,25.7,--,2,5140,买盘
1824,11:24:31,25.7,--,7,17990,卖盘
1825,11:24:28,25.7,--,13,33410,卖盘
1826,11:24:25,25.7,--,33,84810,卖盘
1827,11:24:22,25.7,--,1,2570,卖盘
1828,11:24:19,25.7,--,10,25700,卖盘
1829,11:24:16,25.7,--,8,20560,卖盘
1830,11:24:13,25.7,-0.01,300,771000,卖盘
1831,11:24:10,25.71,--,32,82272,买盘
1832,11:24:07,25.71,--,6,15426,买盘
1833,11:24:04,25.71,--,14,37433,卖盘
1834,11:24:01,25.71,--,24,61704,卖盘
1835,11:23:55,25.71,--,20,51420,卖盘
1836,11:23:52,25.71,--,42,107982,卖盘
1837,11:23:49,25.71,--,19,48849,卖盘
1838,11:23:46,25.71,--,20,51420,卖盘
1839,11:23:43,25.71,--,60,154260,卖盘
1840,11:23:37,25.71,--,7,17997,卖盘
1841,11:23:31,25.71,--,39,100269,卖盘
1842,11:23:24,25.71,--,18,46278,卖盘
1843,11:23:21,25.71,--,5,12855,卖盘
1844,11:23:18,25.71,-0.01,33,84843,卖盘
1845,11:23:12,25.72,0.01,20,51440,买盘
1846,11:23:09,25.71,--,10,25710,卖盘
1847,11:23:06,25.71,--,91,233961,卖盘
1848,11:23:03,25.71,--,3,7713,卖盘
1849,11:23:00,25.71,-0.01,15,38565,卖盘
1850,11:22:57,25.72,0.01,9,23148,买盘
1851,11:22:54,25.71,--,17,43707,卖盘
1852,11:22:51,25.71,--,1,2571,卖盘
1853,11:22:48,25.71,-0.01,18,46278,卖盘
1854,11:22:45,25.72,0.01,16,41152,买盘
1855,11:22:42,25.71,-0.01,30,77130,卖盘
1856,11:22:39,25.72,--,20,51440,买盘
1857,11:22:36,25.72,--,22,56584,买盘
1858,11:22:33,25.72,0.01,10,25720,买盘
1859,11:22:27,25.71,-0.01,5,12855,卖盘
1860,11:22:24,25.72,--,76,195472,卖盘
1861,11:22:18,25.72,--,1,2572,卖盘
1862,11:22:15,25.72,0.01,19,48868,中性盘
1863,11:22:09,25.71,-0.01,6,15426,卖盘
1864,11:22:06,25.72,0.01,37,95164,买盘
1865,11:22:03,25.71,--,9,24270,买盘
1866,11:22:00,25.71,-0.01,127,326517,卖盘
1867,11:21:57,25.72,--,1,2572,买盘
1868,11:21:54,25.72,0.01,11,28292,买盘
1869,11:21:42,25.71,--,100,257100,卖盘
1870,11:21:39,25.71,--,118,303378,卖盘
1871,11:21:33,25.71,-0.03,8,20568,卖盘
1872,11:21:30,25.74,0.02,96,247103,买盘
1873,11:21:27,25.72,0.01,59,151748,买盘
1874,11:21:24,25.71,-0.01,20,51420,卖盘
1875,11:21:18,25.72,-0.01,78,200616,卖盘
1876,11:21:15,25.73,--,43,110639,买盘
1877,11:21:09,25.73,0.01,13,33449,买盘
1878,11:21:06,25.72,--,25,65123,卖盘
1879,11:21:03,25.72,--,54,138888,卖盘
1880,11:21:00,25.72,--,53,136316,卖盘
1881,11:20:57,25.72,-0.02,22,56584,卖盘
1882,11:20:54,25.74,-0.01,120,308880,中性盘
1883,11:20:51,25.75,--,25,64375,买盘
1884,11:20:48,25.75,0.03,25,64375,买盘
1885,11:20:45,25.72,-0.03,78,200616,卖盘
1886,11:20:42,25.75,0.01,2,5150,买盘
1887,11:20:39,25.74,--,26,66924,卖盘
1888,11:20:33,25.74,-0.01,26,68674,卖盘
1889,11:20:30,25.75,--,10,25750,买盘
1890,11:20:27,25.75,--,86,221450,卖盘
1891,11:20:21,25.75,--,28,72100,卖盘
1892,11:20:18,25.75,-0.01,2,5150,卖盘
1893,11:20:15,25.76,--,2,5152,买盘
1894,11:20:09,25.76,-0.01,174,448224,卖盘
1895,11:20:06,25.77,--,221,569517,买盘
1896,11:20:03,25.77,--,1,2577,买盘
1897,11:20:00,25.77,--,59,152043,买盘
1898,11:19:57,25.77,-0.02,30,77310,卖盘
1899,11:19:54,25.79,0.02,40,103160,买盘
1900,11:19:51,25.77,--,10,25770,卖盘
1901,11:19:48,25.77,--,3,7731,卖盘
1902,11:19:45,25.77,-0.02,4,10308,卖盘
1903,11:19:42,25.79,0.02,10,25790,买盘
1904,11:19:39,25.77,0.01,115,296355,买盘
1905,11:19:36,25.76,-0.01,547,1409072,卖盘
1906,11:19:30,25.77,--,28,72156,买盘
1907,11:19:27,25.77,0.01,112,288624,买盘
1908,11:19:24,25.76,-0.01,125,322000,卖盘
1909,11:19:21,25.77,--,130,335010,买盘
1910,11:19:18,25.77,0.01,42,108234,买盘
1911,11:19:15,25.76,-0.01,6,15456,卖盘
1912,11:19:12,25.77,--,15,38655,买盘
1913,11:19:09,25.77,0.01,17,43809,买盘
1914,11:19:06,25.76,--,73,188048,买盘
1915,11:19:00,25.76,--,150,386400,中性盘
1916,11:18:57,25.76,0.01,20,51520,中性盘
1917,11:18:54,25.75,0.01,278,717137,卖盘
1918,11:18:51,25.74,--,33,84942,卖盘
1919,11:18:48,25.74,0.01,59,151866,中性盘
1920,11:18:45,25.73,--,5,12865,卖盘
1921,11:18:42,25.73,-0.01,305,784765,卖盘
1922,11:18:39,25.74,0.02,135,347490,买盘
1923,11:18:36,25.72,--,44,113168,卖盘
1924,11:18:33,25.72,--,62,159464,卖盘
1925,11:18:30,25.72,--,96,246912,买盘
1926,11:18:27,25.72,0.01,8,20576,买盘
1927,11:18:24,25.71,--,55,141405,卖盘
1928,11:18:21,25.71,--,29,74559,卖盘
1929,11:18:18,25.71,--,52,133692,卖盘
1930,11:18:15,25.71,--,60,154260,买盘
1931,11:18:12,25.71,0.01,11,28281,中性盘
1932,11:18:06,25.7,-0.02,113,290410,卖盘
1933,11:18:03,25.72,0.01,76,195472,买盘
1934,11:18:00,25.71,-0.01,6,15426,卖盘
1935,11:17:57,25.72,--,48,123456,买盘
1936,11:17:51,25.72,--,12,30864,买盘
1937,11:17:48,25.72,--,27,69444,卖盘
1938,11:17:45,25.72,--,35,90020,卖盘
1939,11:17:42,25.72,--,8,20576,卖盘
1940,11:17:39,25.72,-0.01,35,90020,卖盘
1941,11:17:36,25.73,0.01,32,82336,买盘
1942,11:17:30,25.72,-0.01,37,95164,卖盘
1943,11:17:27,25.73,--,9,23157,买盘
1944,11:17:24,25.73,--,17,43741,买盘
1945,11:17:21,25.73,--,25,64325,卖盘
1946,11:17:15,25.73,--,136,349928,卖盘
1947,11:17:09,25.73,-0.01,19,48887,卖盘
1948,11:17:06,25.74,--,30,77220,买盘
1949,11:17:00,25.74,-0.01,63,162162,卖盘
1950,11:16:57,25.75,0.01,106,272950,买盘
1951,11:16:54,25.74,--,146,375804,卖盘
1952,11:16:48,25.74,--,7,18018,卖盘
1953,11:16:42,25.74,-0.01,68,175032,卖盘
1954,11:16:39,25.75,-0.01,13,33475,中性盘
1955,11:16:36,25.76,0.02,51,131376,买盘
1956,11:16:33,25.74,-0.02,10,25740,卖盘
1957,11:16:30,25.76,--,53,136528,卖盘
1958,11:16:24,25.76,-0.01,53,136528,中性盘
1959,11:16:21,25.77,0.01,7,18039,买盘
1960,11:16:18,25.76,0.02,38,97888,卖盘
1961,11:16:15,25.74,-0.03,6,15443,卖盘
1962,11:16:12,25.77,--,8,20616,买盘
1963,11:16:09,25.77,0.04,42,108234,买盘
1964,11:16:06,25.73,-0.04,99,255241,卖盘
1965,11:16:00,25.77,--,10,25770,卖盘
1966,11:15:57,25.77,0.02,309,798354,买盘
1967,11:15:54,25.75,--,16,41200,买盘
1968,11:15:51,25.75,--,2,5150,买盘
1969,11:15:48,25.75,--,26,66950,卖盘
1970,11:15:45,25.75,--,162,417150,卖盘
1971,11:15:42,25.75,-0.01,42,108150,卖盘
1972,11:15:39,25.76,--,62,159712,买盘
1973,11:15:33,25.76,--,10,25760,买盘
1974,11:15:30,25.76,--,52,133952,卖盘
1975,11:15:27,25.76,-0.02,50,128800,卖盘
1976,11:15:24,25.78,0.01,32,82496,买盘
1977,11:15:21,25.77,0.01,16,41232,中性盘
1978,11:15:18,25.76,-0.01,17,43792,卖盘
1979,11:15:15,25.77,-0.01,24,61848,中性盘
1980,11:15:12,25.78,0.02,68,175304,买盘
1981,11:15:09,25.76,-0.01,49,126224,卖盘
1982,11:15:06,25.77,-0.01,40,103080,卖盘
1983,11:15:03,25.78,--,11,28358,卖盘
1984,11:15:00,25.78,-0.01,4,10312,中性盘
1985,11:14:57,25.79,0.02,44,113476,买盘
1986,11:14:54,25.77,-0.01,111,286047,卖盘
1987,11:14:51,25.78,0.01,24,61872,中性盘
1988,11:14:48,25.77,-0.02,24,61848,卖盘
1989,11:14:45,25.79,0.02,17,43843,买盘
1990,11:14:42,25.77,-0.03,33,85041,卖盘
1991,11:14:39,25.8,0.03,71,183180,买盘
1992,11:14:36,25.77,--,36,92772,卖盘
1993,11:14:33,25.77,-0.02,76,195852,卖盘
1994,11:14:30,25.79,--,49,126371,买盘
1995,11:14:24,25.79,-0.01,63,162477,买盘
1996,11:14:21,25.8,0.01,76,196080,买盘
1997,11:14:18,25.79,--,8,20632,买盘
1998,11:14:15,25.79,0.02,139,358481,买盘
1999,11:14:12,25.77,-0.03,43,110811,卖盘
2000,11:14:09,25.8,0.01,53,136740,买盘
2001,11:14:06,25.79,--,37,95423,卖盘
2002,11:14:03,25.79,-0.04,141,363639,中性盘
2003,11:14:00,25.83,0.04,621,1604043,买盘
2004,11:13:57,25.79,--,71,183109,买盘
2005,11:13:54,25.79,-0.01,22,56738,买盘
2006,11:13:51,25.8,--,2,5160,买盘
2007,11:13:48,25.8,--,835,2154300,买盘
2008,11:13:42,25.8,--,66,170280,卖盘
2009,11:13:39,25.8,--,67,172860,卖盘
2010,11:13:36,25.8,--,338,872040,卖盘
2011,11:13:33,25.8,-0.03,117,301860,卖盘
2012,11:13:30,25.83,-0.01,161,415863,买盘
2013,11:13:24,25.84,--,52,134368,买盘
2014,11:13:21,25.84,0.01,95,245480,中性盘
2015,11:13:15,25.83,-0.02,188,485603,卖盘
2016,11:13:12,25.85,0.01,136,351560,中性盘
2017,11:13:09,25.84,-0.02,140,361760,卖盘
2018,11:13:06,25.86,0.03,277,716322,买盘
2019,11:13:03,25.83,-0.03,109,281547,卖盘
2020,11:13:00,25.86,0.03,172,444792,买盘
2021,11:12:57,25.83,-0.02,452,1167516,卖盘
2022,11:12:54,25.85,0.01,72,186120,买盘
2023,11:12:51,25.84,0.05,109,281656,买盘
2024,11:12:48,25.79,-0.01,368,949072,中性盘
2025,11:12:42,25.8,0.02,195,503100,买盘
2026,11:12:39,25.78,--,197,507866,卖盘
2027,11:12:36,25.78,0.01,170,438260,买盘
2028,11:12:33,25.77,--,409,1053993,卖盘
2029,11:12:30,25.77,0.03,648,1669896,买盘
2030,11:12:24,25.74,0.01,14,36036,卖盘
2031,11:12:21,25.73,0.03,66,169818,中性盘
2032,11:12:18,25.7,0.01,633,1626810,买盘
2033,11:12:15,25.69,-0.01,223,572887,卖盘
2034,11:12:12,25.7,0.01,129,331530,买盘
2035,11:12:06,25.69,0.02,165,424886,买盘
2036,11:12:03,25.67,0.02,254,652018,买盘
2037,11:12:00,25.65,--,159,407835,买盘
2038,11:11:57,25.65,0.01,180,461700,买盘
2039,11:11:54,25.64,0.05,486,1247642,买盘
2040,11:11:51,25.59,--,523,1338357,卖盘
2041,11:11:48,25.59,-0.01,3,7677,卖盘
2042,11:11:45,25.6,0.07,1349,3453440,买盘
2043,11:11:42,25.53,-0.01,130,331890,卖盘
2044,11:11:39,25.54,0.04,449,1146746,买盘
2045,11:11:36,25.5,--,51,130050,卖盘
2046,11:11:33,25.5,--,58,147900,卖盘
2047,11:11:30,25.5,0.06,94,240567,买盘
2048,11:11:27,25.44,-0.06,11,27984,卖盘
2049,11:11:24,25.5,0.04,5000,12750000,买盘
2050,11:11:21,25.46,0.02,4,10184,买盘
2051,11:11:18,25.44,0.02,4,10176,买盘
2052,11:11:15,25.42,0.01,22,55924,卖盘
2053,11:11:09,25.41,-0.06,14,35574,卖盘
2054,11:11:06,25.47,0.06,200,509400,买盘
2055,11:11:03,25.41,--,3,7623,卖盘
2056,11:10:54,25.41,-0.06,2,5082,卖盘
2057,11:10:48,25.47,0.05,1200,3056400,买盘
2058,11:10:30,25.42,-0.02,14,35588,卖盘
2059,11:10:27,25.44,--,45,114480,卖盘
2060,11:10:24,25.44,--,5,12720,卖盘
2061,11:10:21,25.44,--,18,45792,卖盘
2062,11:10:18,25.44,--,35,89040,卖盘
2063,11:10:15,25.44,--,10,25440,卖盘
2064,11:10:12,25.44,--,1,2544,卖盘
2065,11:10:03,25.44,--,8,20352,卖盘
2066,11:10:00,25.44,--,3,7632,卖盘
2067,11:09:57,25.44,--,30,76320,卖盘
2068,11:09:54,25.44,--,12,30528,卖盘
2069,11:09:48,25.44,--,55,139920,卖盘
2070,11:09:42,25.44,--,85,216240,卖盘
2071,11:09:39,25.44,--,13,33072,卖盘
2072,11:09:36,25.44,--,11,27984,卖盘
2073,11:09:33,25.44,--,37,94128,买盘
2074,11:09:21,25.44,--,12,30528,买盘
2075,11:09:12,25.44,-0.01,7,17808,卖盘
2076,11:09:09,25.45,0.01,4,10180,买盘
2077,11:09:03,25.44,--,19,48336,卖盘
2078,11:08:57,25.44,0.02,59,150096,买盘
2079,11:08:51,25.42,-0.03,41,104222,卖盘
2080,11:08:45,25.45,--,18,45810,买盘
2081,11:08:39,25.45,0.01,105,267225,买盘
2082,11:08:36,25.44,--,18,45792,卖盘
2083,11:08:33,25.44,--,18,45792,卖盘
2084,11:08:30,25.44,--,7,17808,卖盘
2085,11:08:27,25.44,--,29,73776,卖盘
2086,11:08:18,25.44,--,3,7632,卖盘
2087,11:08:12,25.44,--,24,61056,卖盘
2088,11:08:06,25.44,--,1,2544,卖盘
2089,11:08:03,25.44,--,8,20352,卖盘
2090,11:08:00,25.44,0.02,73,185712,买盘
2091,11:07:54,25.42,--,1,2542,卖盘
2092,11:07:48,25.42,-0.01,11,27962,卖盘
2093,11:07:42,25.43,0.01,5,12715,买盘
2094,11:07:39,25.42,--,4,10168,卖盘
2095,11:07:30,25.42,--,2,5084,卖盘
2096,11:07:27,25.42,--,1,2542,卖盘
2097,11:07:18,25.42,0.01,13,33046,买盘
2098,11:07:15,25.41,--,22,55902,卖盘
2099,11:07:12,25.41,--,10,25410,卖盘
2100,11:07:03,25.41,0.01,33,83853,买盘
2101,11:07:00,25.4,-0.01,2,5080,卖盘
2102,11:06:57,25.41,--,35,88935,买盘
2103,11:06:54,25.41,0.01,23,58443,买盘
2104,11:06:48,25.4,-0.01,19,48260,卖盘
2105,11:06:45,25.41,0.01,52,132132,买盘
2106,11:06:39,25.4,--,9,22860,卖盘
2107,11:06:36,25.4,--,27,68580,卖盘
2108,11:06:33,25.4,--,2,5080,卖盘
2109,11:06:30,25.4,-0.01,27,68580,卖盘
2110,11:06:27,25.41,0.01,31,78771,买盘
2111,11:06:21,25.4,--,10,25400,卖盘
2112,11:06:18,25.4,--,16,40640,卖盘
2113,11:06:15,25.4,--,1,2540,卖盘
2114,11:06:12,25.4,--,17,43180,卖盘
2115,11:06:06,25.4,--,13,33020,卖盘
2116,11:05:57,25.4,--,4,10160,卖盘
2117,11:05:51,25.4,--,2,5080,卖盘
2118,11:05:48,25.4,--,114,289560,卖盘
2119,11:05:42,25.4,--,63,160020,卖盘
2120,11:05:39,25.4,--,25,63500,卖盘
2121,11:05:36,25.4,-0.01,17,43180,卖盘
2122,11:05:33,25.41,--,2,5082,卖盘
2123,11:05:27,25.41,0.01,9,22869,中性盘
2124,11:05:24,25.4,--,54,137160,卖盘
2125,11:05:09,25.4,-0.02,50,127000,卖盘
2126,11:05:06,25.42,0.01,2,5084,买盘
2127,11:05:03,25.41,--,12,30492,卖盘
2128,11:05:00,25.41,--,3,7623,卖盘
2129,11:04:57,25.41,--,42,106722,卖盘
2130,11:04:51,25.41,--,28,71148,卖盘
2131,11:04:48,25.41,--,15,38115,卖盘
2132,11:04:42,25.41,-0.01,7,17787,卖盘
2133,11:04:39,25.42,0.01,17,43214,买盘
2134,11:04:33,25.41,-0.02,1,2541,卖盘
2135,11:04:30,25.43,0.01,58,147494,买盘
2136,11:04:27,25.42,--,3,7626,卖盘
2137,11:04:24,25.42,--,3,7626,卖盘
2138,11:04:21,25.42,--,26,66092,卖盘
2139,11:04:12,25.42,-0.01,20,50840,卖盘
2140,11:04:06,25.43,--,5,12715,卖盘
2141,11:04:00,25.43,--,25,63575,卖盘
2142,11:03:57,25.43,--,24,61032,卖盘
2143,11:03:54,25.43,--,66,167838,卖盘
2144,11:03:51,25.43,--,5,12715,卖盘
2145,11:03:48,25.43,--,8,20344,卖盘
2146,11:03:45,25.43,--,10,25430,卖盘
2147,11:03:42,25.43,--,6,15258,卖盘
2148,11:03:39,25.43,--,101,256843,卖盘
2149,11:03:30,25.43,--,15,38145,卖盘
2150,11:03:21,25.43,--,3,7629,卖盘
2151,11:03:18,25.43,-0.01,40,101720,卖盘
2152,11:03:12,25.44,0.01,5,12720,买盘
2153,11:03:09,25.43,--,1,2543,卖盘
2154,11:03:06,25.43,--,1,2543,卖盘
2155,11:03:03,25.43,-0.01,10,25430,卖盘
2156,11:03:00,25.44,0.01,1,2544,买盘
2157,11:02:53,25.43,-0.01,13,33059,卖盘
2158,11:02:50,25.44,0.01,24,61056,买盘
2159,11:02:47,25.43,-0.01,8,20344,卖盘
2160,11:02:44,25.44,--,48,122112,买盘
2161,11:02:41,25.44,--,9,22896,买盘
2162,11:02:38,25.44,--,2,5088,买盘
2163,11:02:32,25.44,-0.01,17,43248,卖盘
2164,11:02:29,25.45,0.01,10,25450,买盘
2165,11:02:23,25.44,-0.01,6,15264,卖盘
2166,11:02:20,25.45,0.01,41,104345,买盘
2167,11:02:17,25.44,0.01,9,22896,买盘
2168,11:02:14,25.43,-0.02,5,12715,卖盘
2169,11:02:11,25.45,0.01,65,165425,买盘
2170,11:02:08,25.44,--,11,27984,买盘
2171,11:02:05,25.44,0.01,9,22896,卖盘
2172,11:01:59,25.43,-0.01,32,81376,卖盘
2173,11:01:53,25.44,--,5,12720,买盘
2174,11:01:50,25.44,0.01,20,50880,买盘
2175,11:01:44,25.43,-0.01,15,38145,卖盘
2176,11:01:38,25.44,--,3,7632,买盘
2177,11:01:32,25.44,--,14,35616,买盘
2178,11:01:23,25.44,--,15,38160,卖盘
2179,11:01:20,25.44,--,1,2544,卖盘
2180,11:01:17,25.44,--,3,7632,卖盘
2181,11:01:14,25.44,--,10,25440,卖盘
2182,11:01:11,25.44,--,120,305280,卖盘
2183,11:01:02,25.44,-0.01,2,5088,卖盘
2184,11:00:59,25.45,0.01,3,7635,买盘
2185,11:00:56,25.44,--,3,7632,卖盘
2186,11:00:53,25.44,--,33,83952,卖盘
2187,11:00:47,25.44,--,60,152640,卖盘
2188,11:00:41,25.44,-0.01,15,38160,卖盘
2189,11:00:35,25.45,--,42,106890,卖盘
2190,11:00:32,25.45,--,305,776225,卖盘
2191,11:00:29,25.45,-0.01,8,20360,卖盘
2192,11:00:26,25.46,0.01,7,17822,买盘
2193,11:00:23,25.45,--,1,2545,卖盘
2194,11:00:20,25.45,--,15,38175,卖盘
2195,11:00:14,25.45,--,13,33085,卖盘
2196,11:00:11,25.45,-0.01,10,25450,卖盘
2197,10:59:59,25.46,--,22,56012,卖盘
2198,10:59:56,25.46,--,1,2546,卖盘
2199,10:59:53,25.46,-0.01,7,17822,卖盘
2200,10:59:50,25.47,--,11,28017,买盘
2201,10:59:47,25.47,0.01,50,127350,买盘
2202,10:59:41,25.46,0.01,29,73834,卖盘
2203,10:59:32,25.45,--,32,81440,卖盘
2204,10:59:29,25.45,-0.02,61,155245,卖盘
2205,10:59:23,25.47,--,15,38205,买盘
2206,10:59:14,25.47,0.01,8,20376,买盘
2207,10:59:11,25.46,--,48,122208,卖盘
2208,10:59:08,25.46,-0.01,110,280060,卖盘
2209,10:59:05,25.47,0.01,1,2547,买盘
2210,10:58:59,25.46,-0.01,6,15276,卖盘
2211,10:58:56,25.47,0.01,5,12735,买盘
2212,10:58:50,25.46,-0.01,10,25460,卖盘
2213,10:58:44,25.47,--,10,25470,买盘
2214,10:58:41,25.47,--,6,15282,买盘
2215,10:58:38,25.47,0.01,3,7641,买盘
2216,10:58:35,25.46,-0.01,108,274968,卖盘
2217,10:58:32,25.47,0.01,598,1524787,买盘
2218,10:58:26,25.46,-0.01,0,1273,卖盘
2219,10:58:17,25.47,--,10,25470,买盘
2220,10:58:11,25.47,0.01,15,38205,买盘
2221,10:58:08,25.46,--,20,50920,卖盘
2222,10:58:05,25.46,0.01,23,60696,买盘
2223,10:57:59,25.45,--,172,437740,卖盘
2224,10:57:56,25.45,-0.01,12,30540,卖盘
2225,10:57:53,25.46,0.01,4,10184,买盘
2226,10:57:47,25.45,--,14,35630,卖盘
2227,10:57:44,25.45,--,55,139975,买盘
2228,10:57:32,25.45,--,4,10180,买盘
2229,10:57:29,25.45,--,16,40720,买盘
2230,10:57:23,25.45,--,2,5090,买盘
2231,10:57:17,25.45,--,16,40720,买盘
2232,10:57:14,25.45,-0.01,241,613345,卖盘
2233,10:57:08,25.46,0.03,88,224048,买盘
2234,10:57:05,25.43,-0.01,42,106806,卖盘
2235,10:57:02,25.44,-0.01,15,38160,中性盘
2236,10:56:53,25.45,--,10,25450,买盘
2237,10:56:50,25.45,--,3,7635,买盘
2238,10:56:47,25.45,0.02,12,30540,买盘
2239,10:56:44,25.43,-0.02,3,7629,卖盘
2240,10:56:41,25.45,0.03,135,343575,买盘
2241,10:56:32,25.42,-0.01,1,2542,卖盘
2242,10:56:29,25.43,0.01,38,96634,买盘
2243,10:56:26,25.42,--,52,132184,卖盘
2244,10:56:23,25.42,0.01,9,22878,卖盘
2245,10:56:17,25.41,--,225,571725,卖盘
2246,10:56:11,25.41,-0.01,16,40656,中性盘
2247,10:56:05,25.42,0.01,119,302498,买盘
2248,10:55:59,25.41,--,1,2541,买盘
2249,10:55:56,25.41,-0.01,68,172788,卖盘
2250,10:55:53,25.42,--,4,10168,买盘
2251,10:55:47,25.42,--,29,73718,买盘
2252,10:55:41,25.42,-0.01,27,68634,卖盘
2253,10:55:32,25.43,--,107,272101,买盘
2254,10:55:26,25.43,--,19,48317,卖盘
2255,10:55:23,25.43,--,2,5086,卖盘
2256,10:55:20,25.43,--,2,5086,卖盘
2257,10:55:17,25.43,-0.02,10,25430,卖盘
2258,10:55:14,25.45,--,28,71260,买盘
2259,10:55:11,25.45,-0.01,6,15270,买盘
2260,10:55:05,25.46,0.03,70,178220,买盘
2261,10:55:02,25.43,-0.02,7,17801,卖盘
2262,10:54:59,25.45,--,1,2545,买盘
2263,10:54:56,25.45,-0.01,3,7635,卖盘
2264,10:54:47,25.46,--,8,20368,买盘
2265,10:54:44,25.46,0.01,137,348802,买盘
2266,10:54:41,25.45,--,8,20360,卖盘
2267,10:54:38,25.45,--,3,7635,卖盘
2268,10:54:35,25.45,--,11,27995,卖盘
2269,10:54:32,25.45,--,50,127250,买盘
2270,10:54:29,25.45,-0.01,104,264680,中性盘
2271,10:54:23,25.46,0.01,2,5092,买盘
2272,10:54:20,25.45,-0.01,23,58535,中性盘
2273,10:54:08,25.46,0.01,40,101840,买盘
2274,10:54:05,25.45,-0.02,87,221415,卖盘
2275,10:53:59,25.47,0.01,123,313281,买盘
2276,10:53:53,25.46,--,21,53466,卖盘
2277,10:53:50,25.46,--,25,63650,卖盘
2278,10:53:47,25.46,--,13,33098,卖盘
2279,10:53:41,25.46,0.01,174,443004,买盘
2280,10:53:35,25.45,--,17,43265,买盘
2281,10:53:32,25.45,--,112,285040,买盘
2282,10:53:29,25.45,0.01,32,81440,买盘
2283,10:53:26,25.44,-0.01,3,7632,中性盘
2284,10:53:23,25.45,0.03,14,35630,买盘
2285,10:53:11,25.42,-0.05,11,27962,卖盘
2286,10:53:08,25.47,0.02,130,331110,买盘
2287,10:53:05,25.45,--,5,12725,卖盘
2288,10:53:02,25.45,-0.01,10,25450,卖盘
2289,10:52:59,25.46,0.01,123,313158,买盘
2290,10:52:56,25.45,--,110,279950,卖盘
2291,10:52:53,25.45,--,45,116535,买盘
2292,10:52:47,25.45,0.05,38,96710,买盘
2293,10:52:44,25.4,-0.05,10,25400,卖盘
2294,10:52:41,25.45,--,210,534450,买盘
2295,10:52:38,25.45,0.05,60,152700,买盘
2296,10:52:32,25.4,-0.05,1,2540,卖盘
2297,10:52:29,25.45,0.05,297,755865,买盘
2298,10:52:26,25.4,--,4,10160,卖盘
2299,10:52:23,25.4,-0.03,11,27940,卖盘
2300,10:52:20,25.43,0.04,196,498428,买盘
2301,10:52:17,25.39,--,8,20312,卖盘
2302,10:52:14,25.39,-0.01,251,637289,卖盘
2303,10:52:08,25.4,--,61,154940,买盘
2304,10:52:05,25.4,--,2,5080,买盘
2305,10:51:59,25.4,--,196,497840,买盘
2306,10:51:56,25.4,0.01,2,5080,买盘
2307,10:51:53,25.39,0.01,35,88865,买盘
2308,10:51:50,25.38,-0.01,13,32994,卖盘
2309,10:51:47,25.39,--,20,50780,买盘
2310,10:51:44,25.39,0.01,4,10156,买盘
2311,10:51:41,25.38,-0.01,60,152280,卖盘
2312,10:51:38,25.39,0.01,32,81248,买盘
2313,10:51:32,25.38,-0.01,1,2538,卖盘
2314,10:51:29,25.39,0.01,20,50780,买盘
2315,10:51:23,25.38,--,41,104387,卖盘
2316,10:51:20,25.38,-0.01,2,5076,卖盘
2317,10:51:17,25.39,0.01,15,38085,买盘
2318,10:51:11,25.38,--,9,22842,卖盘
2319,10:51:02,25.38,0.01,8,21573,买盘
2320,10:50:59,25.37,-0.01,29,73573,卖盘
2321,10:50:56,25.38,0.01,20,50760,买盘
2322,10:50:53,25.37,--,3,7611,卖盘
2323,10:50:50,25.37,--,1,2537,卖盘
2324,10:50:47,25.37,--,30,76110,卖盘
2325,10:50:44,25.37,-0.01,23,58351,卖盘
2326,10:50:41,25.38,0.01,15,38070,买盘
2327,10:50:38,25.37,--,4,10148,卖盘
2328,10:50:35,25.37,-0.01,55,139535,卖盘
2329,10:50:29,25.38,0.01,28,71064,买盘
2330,10:50:26,25.37,-0.01,20,50740,卖盘
2331,10:50:23,25.38,0.01,13,32994,买盘
2332,10:50:20,25.37,-0.01,22,55814,卖盘
2333,10:50:14,25.38,0.01,8,20304,买盘
2334,10:50:11,25.37,--,14,35518,卖盘
2335,10:50:08,25.37,-0.01,5,12685,卖盘
2336,10:50:05,25.38,--,30,76140,买盘
2337,10:49:59,25.38,--,53,134514,买盘
2338,10:49:53,25.38,--,15,38070,买盘
2339,10:49:50,25.38,--,10,25380,买盘
2340,10:49:47,25.38,0.01,31,78678,买盘
2341,10:49:44,25.37,--,3,7611,卖盘
2342,10:49:41,25.37,--,50,126850,卖盘
2343,10:49:35,25.37,--,4,10148,卖盘
2344,10:49:29,25.37,-0.01,12,30444,卖盘
2345,10:49:26,25.38,0.01,5,12690,买盘
2346,10:49:20,25.37,-0.01,50,126850,卖盘
2347,10:49:17,25.38,0.01,27,68526,买盘
2348,10:49:14,25.37,-0.01,13,32981,卖盘
2349,10:49:11,25.38,--,9,22842,买盘
2350,10:49:02,25.38,--,4,10152,买盘
2351,10:48:59,25.38,-0.01,48,121824,卖盘
2352,10:48:56,25.39,--,28,71092,卖盘
2353,10:48:53,25.39,--,9,22851,卖盘
2354,10:48:50,25.39,--,10,25390,卖盘
2355,10:48:47,25.39,--,17,43163,卖盘
2356,10:48:44,25.39,0.01,62,157418,买盘
2357,10:48:41,25.38,--,21,53298,卖盘
2358,10:48:38,25.38,-0.01,6,15228,卖盘
2359,10:48:35,25.39,--,39,99021,买盘
2360,10:48:32,25.39,0.01,5,12695,买盘
2361,10:48:26,25.38,-0.01,54,137052,卖盘
2362,10:48:20,25.39,--,10,25390,买盘
2363,10:48:17,25.39,-0.01,12,30468,卖盘
2364,10:48:14,25.4,0.01,21,53340,买盘
2365,10:48:11,25.39,--,10,25390,卖盘
2366,10:48:08,25.39,-0.01,12,30468,卖盘
2367,10:48:05,25.4,0.01,2,5080,买盘
2368,10:48:02,25.39,-0.01,2,5078,卖盘
2369,10:47:56,25.4,--,1,2540,买盘
2370,10:47:53,25.4,--,4,10160,买盘
2371,10:47:50,25.4,--,30,78511,卖盘
2372,10:47:47,25.4,--,1,2540,卖盘
2373,10:47:44,25.4,-0.01,26,66040,卖盘
2374,10:47:41,25.41,--,22,55902,买盘
2375,10:47:38,25.41,0.01,88,223608,买盘
2376,10:47:32,25.4,0.01,257,653008,买盘
2377,10:47:26,25.39,--,29,73631,买盘
2378,10:47:20,25.39,0.01,22,55858,买盘
2379,10:47:17,25.38,-0.02,13,32994,买盘
2380,10:47:14,25.4,0.02,6,15240,买盘
2381,10:47:11,25.38,-0.01,59,149742,卖盘
2382,10:47:08,25.39,0.01,6,15234,买盘
2383,10:47:05,25.38,-0.01,45,114210,卖盘
2384,10:47:02,25.39,--,2,5078,买盘
2385,10:46:59,25.39,--,15,38085,买盘
2386,10:46:53,25.39,-0.01,18,45702,卖盘
2387,10:46:41,25.4,--,57,147091,卖盘
2388,10:46:38,25.4,--,60,152400,卖盘
2389,10:46:35,25.4,--,19,48260,卖盘
2390,10:46:32,25.4,--,47,119380,卖盘
2391,10:46:29,25.4,--,289,734618,卖盘
2392,10:46:26,25.4,--,18,45720,卖盘
2393,10:46:23,25.4,--,37,93980,卖盘
2394,10:46:17,25.4,--,5,12700,卖盘
2395,10:46:14,25.4,--,24,60960,卖盘
2396,10:46:11,25.4,--,5,12700,卖盘
2397,10:46:08,25.4,--,54,137160,卖盘
2398,10:46:02,25.4,-0.01,90,228600,卖盘
2399,10:45:56,25.41,--,3,7623,买盘
2400,10:45:50,25.41,--,57,146361,卖盘
2401,10:45:38,25.41,--,31,78771,卖盘
2402,10:45:35,25.41,-0.01,2,5082,卖盘
2403,10:45:29,25.42,0.01,50,127100,买盘
2404,10:45:26,25.41,-0.01,105,266805,卖盘
2405,10:45:23,25.42,--,20,50840,买盘
2406,10:45:20,25.42,--,6,15252,买盘
2407,10:45:17,25.42,0.01,53,134726,买盘
2408,10:45:13,25.41,-0.01,15,38115,卖盘
2409,10:45:10,25.42,0.01,27,68634,买盘
2410,10:45:07,25.41,--,24,60984,卖盘
2411,10:45:04,25.41,--,58,147378,卖盘
2412,10:45:01,25.41,--,105,266805,卖盘
2413,10:44:55,25.41,--,27,68607,卖盘
2414,10:44:52,25.41,--,7,17787,卖盘
2415,10:44:46,25.41,-0.01,20,50820,卖盘
2416,10:44:43,25.42,0.01,22,55924,买盘
2417,10:44:40,25.41,-0.01,20,50820,卖盘
2418,10:44:37,25.42,--,8,20336,买盘
2419,10:44:25,25.42,--,11,27962,卖盘
2420,10:44:19,25.42,--,16,40672,卖盘
2421,10:44:16,25.42,0.01,10,25420,买盘
2422,10:44:13,25.41,-0.01,14,35574,卖盘
2423,10:44:10,25.42,0.01,4,10168,买盘
2424,10:44:07,25.41,--,48,121968,卖盘
2425,10:44:04,25.41,--,41,104181,卖盘
2426,10:44:01,25.41,-0.01,5,12705,卖盘
2427,10:43:49,25.42,--,42,106764,买盘
2428,10:43:46,25.42,--,1,2542,买盘
2429,10:43:43,25.42,--,9,22878,卖盘
2430,10:43:40,25.42,-0.01,118,299956,卖盘
2431,10:43:37,25.43,0.01,8,20344,买盘
2432,10:43:34,25.42,--,7,17794,卖盘
2433,10:43:31,25.42,--,19,48298,卖盘
2434,10:43:25,25.42,-0.01,35,88970,卖盘
2435,10:43:19,25.43,0.01,19,48317,买盘
2436,10:43:13,25.42,--,25,63550,卖盘
2437,10:43:10,25.42,--,22,55924,卖盘
2438,10:43:07,25.42,-0.01,50,127100,卖盘
2439,10:43:04,25.43,0.01,10,25430,买盘
2440,10:43:01,25.42,--,20,50840,卖盘
2441,10:42:58,25.42,-0.01,5,12710,卖盘
2442,10:42:52,25.43,--,10,25430,买盘
2443,10:42:49,25.43,--,13,33059,买盘
2444,10:42:43,25.43,--,8,20344,买盘
2445,10:42:37,25.43,--,178,452654,卖盘
2446,10:42:31,25.43,--,12,30516,卖盘
2447,10:42:28,25.43,-0.01,111,282273,卖盘
2448,10:42:19,25.44,0.01,5,12720,买盘
2449,10:42:16,25.43,--,22,55946,卖盘
2450,10:42:10,25.43,-0.01,13,33059,卖盘
2451,10:42:07,25.44,0.01,71,180624,买盘
2452,10:42:04,25.43,-0.01,21,53403,卖盘
2453,10:42:01,25.44,--,5,12720,买盘
2454,10:41:58,25.44,0.01,11,27984,买盘
2455,10:41:55,25.43,--,117,297531,卖盘
2456,10:41:52,25.43,--,1,2543,卖盘
2457,10:41:46,25.43,--,10,25430,卖盘
2458,10:41:43,25.43,--,43,109349,卖盘
2459,10:41:40,25.43,--,1,2543,卖盘
2460,10:41:37,25.43,--,127,322961,卖盘
2461,10:41:31,25.43,--,2,5086,卖盘
2462,10:41:28,25.43,--,1,2543,卖盘
2463,10:41:25,25.43,-0.01,10,25430,卖盘
2464,10:41:22,25.44,--,20,50880,买盘
2465,10:41:19,25.44,0.01,15,38160,买盘
2466,10:41:13,25.43,-0.01,22,55946,卖盘
2467,10:41:10,25.44,0.01,25,63600,买盘
2468,10:41:01,25.43,--,2,5086,买盘
2469,10:40:58,25.43,--,45,114435,卖盘
2470,10:40:55,25.43,-0.01,10,25430,卖盘
2471,10:40:52,25.44,--,12,30528,卖盘
2472,10:40:49,25.44,--,17,43248,买盘
2473,10:40:46,25.44,--,26,66144,卖盘
2474,10:40:43,25.44,--,144,366336,卖盘
2475,10:40:40,25.44,-0.01,3,7632,卖盘
2476,10:40:37,25.45,--,42,106890,买盘
2477,10:40:34,25.45,0.01,25,63625,买盘
2478,10:40:31,25.44,--,6,15264,卖盘
2479,10:40:28,25.44,--,5,12720,卖盘
2480,10:40:25,25.44,--,6,15264,卖盘
2481,10:40:22,25.44,-0.01,5,12720,卖盘
2482,10:40:19,25.45,0.01,2,5090,买盘
2483,10:40:16,25.44,0.01,406,1032864,卖盘
2484,10:40:10,25.43,-0.01,28,71204,卖盘
2485,10:40:07,25.44,0.01,32,81408,买盘
2486,10:40:04,25.43,-0.01,5,12715,卖盘
2487,10:40:01,25.44,0.01,100,254400,买盘
2488,10:39:58,25.43,--,7,17801,卖盘
2489,10:39:52,25.43,--,115,292445,卖盘
2490,10:39:46,25.43,--,31,78833,卖盘
2491,10:39:43,25.43,--,50,127150,卖盘
2492,10:39:40,25.43,--,52,132236,买盘
2493,10:39:37,25.43,--,2,5086,买盘
2494,10:39:34,25.43,0.01,54,137322,买盘
2495,10:39:31,25.42,-0.01,23,58466,卖盘
2496,10:39:28,25.43,--,3,7629,买盘
2497,10:39:25,25.43,0.01,18,45774,买盘
2498,10:39:22,25.42,--,25,63550,卖盘
2499,10:39:13,25.42,-0.01,31,78802,卖盘
2500,10:39:10,25.43,0.01,75,190725,买盘
2501,10:39:07,25.42,--,55,139810,卖盘
2502,10:39:04,25.42,--,40,101680,卖盘
2503,10:38:58,25.42,--,27,68634,卖盘
2504,10:38:55,25.42,--,17,43214,卖盘
2505,10:38:52,25.42,--,50,127100,买盘
2506,10:38:46,25.42,0.01,127,322834,买盘
2507,10:38:43,25.41,-0.01,49,124509,卖盘
2508,10:38:37,25.42,--,37,94054,买盘
2509,10:38:34,25.42,0.01,73,185566,买盘
2510,10:38:31,25.41,--,39,99099,卖盘
2511,10:38:28,25.41,--,95,241395,卖盘
2512,10:38:25,25.41,--,343,872579,卖盘
2513,10:38:22,25.41,0.01,95,241395,买盘
2514,10:38:19,25.4,-0.01,20,50800,卖盘
2515,10:38:16,25.41,0.01,54,137214,买盘
2516,10:38:13,25.4,--,26,66040,卖盘
2517,10:38:07,25.4,-0.01,12,30480,卖盘
2518,10:38:04,25.41,--,5,12705,买盘
2519,10:37:58,25.41,0.01,8,20328,买盘
2520,10:37:55,25.4,-0.01,5,12700,卖盘
2521,10:37:52,25.41,--,56,142296,卖盘
2522,10:37:49,25.41,-0.01,68,172788,卖盘
2523,10:37:43,25.42,--,4,10168,买盘
2524,10:37:37,25.42,--,13,33046,卖盘
2525,10:37:34,25.42,--,2,5084,卖盘
2526,10:37:31,25.42,--,14,35588,卖盘
2527,10:37:28,25.42,-0.01,28,71176,卖盘
2528,10:37:25,25.43,--,1,2543,买盘
2529,10:37:22,25.43,--,5,12715,买盘
2530,10:37:19,25.43,-0.01,42,106806,买盘
2531,10:37:16,25.44,0.02,31,78864,买盘
2532,10:37:13,25.42,-0.01,10,25420,卖盘
2533,10:37:10,25.43,-0.01,33,83919,卖盘
2534,10:37:07,25.44,--,90,228960,买盘
2535,10:37:04,25.44,--,15,38160,买盘
2536,10:37:01,25.44,0.01,30,76320,买盘
2537,10:36:58,25.43,--,3,7629,卖盘
2538,10:36:55,25.43,--,2,5086,卖盘
2539,10:36:52,25.43,-0.01,3,7629,卖盘
2540,10:36:43,25.44,--,2,5088,买盘
2541,10:36:40,25.44,--,166,422685,卖盘
2542,10:36:34,25.44,--,229,582576,卖盘
2543,10:36:28,25.44,--,72,183168,卖盘
2544,10:36:25,25.44,--,7,17808,卖盘
2545,10:36:22,25.44,--,66,167904,卖盘
2546,10:36:19,25.44,--,39,99216,卖盘
2547,10:36:16,25.44,-0.01,13,33072,卖盘
2548,10:36:10,25.45,--,2,5090,买盘
2549,10:36:07,25.45,--,126,322197,卖盘
2550,10:36:04,25.45,-0.01,10,25450,卖盘
2551,10:36:01,25.46,0.01,66,168036,买盘
2552,10:35:55,25.45,-0.01,111,282495,卖盘
2553,10:35:52,25.46,--,25,63650,卖盘
2554,10:35:49,25.46,--,155,394630,卖盘
2555,10:35:46,25.46,--,37,94202,卖盘
2556,10:35:43,25.46,--,12,30552,卖盘
2557,10:35:40,25.46,--,11,28006,卖盘
2558,10:35:37,25.46,--,35,89110,卖盘
2559,10:35:34,25.46,--,33,84018,卖盘
2560,10:35:31,25.46,--,9,22914,卖盘
2561,10:35:28,25.46,--,23,58558,卖盘
2562,10:35:25,25.46,--,21,53466,卖盘
2563,10:35:19,25.46,--,69,175674,买盘
2564,10:35:13,25.46,0.01,69,175674,买盘
2565,10:35:10,25.45,-0.01,30,76350,卖盘
2566,10:35:04,25.46,--,17,43282,买盘
2567,10:35:01,25.46,--,32,81472,卖盘
2568,10:34:55,25.46,--,43,109478,卖盘
2569,10:34:52,25.46,--,61,155306,卖盘
2570,10:34:49,25.46,-0.01,1,2546,卖盘
2571,10:34:46,25.47,0.01,130,331110,买盘
2572,10:34:43,25.46,-0.01,8,20368,卖盘
2573,10:34:40,25.47,0.01,10,25470,买盘
2574,10:34:37,25.46,--,45,114570,卖盘
2575,10:34:31,25.46,--,46,117116,卖盘
2576,10:34:28,25.46,--,4,10184,卖盘
2577,10:34:25,25.46,--,9,22914,卖盘
2578,10:34:22,25.46,0.01,142,361532,买盘
2579,10:34:19,25.45,--,69,175605,卖盘
2580,10:34:10,25.45,--,8,20360,卖盘
2581,10:34:07,25.45,--,10,25450,卖盘
2582,10:34:04,25.45,-0.01,10,25450,卖盘
2583,10:34:01,25.46,0.01,3,7638,中性盘
2584,10:33:58,25.45,-0.01,73,185785,卖盘
2585,10:33:55,25.46,--,53,135956,卖盘
2586,10:33:52,25.46,0.01,64,162944,买盘
2587,10:33:49,25.45,--,38,96710,卖盘
2588,10:33:43,25.45,--,2,5090,卖盘
2589,10:33:40,25.45,--,14,35630,买盘
2590,10:33:37,25.45,--,4,10180,买盘
2591,10:33:34,25.45,--,13,33085,买盘
2592,10:33:31,25.45,0.01,10,25450,买盘
2593,10:33:28,25.44,-0.01,71,180624,卖盘
2594,10:33:25,25.45,-0.01,86,218870,卖盘
2595,10:33:22,25.46,--,6,15276,卖盘
2596,10:33:19,25.46,0.01,80,203680,买盘
2597,10:33:16,25.45,0.01,3,7635,买盘
2598,10:33:13,25.44,--,100,256562,买盘
2599,10:33:10,25.44,--,4,10176,买盘
2600,10:33:07,25.44,--,19,48717,卖盘
2601,10:33:01,25.44,-0.02,96,244224,卖盘
2602,10:32:55,25.46,--,5,12730,买盘
2603,10:32:52,25.46,0.02,506,1288276,买盘
2604,10:32:49,25.44,-0.01,28,73394,卖盘
2605,10:32:46,25.45,--,195,496275,买盘
2606,10:32:43,25.45,--,40,101800,买盘
2607,10:32:40,25.45,--,178,453010,买盘
2608,10:32:37,25.45,0.01,5,12725,买盘
2609,10:32:34,25.44,-0.01,61,155184,卖盘
2610,10:32:31,25.45,--,10,25450,卖盘
2611,10:32:28,25.45,-0.01,50,127250,中性盘
2612,10:32:25,25.46,0.01,59,150214,买盘
2613,10:32:22,25.45,0.01,39,99255,买盘
2614,10:32:16,25.44,--,5,12720,买盘
2615,10:32:13,25.44,-0.02,209,531696,卖盘
2616,10:32:10,25.46,0.01,70,178220,买盘
2617,10:32:07,25.45,--,22,55990,卖盘
2618,10:32:04,25.45,--,52,132340,卖盘
2619,10:32:01,25.45,--,54,137430,卖盘
2620,10:31:52,25.45,--,95,241775,买盘
2621,10:31:49,25.45,0.01,83,211235,买盘
2622,10:31:46,25.44,--,8,20352,卖盘
2623,10:31:43,25.44,-0.02,10,25440,卖盘
2624,10:31:40,25.46,0.02,341,868186,买盘
2625,10:31:37,25.44,-0.01,15,38160,卖盘
2626,10:31:34,25.45,0.01,407,1035815,买盘
2627,10:31:31,25.44,-0.01,129,328176,卖盘
2628,10:31:28,25.45,--,2,5090,买盘
2629,10:31:25,25.45,--,175,445375,买盘
2630,10:31:22,25.45,--,30,76350,买盘
2631,10:31:19,25.45,--,29,73805,买盘
2632,10:31:16,25.45,--,153,389385,买盘
2633,10:31:13,25.45,--,50,127250,买盘
2634,10:31:07,25.45,--,22,55990,买盘
2635,10:31:04,25.45,0.01,13,33085,买盘
2636,10:31:01,25.44,--,16,40704,卖盘
2637,10:30:58,25.44,--,342,870048,买盘
2638,10:30:55,25.44,--,100,254400,买盘
2639,10:30:52,25.44,0.01,5,12720,买盘
2640,10:30:46,25.43,-0.01,10,25430,卖盘
2641,10:30:43,25.44,--,1,2544,买盘
2642,10:30:40,25.44,0.01,213,541872,买盘
2643,10:30:37,25.43,--,38,96634,买盘
2644,10:30:34,25.43,0.01,5,12715,买盘
2645,10:30:31,25.42,--,205,521110,卖盘
2646,10:30:25,25.42,--,80,205571,买盘
2647,10:30:22,25.42,--,4,10168,买盘
2648,10:30:19,25.42,--,9,22878,买盘
2649,10:30:16,25.42,0.01,6,15252,买盘
2650,10:30:10,25.41,0.01,53,134673,中性盘
2651,10:30:07,25.4,-0.01,6,15240,卖盘
2652,10:30:04,25.41,0.01,5,12705,买盘
2653,10:30:01,25.4,-0.01,1,2540,卖盘
2654,10:29:58,25.41,-0.01,127,322707,中性盘
2655,10:29:49,25.42,0.01,131,333002,买盘
2656,10:29:43,25.41,0.01,115,292215,买盘
2657,10:29:40,25.4,-0.01,22,55880,卖盘
2658,10:29:34,25.41,0.01,10,25410,买盘
2659,10:29:31,25.4,--,35,88900,卖盘
2660,10:29:28,25.4,--,28,71120,卖盘
2661,10:29:22,25.4,-0.01,5,12700,卖盘
2662,10:29:19,25.41,0.01,12,30492,买盘
2663,10:29:16,25.4,-0.01,44,111760,卖盘
2664,10:29:13,25.41,--,203,515823,买盘
2665,10:29:10,25.41,--,15,38115,买盘
2666,10:29:07,25.41,--,6,15246,买盘
2667,10:29:04,25.41,--,69,175329,卖盘
2668,10:28:58,25.41,--,20,50820,卖盘
2669,10:28:55,25.41,--,3,7623,卖盘
2670,10:28:52,25.41,-0.01,66,167706,卖盘
2671,10:28:49,25.42,--,19,48298,买盘
2672,10:28:46,25.42,-0.01,2,5084,买盘
2673,10:28:43,25.43,0.01,30,76290,买盘
2674,10:28:40,25.42,--,14,35588,买盘
2675,10:28:37,25.42,--,10,25420,买盘
2676,10:28:34,25.42,--,79,202343,卖盘
2677,10:28:28,25.42,--,10,25420,卖盘
2678,10:28:25,25.42,--,5,12710,卖盘
2679,10:28:16,25.42,-0.01,35,88970,卖盘
2680,10:28:10,25.43,--,140,357037,买盘
2681,10:28:04,25.43,--,3,7629,买盘
2682,10:28:01,25.43,--,4,10172,买盘
2683,10:27:58,25.43,--,9,22887,买盘
2684,10:27:55,25.43,--,136,347373,卖盘
2685,10:27:52,25.43,-0.01,26,66118,卖盘
2686,10:27:49,25.44,--,131,333264,买盘
2687,10:27:46,25.44,0.01,16,40704,买盘
2688,10:27:43,25.43,--,4,10172,卖盘
2689,10:27:40,25.43,--,25,63575,卖盘
2690,10:27:37,25.43,-0.01,34,86462,卖盘
2691,10:27:34,25.44,0.01,4,11193,买盘
2692,10:27:31,25.43,-0.01,8,20344,卖盘
2693,10:27:28,25.44,0.01,100,254400,买盘
2694,10:27:25,25.43,--,13,33059,卖盘
2695,10:27:19,25.43,--,15,38145,卖盘
2696,10:27:16,25.43,--,130,330590,卖盘
2697,10:27:13,25.43,--,26,66118,卖盘
2698,10:27:10,25.43,--,17,43231,卖盘
2699,10:27:07,25.43,--,25,63575,卖盘
2700,10:27:04,25.43,-0.01,105,267015,买盘
2701,10:26:58,25.44,0.01,60,152640,买盘
2702,10:26:55,25.43,0.01,4,10172,买盘
2703,10:26:52,25.42,--,5,12710,卖盘
2704,10:26:49,25.42,-0.01,15,38130,卖盘
2705,10:26:46,25.43,--,35,89005,卖盘
2706,10:26:43,25.43,--,16,40688,卖盘
2707,10:26:40,25.43,--,187,475541,买盘
2708,10:26:34,25.43,--,25,63575,买盘
2709,10:26:31,25.43,--,19,48317,买盘
2710,10:26:28,25.43,--,31,78833,买盘
2711,10:26:25,25.43,0.01,14,35602,买盘
2712,10:26:22,25.42,-0.01,7,17794,卖盘
2713,10:26:19,25.43,0.01,2,5086,买盘
2714,10:26:16,25.42,--,3,7626,卖盘
2715,10:26:10,25.42,-0.01,13,33046,卖盘
2716,10:26:06,25.43,0.01,12,30516,买盘
2717,10:26:03,25.42,-0.01,19,48298,卖盘
2718,10:26:00,25.43,0.01,12,30516,中性盘
2719,10:25:57,25.42,--,30,76260,卖盘
2720,10:25:51,25.42,-0.01,57,144894,卖盘
2721,10:25:48,25.43,0.01,16,40688,买盘
2722,10:25:45,25.42,-0.01,34,86428,卖盘
2723,10:25:42,25.43,0.01,125,317875,买盘
2724,10:25:39,25.42,--,10,25420,卖盘
2725,10:25:36,25.42,0.01,48,122016,卖盘
2726,10:25:30,25.41,-0.01,243,617463,卖盘
2727,10:25:27,25.42,0.01,3,7626,买盘
2728,10:25:24,25.41,-0.01,14,35574,卖盘
2729,10:25:21,25.42,--,18,45756,买盘
2730,10:25:18,25.42,--,23,58466,买盘
2731,10:25:15,25.42,0.01,3,7626,买盘
2732,10:25:09,25.41,--,6,15246,卖盘
2733,10:25:06,25.41,--,73,185493,买盘
2734,10:25:00,25.41,0.01,25,63525,买盘
2735,10:24:57,25.4,-0.01,33,83820,卖盘
2736,10:24:54,25.41,--,5,12705,买盘
2737,10:24:51,25.41,0.01,54,137214,买盘
2738,10:24:45,25.4,-0.01,81,205740,卖盘
2739,10:24:42,25.41,--,45,114345,买盘
2740,10:24:39,25.41,--,12,30492,买盘
2741,10:24:36,25.41,--,94,238854,卖盘
2742,10:24:33,25.41,0.01,52,132132,买盘
2743,10:24:30,25.4,-0.01,5,12700,卖盘
2744,10:24:27,25.41,0.01,4,10164,买盘
2745,10:24:24,25.4,--,9,22860,卖盘
2746,10:24:12,25.4,-0.01,57,144780,卖盘
2747,10:24:09,25.41,0.01,221,561561,买盘
2748,10:24:06,25.4,0.01,25,63500,买盘
2749,10:24:03,25.39,-0.01,15,38085,卖盘
2750,10:24:00,25.4,--,165,419100,买盘
2751,10:23:51,25.4,0.01,4,10160,买盘
2752,10:23:48,25.39,-0.01,51,129489,卖盘
2753,10:23:45,25.4,0.01,72,182880,买盘
2754,10:23:42,25.39,-0.01,52,132028,卖盘
2755,10:23:39,25.4,--,25,63500,买盘
2756,10:23:36,25.4,--,42,106680,买盘
2757,10:23:33,25.4,--,5,12700,买盘
2758,10:23:27,25.4,0.01,50,127000,买盘
2759,10:23:21,25.39,0.01,14,35546,买盘
2760,10:23:18,25.38,-0.01,6,15228,卖盘
2761,10:23:15,25.39,0.01,20,50780,买盘
2762,10:23:09,25.38,0.01,48,121824,买盘
2763,10:23:06,25.37,--,22,55814,买盘
2764,10:23:03,25.37,--,5,12685,买盘
2765,10:23:00,25.37,0.01,13,32981,买盘
2766,10:22:57,25.36,-0.01,5,12680,卖盘
2767,10:22:54,25.37,--,21,53277,买盘
2768,10:22:51,25.37,0.02,60,152220,买盘
2769,10:22:45,25.35,-0.01,58,147030,卖盘
2770,10:22:42,25.36,0.01,23,58328,买盘
2771,10:22:39,25.35,-0.01,170,430950,卖盘
2772,10:22:33,25.36,0.02,10,27667,买盘
2773,10:22:30,25.34,-0.01,2,5068,卖盘
2774,10:22:27,25.35,--,57,144495,买盘
2775,10:22:24,25.35,--,7,17745,买盘
2776,10:22:21,25.35,0.01,207,524745,买盘
2777,10:22:18,25.34,-0.01,2,5068,卖盘
2778,10:22:15,25.35,0.01,13,32955,买盘
2779,10:22:12,25.34,--,9,22806,卖盘
2780,10:22:09,25.34,--,27,68418,卖盘
2781,10:22:06,25.34,-0.01,2,5068,卖盘
2782,10:22:03,25.35,--,7,17745,买盘
2783,10:22:00,25.35,--,12,30420,买盘
2784,10:21:57,25.35,--,6,15210,买盘
2785,10:21:54,25.35,--,15,38025,买盘
2786,10:21:51,25.35,--,90,228150,买盘
