,time,price,change,volume,amount,type
0,15:00:21,16.71,--,5461,9126667,卖盘
1,14:58:05,16.71,--,0,0,买盘
2,14:56:59,16.71,0.01,36,60156,买盘
3,14:56:56,16.7,--,139,232130,卖盘
4,14:56:53,16.7,--,78,131128,卖盘
5,14:56:50,16.7,-0.02,282,470940,卖盘
6,14:56:47,16.72,--,294,493173,买盘
7,14:56:44,16.72,0.01,57,95370,买盘
8,14:56:41,16.71,-0.01,116,195440,卖盘
9,14:56:38,16.72,0.01,346,578512,买盘
10,14:56:35,16.71,-0.01,67,112023,中性盘
11,14:56:32,16.72,0.01,216,361152,买盘
12,14:56:29,16.71,--,82,138626,卖盘
13,14:56:26,16.71,--,171,285807,卖盘
14,14:56:23,16.71,--,86,145310,卖盘
15,14:56:20,16.71,--,12,20052,卖盘
16,14:56:17,16.71,--,8,13368,卖盘
17,14:56:14,16.71,--,133,222309,买盘
18,14:56:11,16.71,--,138,232202,买盘
19,14:56:08,16.71,--,84,140364,买盘
20,14:56:02,16.71,--,53,88629,买盘
21,14:55:59,16.71,-0.01,96,162020,卖盘
22,14:55:56,16.72,0.01,31,51898,买盘
23,14:55:53,16.71,--,214,359198,卖盘
24,14:55:50,16.71,-0.01,97,162153,卖盘
25,14:55:47,16.72,--,30,50160,买盘
26,14:55:44,16.72,0.01,12,21669,买盘
27,14:55:41,16.71,-0.01,66,110286,卖盘
28,14:55:38,16.72,0.01,111,185658,买盘
29,14:55:35,16.71,--,48,80208,卖盘
30,14:55:32,16.71,--,108,180468,卖盘
31,14:55:29,16.71,-0.01,396,662451,卖盘
32,14:55:26,16.72,0.01,218,364496,买盘
33,14:55:20,16.71,--,396,661716,卖盘
34,14:55:14,16.71,--,220,367620,卖盘
35,14:55:11,16.71,--,139,233137,买盘
36,14:55:08,16.71,--,418,698478,买盘
37,14:55:05,16.71,0.01,74,123654,买盘
38,14:55:02,16.7,--,83,138610,卖盘
39,14:54:59,16.7,-0.01,396,662121,卖盘
40,14:54:53,16.71,--,74,123654,卖盘
41,14:54:50,16.71,--,442,739450,买盘
42,14:54:47,16.71,0.01,255,426105,买盘
43,14:54:44,16.7,--,114,190380,卖盘
44,14:54:41,16.7,-0.01,111,185370,卖盘
45,14:54:38,16.71,0.01,696,1163016,买盘
46,14:54:35,16.7,--,72,120240,卖盘
47,14:54:32,16.7,--,474,791580,卖盘
48,14:54:26,16.7,--,67,111890,买盘
49,14:54:23,16.7,--,336,561120,买盘
50,14:54:20,16.7,--,142,237140,买盘
51,14:54:17,16.7,--,27,45090,买盘
52,14:54:14,16.7,--,166,278021,卖盘
53,14:54:11,16.7,--,166,277220,卖盘
54,14:54:08,16.7,--,188,313960,卖盘
55,14:54:05,16.7,-0.01,210,350700,卖盘
56,14:54:02,16.71,--,440,736108,买盘
57,14:53:56,16.71,--,66,110286,买盘
58,14:53:53,16.71,--,84,140364,买盘
59,14:53:50,16.71,--,66,110286,买盘
60,14:53:44,16.71,0.01,98,163758,买盘
61,14:53:41,16.7,-0.01,1241,2072470,卖盘
62,14:53:35,16.71,--,241,402711,卖盘
63,14:53:32,16.71,--,156,260676,卖盘
64,14:53:29,16.71,--,106,177126,卖盘
65,14:53:26,16.71,--,69,115299,卖盘
66,14:53:23,16.71,0.01,129,215559,买盘
67,14:53:20,16.7,-0.01,539,900130,卖盘
68,14:53:14,16.71,--,69,115299,卖盘
69,14:53:11,16.71,--,162,270702,卖盘
70,14:53:08,16.71,0.01,935,1562385,买盘
71,14:53:05,16.7,--,234,390780,卖盘
72,14:53:02,16.7,-0.01,355,592850,卖盘
73,14:52:59,16.71,-0.01,126,210546,卖盘
74,14:52:56,16.72,0.02,69,115367,买盘
75,14:52:53,16.7,-0.01,433,723110,卖盘
76,14:52:50,16.71,--,64,106944,买盘
77,14:52:47,16.71,--,97,162087,买盘
78,14:52:44,16.71,--,499,834296,卖盘
79,14:52:41,16.71,-0.01,118,197178,卖盘
80,14:52:35,16.72,0.01,50,83600,买盘
81,14:52:32,16.71,-0.01,95,158745,卖盘
82,14:52:29,16.72,--,64,107008,买盘
83,14:52:26,16.72,0.01,86,143792,买盘
84,14:52:23,16.71,--,53,88563,卖盘
85,14:52:20,16.71,-0.01,621,1037691,卖盘
86,14:52:17,16.72,0.01,45,75240,买盘
87,14:52:14,16.71,-0.01,348,582711,卖盘
88,14:52:11,16.72,--,45,75240,买盘
89,14:52:08,16.72,-0.01,65,108679,买盘
90,14:52:05,16.73,--,97,162281,买盘
91,14:52:02,16.73,0.01,274,458402,买盘
92,14:51:59,16.72,--,55,92160,卖盘
93,14:51:56,16.72,-0.01,863,1444407,卖盘
94,14:51:50,16.73,--,294,491862,买盘
95,14:51:47,16.73,--,148,247604,买盘
96,14:51:44,16.73,0.01,10,16730,买盘
97,14:51:41,16.72,-0.01,217,362824,卖盘
98,14:51:38,16.73,--,755,1263115,卖盘
99,14:51:35,16.73,--,131,219163,卖盘
100,14:51:29,16.73,--,187,312851,卖盘
101,14:51:26,16.73,--,147,245931,卖盘
102,14:51:23,16.73,-0.01,22,36806,卖盘
103,14:51:20,16.74,0.01,623,1042901,买盘
104,14:51:17,16.73,--,58,97034,卖盘
105,14:51:14,16.73,--,9,15057,卖盘
106,14:51:11,16.73,--,21,35133,卖盘
107,14:51:08,16.73,-0.01,191,319543,卖盘
108,14:51:05,16.74,--,47,78677,买盘
109,14:51:02,16.74,--,7,11717,买盘
110,14:50:59,16.74,--,21,35154,买盘
111,14:50:56,16.74,--,63,105461,买盘
112,14:50:53,16.74,-0.01,146,244403,卖盘
113,14:50:50,16.75,0.01,258,432150,买盘
114,14:50:47,16.74,--,70,117179,卖盘
115,14:50:44,16.74,--,259,433565,卖盘
116,14:50:41,16.74,--,371,621054,卖盘
117,14:50:35,16.74,--,95,159029,卖盘
118,14:50:32,16.74,--,26,43523,卖盘
119,14:50:29,16.74,-0.01,52,87717,卖盘
120,14:50:26,16.75,--,106,178555,买盘
121,14:50:20,16.75,0.01,328,549400,买盘
122,14:50:17,16.74,--,38,63611,卖盘
123,14:50:14,16.74,-0.01,30,50219,卖盘
124,14:50:11,16.75,0.01,146,244550,买盘
125,14:50:08,16.74,-0.01,126,210923,卖盘
126,14:50:05,16.75,--,87,145725,买盘
127,14:49:59,16.75,--,203,340695,卖盘
128,14:49:56,16.75,--,90,150750,卖盘
129,14:49:53,16.75,--,237,397042,卖盘
130,14:49:50,16.75,--,228,383508,卖盘
131,14:49:47,16.75,--,59,98892,卖盘
132,14:49:44,16.75,--,112,189208,卖盘
133,14:49:41,16.75,--,48,80400,卖盘
134,14:49:38,16.75,--,382,639850,卖盘
135,14:49:35,16.75,--,136,227800,卖盘
136,14:49:32,16.75,--,78,131722,卖盘
137,14:49:29,16.75,--,169,283142,卖盘
138,14:49:26,16.75,-0.01,80,134000,卖盘
139,14:49:23,16.76,--,408,685416,买盘
140,14:49:20,16.76,0.01,28,46928,买盘
141,14:49:17,16.75,-0.01,145,242942,卖盘
142,14:49:11,16.76,0.01,145,243623,买盘
143,14:49:08,16.75,--,8,13400,卖盘
144,14:49:05,16.75,--,214,358450,卖盘
145,14:48:59,16.75,-0.01,0,1608,卖盘
146,14:48:53,16.76,0.01,169,284249,买盘
147,14:48:50,16.75,--,47,78725,买盘
148,14:48:47,16.75,--,68,113900,买盘
149,14:48:44,16.75,--,85,142375,买盘
150,14:48:41,16.75,--,215,361532,卖盘
151,14:48:38,16.75,-0.01,111,186193,卖盘
152,14:48:32,16.76,--,50,83800,买盘
153,14:48:29,16.76,0.01,156,261456,买盘
154,14:48:26,16.75,--,136,227800,卖盘
155,14:48:23,16.75,-0.01,10,16750,卖盘
156,14:48:20,16.76,0.01,84,140784,买盘
157,14:48:17,16.75,-0.01,78,130650,卖盘
158,14:48:14,16.76,--,15,25140,买盘
159,14:48:11,16.76,0.01,10,16760,买盘
160,14:48:08,16.75,-0.01,164,276040,卖盘
161,14:48:05,16.76,--,214,358999,卖盘
162,14:47:59,16.76,-0.01,25,41900,卖盘
163,14:47:56,16.77,0.01,45,75465,买盘
164,14:47:53,16.76,0.02,5,8380,中性盘
165,14:47:50,16.74,-0.03,401,671273,卖盘
166,14:47:44,16.77,--,142,238201,买盘
167,14:47:41,16.77,--,134,226327,买盘
168,14:47:38,16.77,0.02,86,144624,买盘
169,14:47:35,16.75,-0.01,1187,1989498,卖盘
170,14:47:32,16.76,-0.01,101,169343,卖盘
171,14:47:29,16.77,--,0,1609,卖盘
172,14:47:26,16.77,0.01,44,74056,买盘
173,14:47:20,16.76,-0.01,522,874872,卖盘
174,14:47:17,16.77,--,22,36894,买盘
175,14:47:14,16.77,0.01,138,231493,买盘
176,14:47:11,16.76,--,9,15084,卖盘
177,14:47:05,16.76,--,25,41900,卖盘
178,14:47:02,16.76,--,31,51956,买盘
179,14:46:59,16.76,--,363,608388,买盘
180,14:46:53,16.76,0.01,21,35196,买盘
181,14:46:50,16.75,-0.01,8,13400,卖盘
182,14:46:47,16.76,--,47,78772,买盘
183,14:46:44,16.76,--,282,472699,买盘
184,14:46:38,16.76,--,10,16760,买盘
185,14:46:35,16.76,--,36,61944,卖盘
186,14:46:32,16.76,--,7,11799,卖盘
187,14:46:29,16.76,--,26,45184,卖盘
188,14:46:26,16.76,0.01,7,11799,中性盘
189,14:46:20,16.75,--,220,368500,买盘
190,14:46:17,16.75,--,31,51925,买盘
191,14:46:14,16.75,--,97,162475,买盘
192,14:46:11,16.75,--,26,43550,买盘
193,14:46:08,16.75,-0.01,1547,2592632,卖盘
194,14:46:05,16.76,-0.01,748,1255189,卖盘
195,14:46:02,16.77,--,10,16770,卖盘
196,14:45:56,16.77,--,462,774908,买盘
197,14:45:50,16.77,0.01,337,565149,买盘
198,14:45:44,16.76,--,225,377100,卖盘
199,14:45:41,16.76,--,123,206148,卖盘
200,14:45:38,16.76,-0.01,65,109007,卖盘
201,14:45:35,16.77,--,28,48565,买盘
202,14:45:32,16.77,0.01,17,28576,买盘
203,14:45:29,16.76,--,14,25072,卖盘
204,14:45:26,16.76,--,196,328496,买盘
205,14:45:23,16.76,--,57,95599,买盘
206,14:45:20,16.76,--,164,276472,买盘
207,14:45:17,16.76,0.01,80,134080,买盘
208,14:45:14,16.75,-0.01,137,229542,卖盘
209,14:45:11,16.76,0.01,67,112292,买盘
210,14:45:08,16.75,-0.01,25,41875,卖盘
211,14:45:05,16.76,--,13,21788,买盘
212,14:45:02,16.76,0.01,37,62012,买盘
213,14:44:59,16.75,--,65,108875,卖盘
214,14:44:56,16.75,0.01,128,214601,买盘
215,14:44:53,16.74,-0.01,816,1367591,卖盘
216,14:44:50,16.75,-0.01,128,214400,卖盘
217,14:44:47,16.76,0.01,52,87152,买盘
218,14:44:44,16.75,--,277,464042,买盘
219,14:44:38,16.75,-0.01,75,127166,卖盘
220,14:44:35,16.76,0.01,28,46928,买盘
221,14:44:32,16.75,--,98,164150,卖盘
222,14:44:29,16.75,--,38,63650,卖盘
223,14:44:26,16.75,0.01,784,1313334,买盘
224,14:44:23,16.74,--,222,371627,买盘
225,14:44:20,16.74,-0.01,70,117179,卖盘
226,14:44:17,16.75,0.02,73,122275,买盘
227,14:44:14,16.73,--,357,597261,卖盘
228,14:44:08,16.73,--,10,16730,卖盘
229,14:44:05,16.73,--,128,214144,买盘
230,14:44:02,16.73,0.01,155,259315,买盘
231,14:43:59,16.72,--,78,130415,卖盘
232,14:43:56,16.72,-0.01,65,108679,卖盘
233,14:43:53,16.73,--,71,118783,买盘
234,14:43:50,16.73,--,11,18403,买盘
235,14:43:47,16.73,--,122,204106,买盘
236,14:43:44,16.73,--,388,649124,买盘
237,14:43:41,16.73,--,805,1346765,卖盘
238,14:43:38,16.73,-0.01,168,281064,卖盘
239,14:43:35,16.74,--,112,187487,买盘
240,14:43:29,16.74,-0.01,39,65285,中性盘
241,14:43:26,16.75,--,50,83750,买盘
242,14:43:23,16.75,0.01,70,117250,买盘
243,14:43:20,16.74,--,230,386493,卖盘
244,14:43:17,16.74,-0.01,89,149052,卖盘
245,14:43:14,16.75,0.01,174,293058,买盘
246,14:43:11,16.74,-0.01,156,261210,卖盘
247,14:43:08,16.75,0.01,189,316575,买盘
248,14:43:05,16.74,--,5,8370,卖盘
249,14:43:02,16.74,-0.01,23,38502,卖盘
250,14:42:59,16.75,--,8,13400,买盘
251,14:42:56,16.75,0.01,128,214400,买盘
252,14:42:50,16.74,-0.01,64,107135,卖盘
253,14:42:47,16.75,-0.01,334,559450,卖盘
254,14:42:41,16.76,0.02,29,48671,买盘
255,14:42:38,16.74,--,122,204227,卖盘
256,14:42:35,16.74,-0.01,75,125616,卖盘
257,14:42:32,16.75,--,108,180900,买盘
258,14:42:29,16.75,--,46,78658,买盘
259,14:42:26,16.75,--,12,20100,买盘
260,14:42:20,16.75,-0.01,34,58558,卖盘
261,14:42:17,16.76,0.01,183,306775,买盘
262,14:42:11,16.75,--,356,596367,卖盘
263,14:42:08,16.75,--,83,139025,买盘
264,14:42:05,16.75,--,21,35175,买盘
265,14:42:02,16.75,--,26,43550,买盘
266,14:41:59,16.75,-0.01,210,353358,卖盘
267,14:41:56,16.76,--,152,254752,买盘
268,14:41:53,16.76,--,76,127376,卖盘
269,14:41:50,16.76,-0.01,67,112292,卖盘
270,14:41:47,16.77,0.01,108,181116,买盘
271,14:41:44,16.76,--,214,358664,买盘
272,14:41:41,16.76,0.01,75,125767,买盘
273,14:41:38,16.75,-0.01,20,35108,卖盘
274,14:41:35,16.76,0.01,31,52023,买盘
275,14:41:32,16.75,-0.01,564,944700,卖盘
276,14:41:29,16.76,--,136,227936,卖盘
277,14:41:20,16.76,--,206,345256,卖盘
278,14:41:17,16.76,0.01,40,67040,买盘
279,14:41:11,16.75,-0.01,144,241200,卖盘
280,14:41:08,16.76,0.01,208,348608,买盘
281,14:41:05,16.75,--,103,172525,卖盘
282,14:41:02,16.75,--,36,60300,卖盘
283,14:40:59,16.75,--,91,152425,卖盘
284,14:40:56,16.75,--,53,88775,卖盘
285,14:40:53,16.75,-0.01,127,212725,卖盘
286,14:40:50,16.76,--,120,201120,买盘
287,14:40:47,16.76,--,45,75420,买盘
288,14:40:44,16.76,-0.01,105,177588,卖盘
289,14:40:41,16.77,0.01,168,281803,买盘
290,14:40:38,16.76,--,31,51956,卖盘
291,14:40:35,16.76,--,78,130728,卖盘
292,14:40:32,16.76,-0.01,34,56984,卖盘
293,14:40:29,16.77,0.01,142,238134,买盘
294,14:40:26,16.76,--,60,100560,卖盘
295,14:40:23,16.76,--,125,209500,卖盘
296,14:40:20,16.76,--,57,95532,卖盘
297,14:40:17,16.76,--,168,282104,卖盘
298,14:40:14,16.76,--,118,197835,卖盘
299,14:40:11,16.76,--,169,283244,卖盘
300,14:40:08,16.76,--,239,400564,卖盘
301,14:40:02,16.76,--,417,698892,卖盘
302,14:39:59,16.76,--,15,25140,卖盘
303,14:39:56,16.76,-0.01,118,198840,卖盘
304,14:39:47,16.77,--,28,46956,买盘
305,14:39:44,16.77,--,7,11739,买盘
306,14:39:41,16.77,--,198,332046,买盘
307,14:39:38,16.77,-0.01,48,82105,卖盘
308,14:39:35,16.78,0.01,689,1156209,买盘
309,14:39:29,16.77,-0.01,118,197886,卖盘
310,14:39:23,16.78,--,110,186190,买盘
311,14:39:20,16.78,--,216,362448,买盘
312,14:39:17,16.78,--,173,290361,买盘
313,14:39:14,16.78,--,169,283582,买盘
314,14:39:11,16.78,--,103,172834,买盘
315,14:39:04,16.78,--,130,218140,买盘
316,14:39:01,16.78,--,50,83900,买盘
317,14:38:58,16.78,0.01,1,1678,买盘
318,14:38:52,16.77,-0.01,386,648931,卖盘
319,14:38:49,16.78,--,16,26848,卖盘
320,14:38:46,16.78,--,285,478230,卖盘
321,14:38:43,16.78,--,314,526892,卖盘
322,14:38:40,16.78,--,179,300429,卖盘
323,14:38:37,16.78,--,20,35170,卖盘
324,14:38:34,16.78,-0.01,41,68865,卖盘
325,14:38:31,16.79,--,22,36938,卖盘
326,14:38:25,16.79,--,58,98993,中性盘
327,14:38:25,16.79,--,150,251850,卖盘
328,14:38:19,16.79,--,8,13432,卖盘
329,14:38:16,16.79,0.01,45,75622,买盘
330,14:38:13,16.78,-0.01,141,236598,卖盘
331,14:38:10,16.79,--,33,55407,买盘
332,14:38:04,16.79,--,239,401281,卖盘
333,14:38:01,16.79,--,22,36938,卖盘
334,14:37:58,16.79,-0.01,183,307257,卖盘
335,14:37:55,16.8,--,16,26880,买盘
336,14:37:52,16.8,--,211,354480,买盘
337,14:37:49,16.8,--,148,248640,买盘
338,14:37:43,16.8,--,168,282240,卖盘
339,14:37:40,16.8,--,649,1090320,卖盘
340,14:37:37,16.8,--,44,73920,卖盘
341,14:37:34,16.8,--,157,263760,卖盘
342,14:37:31,16.8,-0.01,751,1261680,卖盘
343,14:37:28,16.81,0.01,49,82369,买盘
344,14:37:25,16.8,--,334,561120,卖盘
345,14:37:22,16.8,--,82,137760,卖盘
346,14:37:19,16.8,--,183,307440,卖盘
347,14:37:16,16.8,--,170,285600,卖盘
348,14:37:13,16.8,-0.01,225,378067,卖盘
349,14:37:10,16.81,0.01,190,319390,买盘
350,14:37:04,16.8,--,108,181440,卖盘
351,14:37:01,16.8,--,174,292320,卖盘
352,14:36:58,16.8,--,98,164640,卖盘
353,14:36:55,16.8,--,120,201600,卖盘
354,14:36:52,16.8,--,31,52080,卖盘
355,14:36:49,16.8,--,262,440160,卖盘
356,14:36:46,16.8,-0.01,314,527520,卖盘
357,14:36:40,16.81,--,73,122712,买盘
358,14:36:31,16.81,--,123,206762,买盘
359,14:36:28,16.81,--,42,70602,买盘
360,14:36:25,16.81,--,20,33620,买盘
361,14:36:22,16.81,--,126,211805,买盘
362,14:36:13,16.81,-0.01,204,342924,卖盘
363,14:36:07,16.82,0.02,35,58870,买盘
364,14:36:04,16.8,-0.02,220,369600,卖盘
365,14:36:01,16.82,0.01,103,173246,买盘
366,14:35:58,16.81,--,66,110945,卖盘
367,14:35:55,16.81,-0.01,636,1069116,卖盘
368,14:35:49,16.82,0.01,41,68962,买盘
369,14:35:43,16.81,-0.01,207,348034,卖盘
370,14:35:37,16.82,0.01,19,31958,中性盘
371,14:35:34,16.81,-0.01,84,141204,卖盘
372,14:35:31,16.82,0.01,154,259028,卖盘
373,14:35:25,16.81,-0.01,81,136161,卖盘
374,14:35:22,16.82,--,26,43732,卖盘
375,14:35:19,16.82,--,59,99439,买盘
376,14:35:16,16.82,--,66,111012,买盘
377,14:35:13,16.82,0.01,83,139673,买盘
378,14:35:10,16.81,-0.01,137,230296,卖盘
379,14:35:07,16.82,0.01,26,43732,买盘
380,14:35:01,16.81,-0.01,133,223572,卖盘
381,14:34:58,16.82,0.01,20,33640,买盘
382,14:34:55,16.81,-0.01,80,134480,卖盘
383,14:34:49,16.82,0.01,91,153062,买盘
384,14:34:46,16.81,-0.01,36,60515,卖盘
385,14:34:43,16.82,--,145,243890,买盘
386,14:34:40,16.82,0.01,42,70644,买盘
387,14:34:37,16.81,-0.01,105,176572,卖盘
388,14:34:34,16.82,--,156,264006,买盘
389,14:34:28,16.82,0.01,169,284325,买盘
390,14:34:22,16.81,-0.01,68,114307,卖盘
391,14:34:16,16.82,0.01,0,1614,买盘
392,14:34:10,16.81,--,191,321138,卖盘
393,14:34:07,16.81,--,24,40344,卖盘
394,14:34:04,16.81,--,139,233658,卖盘
395,14:34:01,16.81,--,69,115988,买盘
396,14:33:58,16.81,--,115,193314,买盘
397,14:33:55,16.81,--,33,55472,买盘
398,14:33:52,16.81,0.01,152,255511,买盘
399,14:33:49,16.8,-0.01,211,354480,卖盘
400,14:33:43,16.81,--,79,132799,买盘
401,14:33:40,16.81,--,120,201719,买盘
402,14:33:37,16.81,--,190,319390,卖盘
403,14:33:34,16.81,--,161,270641,买盘
404,14:33:31,16.81,--,15,25214,买盘
405,14:33:28,16.81,0.01,179,300899,中性盘
406,14:33:19,16.8,-0.01,254,426720,卖盘
407,14:33:16,16.81,0.01,13,21853,中性盘
408,14:33:10,16.8,-0.01,268,450240,卖盘
409,14:33:04,16.81,--,174,292494,买盘
410,14:33:01,16.81,0.01,199,334519,买盘
411,14:32:58,16.8,--,26,43680,卖盘
412,14:32:55,16.8,-0.01,260,436800,卖盘
413,14:32:52,16.81,0.01,273,458912,买盘
414,14:32:46,16.8,-0.01,283,475440,卖盘
415,14:32:43,16.81,--,590,991789,买盘
416,14:32:37,16.81,--,398,669038,卖盘
417,14:32:34,16.81,-0.01,5,8405,卖盘
418,14:32:31,16.82,--,238,400316,买盘
419,14:32:28,16.82,0.01,82,137924,买盘
420,14:32:25,16.81,--,67,112626,卖盘
421,14:32:22,16.81,--,517,869076,买盘
422,14:32:13,16.81,--,261,438740,买盘
423,14:32:10,16.81,--,14,23534,买盘
424,14:32:07,16.81,--,249,418568,买盘
425,14:32:04,16.81,--,206,346286,卖盘
426,14:31:58,16.81,-0.01,82,137842,卖盘
427,14:31:55,16.82,0.02,155,260710,买盘
428,14:31:52,16.8,--,355,596400,卖盘
429,14:31:49,16.8,-0.01,184,309120,卖盘
430,14:31:46,16.81,--,210,353010,买盘
431,14:31:43,16.81,0.01,86,144566,买盘
432,14:31:40,16.8,-0.01,290,488409,卖盘
433,14:31:37,16.81,--,74,124393,买盘
434,14:31:34,16.81,--,466,784825,卖盘
435,14:31:28,16.81,-0.01,239,401826,卖盘
436,14:31:25,16.82,0.01,282,474324,买盘
437,14:31:19,16.81,-0.01,430,724040,卖盘
438,14:31:16,16.82,0.01,24,40368,买盘
439,14:31:13,16.81,--,192,323357,卖盘
440,14:31:10,16.81,-0.01,269,452188,卖盘
441,14:31:04,16.82,0.01,157,264074,买盘
442,14:31:01,16.81,-0.01,30,50429,卖盘
443,14:30:58,16.82,0.01,35,58870,买盘
444,14:30:55,16.81,-0.01,147,247106,卖盘
445,14:30:49,16.82,0.01,61,102602,买盘
446,14:30:46,16.81,-0.01,436,733588,卖盘
447,14:30:43,16.82,--,106,179906,卖盘
448,14:30:40,16.82,--,190,320118,卖盘
449,14:30:37,16.82,-0.01,73,122853,卖盘
450,14:30:34,16.83,0.01,64,109327,买盘
451,14:30:28,16.82,--,47,79121,卖盘
452,14:30:25,16.82,--,12,21798,卖盘
453,14:30:22,16.82,-0.01,142,238844,卖盘
454,14:30:19,16.83,0.01,10,16830,买盘
455,14:30:16,16.82,--,19,32025,卖盘
456,14:30:13,16.82,-0.01,98,166248,卖盘
457,14:30:10,16.83,--,175,294794,卖盘
458,14:30:07,16.83,--,104,176647,卖盘
459,14:30:04,16.83,--,7,11848,卖盘
460,14:30:01,16.83,0.01,22,37025,买盘
461,14:29:55,16.82,-0.02,298,502850,卖盘
462,14:29:52,16.84,0.01,55,92687,买盘
463,14:29:46,16.83,0.01,280,471778,买盘
464,14:29:46,16.82,-0.01,162,272484,卖盘
465,14:29:37,16.83,0.01,156,262548,买盘
466,14:29:34,16.82,--,30,50863,卖盘
467,14:29:28,16.82,--,177,297714,卖盘
468,14:29:25,16.82,-0.01,279,470489,卖盘
469,14:29:22,16.83,--,84,141372,买盘
470,14:29:19,16.83,0.01,77,129590,买盘
471,14:29:16,16.82,-0.01,190,319580,卖盘
472,14:29:13,16.83,-0.01,39,66175,卖盘
473,14:29:10,16.84,0.01,200,336800,买盘
474,14:29:07,16.83,--,301,506582,卖盘
475,14:29:01,16.83,--,264,444311,卖盘
476,14:28:58,16.83,-0.01,340,573364,卖盘
477,14:28:49,16.84,0.01,45,75780,买盘
478,14:28:46,16.83,-0.01,70,117809,卖盘
479,14:28:40,16.84,--,135,227340,买盘
480,14:28:37,16.84,--,37,62308,买盘
481,14:28:31,16.84,0.01,115,193660,买盘
482,14:28:28,16.83,-0.02,343,577268,卖盘
483,14:28:22,16.85,--,312,525720,卖盘
484,14:28:16,16.85,0.02,107,180295,买盘
485,14:28:13,16.83,-0.02,61,102662,卖盘
486,14:28:10,16.85,--,31,52235,买盘
487,14:28:04,16.85,0.01,180,303300,买盘
488,14:28:01,16.84,--,13,21892,卖盘
489,14:27:58,16.84,--,148,249232,卖盘
490,14:27:55,16.84,-0.01,135,228956,卖盘
491,14:27:52,16.85,0.01,26,43810,买盘
492,14:27:49,16.84,-0.01,303,510252,卖盘
493,14:27:46,16.85,--,51,85935,买盘
494,14:27:43,16.85,--,92,155020,买盘
495,14:27:40,16.85,--,107,180295,买盘
496,14:27:37,16.85,0.01,26,43810,买盘
497,14:27:34,16.84,-0.01,84,141456,卖盘
498,14:27:31,16.85,-0.01,25,42125,买盘
499,14:27:28,16.86,0.01,266,448476,买盘
500,14:27:22,16.85,--,162,274250,买盘
501,14:27:19,16.85,--,5,8425,买盘
502,14:27:16,16.85,--,121,203885,买盘
503,14:27:13,16.85,-0.01,115,194449,卖盘
504,14:27:10,16.86,0.01,16,26976,买盘
505,14:27:07,16.85,--,155,261175,卖盘
506,14:27:01,16.85,-0.01,98,165130,卖盘
507,14:26:58,16.86,0.01,45,75870,买盘
508,14:26:55,16.85,--,102,172678,卖盘
509,14:26:52,16.85,-0.01,86,144910,卖盘
510,14:26:49,16.86,--,18,30348,卖盘
511,14:26:46,16.86,0.01,256,433234,买盘
512,14:26:37,16.85,-0.01,112,188720,卖盘
513,14:26:34,16.86,--,20,33720,买盘
514,14:26:31,16.86,--,2,3372,买盘
515,14:26:28,16.86,0.01,4,6744,中性盘
516,14:26:25,16.85,-0.01,246,414577,卖盘
517,14:26:22,16.86,--,33,55638,买盘
518,14:26:13,16.86,-0.01,319,538103,卖盘
519,14:26:07,16.87,0.01,48,80976,买盘
520,14:26:07,16.86,-0.01,286,482196,卖盘
521,14:26:01,16.87,--,213,359331,买盘
522,14:25:52,16.87,--,91,153517,买盘
523,14:25:49,16.87,--,85,143395,买盘
524,14:25:43,16.87,0.01,136,230309,买盘
525,14:25:37,16.86,-0.01,10,16860,卖盘
526,14:25:31,16.87,--,1,1687,买盘
527,14:25:28,16.87,0.01,10,16870,买盘
528,14:25:25,16.86,--,46,77556,卖盘
529,14:25:19,16.86,-0.01,63,106218,卖盘
530,14:25:13,16.87,--,8,13496,买盘
531,14:25:10,16.87,--,63,106281,卖盘
532,14:25:01,16.87,--,101,170387,卖盘
533,14:24:55,16.87,0.01,280,472360,买盘
534,14:24:52,16.86,--,50,84300,卖盘
535,14:24:49,16.86,-0.01,10,16860,卖盘
536,14:24:46,16.87,0.01,47,79289,买盘
537,14:24:43,16.86,--,159,268276,卖盘
538,14:24:37,16.86,-0.01,19,32034,卖盘
539,14:24:34,16.87,0.01,21,35427,买盘
540,14:24:31,16.86,--,14,24143,卖盘
541,14:24:28,16.86,-0.01,44,74184,卖盘
542,14:24:25,16.87,0.01,28,47236,买盘
543,14:24:22,16.86,-0.01,21,35406,卖盘
544,14:24:19,16.87,0.01,60,101220,买盘
545,14:24:16,16.86,-0.01,32,53952,卖盘
546,14:24:13,16.87,0.01,48,80976,中性盘
547,14:24:07,16.86,-0.01,26,43836,卖盘
548,14:24:04,16.87,--,35,60529,买盘
549,14:24:01,16.87,0.01,13,21931,买盘
550,14:23:55,16.86,-0.01,73,123078,卖盘
551,14:23:49,16.87,--,126,212562,买盘
552,14:23:43,16.87,0.02,6,10122,买盘
553,14:23:40,16.85,-0.03,240,404400,卖盘
554,14:23:34,16.88,0.02,91,153608,买盘
555,14:23:31,16.86,-0.01,105,177030,卖盘
556,14:23:25,16.87,--,335,565145,卖盘
557,14:23:16,16.87,0.01,120,202440,买盘
558,14:23:13,16.86,-0.01,101,171027,卖盘
559,14:23:10,16.87,--,136,229432,买盘
560,14:23:07,16.87,--,7,11809,买盘
561,14:23:04,16.87,0.01,202,340774,买盘
562,14:23:01,16.86,--,11,18546,卖盘
563,14:22:58,16.86,--,133,224238,卖盘
564,14:22:55,16.86,-0.01,49,82614,卖盘
565,14:22:52,16.87,--,21,35427,买盘
566,14:22:46,16.87,0.02,7,11809,买盘
567,14:22:43,16.85,-0.01,162,273846,卖盘
568,14:22:37,16.86,--,126,212436,卖盘
569,14:22:34,16.86,-0.01,53,89425,买盘
570,14:22:31,16.87,0.02,52,88331,买盘
571,14:22:28,16.85,--,192,324463,卖盘
572,14:22:22,16.85,-0.01,69,116804,卖盘
573,14:22:19,16.86,0.01,191,322026,买盘
574,14:22:16,16.85,0.01,105,178407,买盘
575,14:22:13,16.84,-0.01,194,327369,卖盘
576,14:22:07,16.85,0.01,19,32082,买盘
577,14:22:04,16.84,-0.01,46,79080,卖盘
578,14:22:01,16.85,-0.01,79,133384,卖盘
579,14:21:58,16.86,0.01,167,281562,买盘
580,14:21:55,16.85,-0.01,57,96045,卖盘
581,14:21:52,16.86,0.01,64,107904,买盘
582,14:21:49,16.85,--,84,141540,卖盘
583,14:21:46,16.85,-0.01,116,195460,卖盘
584,14:21:43,16.86,0.01,211,356150,买盘
585,14:21:37,16.85,--,43,72455,卖盘
586,14:21:34,16.85,-0.01,71,119635,卖盘
587,14:21:28,16.86,0.01,5,8430,买盘
588,14:21:25,16.85,-0.01,125,210625,卖盘
589,14:21:22,16.86,--,40,67440,买盘
590,14:21:19,16.86,-0.01,103,174669,卖盘
591,14:21:16,16.87,-0.01,142,239554,中性盘
592,14:21:13,16.88,0.02,207,349483,买盘
593,14:21:10,16.86,--,96,161990,卖盘
594,14:21:07,16.86,--,19,32101,卖盘
595,14:21:04,16.86,--,206,347316,卖盘
596,14:21:01,16.86,-0.02,2,4990,卖盘
597,14:20:58,16.88,0.02,4,6752,买盘
598,14:20:55,16.86,-0.01,53,89425,卖盘
599,14:20:52,16.87,0.01,216,364392,买盘
600,14:20:46,16.86,--,10,16860,卖盘
601,14:20:43,16.86,--,115,194294,卖盘
602,14:20:40,16.86,-0.01,1,1686,卖盘
603,14:20:37,16.87,0.01,143,241241,买盘
604,14:20:34,16.86,--,4,6744,卖盘
605,14:20:28,16.86,--,31,53210,卖盘
606,14:20:19,16.86,-0.02,2,4316,卖盘
607,14:20:13,16.88,--,74,124911,买盘
608,14:20:10,16.88,0.01,176,297088,买盘
609,14:20:06,16.87,-0.01,10,16870,卖盘
610,14:20:03,16.88,0.01,14,23632,买盘
611,14:20:00,16.87,-0.01,11,18557,卖盘
612,14:19:57,16.88,0.01,96,162048,买盘
613,14:19:51,16.87,--,10,16870,卖盘
614,14:19:48,16.87,--,5,8435,卖盘
615,14:19:45,16.87,0.01,71,119777,中性盘
616,14:19:39,16.86,-0.01,150,253304,卖盘
617,14:19:36,16.87,--,66,111342,买盘
618,14:19:33,16.87,0.01,39,65793,买盘
619,14:19:27,16.86,--,26,43836,卖盘
620,14:19:21,16.86,--,196,330456,卖盘
621,14:19:18,16.86,-0.01,16,26976,卖盘
622,14:19:15,16.87,0.01,13,21931,中性盘
623,14:19:09,16.86,-0.02,88,148974,卖盘
624,14:19:06,16.88,0.03,100,168800,买盘
625,14:19:03,16.85,-0.01,224,377440,卖盘
626,14:18:57,16.86,--,10,16860,卖盘
627,14:18:54,16.86,--,36,60696,买盘
628,14:18:51,16.86,0.01,94,158484,买盘
629,14:18:48,16.85,--,28,47180,卖盘
630,14:18:45,16.85,--,29,48865,卖盘
631,14:18:42,16.85,--,156,263331,买盘
632,14:18:39,16.85,--,10,16850,买盘
633,14:18:36,16.85,-0.01,6,11727,买盘
634,14:18:33,16.86,0.01,214,360804,买盘
635,14:18:30,16.85,--,29,48932,卖盘
636,14:18:27,16.85,--,22,38687,卖盘
637,14:18:24,16.85,--,5,9436,卖盘
638,14:18:18,16.85,--,60,102043,卖盘
639,14:18:15,16.85,--,148,250188,买盘
640,14:18:09,16.85,0.01,40,67400,买盘
641,14:18:06,16.84,-0.01,65,109460,卖盘
642,14:18:03,16.85,--,194,326890,买盘
643,14:18:00,16.85,0.01,38,64030,买盘
644,14:17:57,16.84,--,43,72412,卖盘
645,14:17:54,16.84,--,40,67360,卖盘
646,14:17:51,16.84,--,2,3368,卖盘
647,14:17:48,16.84,--,32,53888,卖盘
648,14:17:45,16.84,--,56,94304,卖盘
649,14:17:39,16.84,-0.02,14,23980,卖盘
650,14:17:36,16.86,0.01,78,131508,买盘
651,14:17:33,16.85,--,32,53920,卖盘
652,14:17:30,16.85,--,42,70770,卖盘
653,14:17:27,16.85,-0.01,20,33700,卖盘
654,14:17:24,16.86,0.01,16,26976,买盘
655,14:17:21,16.85,--,176,296560,卖盘
656,14:17:18,16.85,--,114,193707,卖盘
657,14:17:15,16.85,--,19,32082,卖盘
658,14:17:12,16.85,--,493,830974,卖盘
659,14:17:09,16.85,--,16,26960,卖盘
660,14:17:06,16.85,--,12,20220,卖盘
661,14:17:00,16.85,-0.01,503,847555,卖盘
662,14:16:57,16.86,-0.01,188,316968,卖盘
663,14:16:51,16.87,--,13,21931,买盘
664,14:16:48,16.87,--,27,45549,买盘
665,14:16:45,16.87,0.01,60,101220,买盘
666,14:16:42,16.86,-0.01,87,146682,卖盘
667,14:16:39,16.87,--,10,16870,买盘
668,14:16:36,16.87,--,1,1687,买盘
669,14:16:33,16.87,--,85,144947,卖盘
670,14:16:30,16.87,--,102,172074,卖盘
671,14:16:27,16.87,--,69,116470,卖盘
672,14:16:24,16.87,--,4,8367,卖盘
673,14:16:21,16.87,--,45,75982,卖盘
674,14:16:18,16.87,--,38,65050,卖盘
675,14:16:15,16.87,-0.01,48,81920,卖盘
676,14:16:12,16.88,--,28,47264,买盘
677,14:16:09,16.88,--,14,24307,卖盘
678,14:16:06,16.88,--,41,69208,卖盘
679,14:16:03,16.88,--,206,348875,卖盘
680,14:15:57,16.88,--,29,48952,卖盘
681,14:15:51,16.88,--,16,27008,卖盘
682,14:15:48,16.88,--,121,205733,买盘
683,14:15:45,16.88,--,45,76027,买盘
684,14:15:42,16.88,--,53,89531,卖盘
685,14:15:39,16.88,-0.01,194,327472,卖盘
686,14:15:36,16.89,0.01,188,317532,买盘
687,14:15:33,16.88,--,24,40512,卖盘
688,14:15:30,16.88,--,116,197428,卖盘
689,14:15:27,16.88,-0.01,69,116539,卖盘
690,14:15:24,16.89,0.01,6,11755,买盘
691,14:15:21,16.88,--,37,62523,卖盘
692,14:15:18,16.88,--,4,8372,卖盘
693,14:15:12,16.88,--,152,258196,卖盘
694,14:15:09,16.88,--,30,50640,卖盘
695,14:15:06,16.88,--,9,15259,卖盘
696,14:15:03,16.88,--,4,8372,卖盘
697,14:15:00,16.88,-0.01,20,33760,卖盘
698,14:14:57,16.89,0.01,51,86206,买盘
699,14:14:54,16.88,--,204,344352,卖盘
700,14:14:51,16.88,0.01,16,27008,买盘
701,14:14:48,16.87,--,122,205814,卖盘
702,14:14:42,16.87,--,12,21863,卖盘
703,14:14:39,16.87,-0.01,85,143597,卖盘
704,14:14:36,16.88,--,72,121536,卖盘
705,14:14:33,16.88,--,205,347457,买盘
706,14:14:30,16.88,0.01,10,16880,买盘
707,14:14:27,16.87,-0.01,99,167013,卖盘
708,14:14:24,16.88,0.01,10,16880,买盘
709,14:14:21,16.87,--,67,113029,卖盘
710,14:14:18,16.87,-0.01,62,104728,卖盘
711,14:14:15,16.88,--,27,46386,买盘
712,14:14:12,16.88,0.01,128,216671,买盘
713,14:14:09,16.87,--,12,21121,卖盘
714,14:14:06,16.87,0.01,411,693357,买盘
715,14:14:00,16.86,--,73,123078,卖盘
716,14:13:57,16.86,--,45,75870,卖盘
717,14:13:54,16.86,--,276,465336,卖盘
718,14:13:48,16.86,0.01,41,69463,买盘
719,14:13:45,16.85,-0.01,29,48865,卖盘
720,14:13:42,16.86,--,735,1239884,买盘
721,14:13:33,16.86,0.01,15,25290,买盘
722,14:13:30,16.85,--,53,89305,卖盘
723,14:13:27,16.85,-0.01,35,58975,卖盘
724,14:13:24,16.86,--,46,77556,买盘
725,14:13:18,16.86,--,102,171972,买盘
726,14:13:15,16.86,--,12,20232,买盘
727,14:13:12,16.86,--,101,170286,卖盘
728,14:13:09,16.86,--,158,266388,卖盘
729,14:13:06,16.86,--,83,139938,卖盘
730,14:13:03,16.86,--,60,101160,卖盘
731,14:13:00,16.86,-0.01,15,25290,卖盘
732,14:12:57,16.87,--,81,136647,买盘
733,14:12:54,16.87,--,20,33740,买盘
734,14:12:51,16.87,0.01,111,187257,买盘
735,14:12:48,16.86,--,246,414756,卖盘
736,14:12:45,16.86,--,204,343944,卖盘
737,14:12:39,16.86,-0.01,139,234354,卖盘
738,14:12:36,16.87,--,25,42175,买盘
739,14:12:33,16.87,--,5,8435,买盘
740,14:12:30,16.87,--,29,48923,买盘
741,14:12:24,16.87,0.01,22,37114,买盘
742,14:12:21,16.86,-0.01,111,187146,卖盘
743,14:12:18,16.87,-0.01,54,92110,卖盘
744,14:12:12,16.88,0.01,64,108842,买盘
745,14:12:09,16.87,--,66,111342,卖盘
746,14:12:06,16.87,--,7,12416,卖盘
747,14:12:03,16.87,-0.01,99,167957,卖盘
748,14:12:00,16.88,0.01,4,6752,买盘
749,14:11:57,16.87,--,2,3374,卖盘
750,14:11:54,16.87,-0.01,263,443681,卖盘
751,14:11:51,16.88,--,36,60768,买盘
752,14:11:48,16.88,--,20,33760,买盘
753,14:11:42,16.88,--,60,101280,买盘
754,14:11:39,16.88,--,49,82914,卖盘
755,14:11:36,16.88,--,67,113096,卖盘
756,14:11:33,16.88,--,73,123224,卖盘
757,14:11:30,16.88,--,144,244557,卖盘
758,14:11:27,16.88,--,103,173864,卖盘
759,14:11:24,16.88,--,119,200872,卖盘
760,14:11:21,16.88,--,173,292024,卖盘
761,14:11:15,16.88,--,612,1033055,卖盘
762,14:11:12,16.88,-0.01,30,50640,卖盘
763,14:11:09,16.89,--,57,96273,买盘
764,14:11:06,16.89,0.01,18,30402,买盘
765,14:11:03,16.88,--,114,192432,卖盘
766,14:10:57,16.88,-0.01,11,18568,卖盘
767,14:10:54,16.89,--,2,3378,买盘
768,14:10:51,16.89,--,28,48372,卖盘
769,14:10:48,16.89,--,23,38847,卖盘
770,14:10:45,16.89,--,339,572571,卖盘
771,14:10:39,16.89,--,17,28713,卖盘
772,14:10:36,16.89,--,81,136809,卖盘
773,14:10:33,16.89,--,79,133431,卖盘
774,14:10:27,16.89,--,35,59115,卖盘
775,14:10:24,16.89,-0.01,11,18579,卖盘
776,14:10:21,16.9,0.01,344,581360,买盘
777,14:10:18,16.89,--,56,94584,卖盘
778,14:10:15,16.89,--,5,8445,卖盘
779,14:10:09,16.89,--,74,125931,卖盘
780,14:10:03,16.89,-0.01,34,57426,卖盘
781,14:09:57,16.9,0.01,164,278106,买盘
782,14:09:54,16.89,-0.01,10,16890,卖盘
783,14:09:51,16.9,0.01,7,11829,买盘
784,14:09:48,16.89,-0.01,25,42225,卖盘
785,14:09:42,16.9,--,1,1689,买盘
786,14:09:39,16.9,--,20,33800,买盘
787,14:09:36,16.9,--,37,62529,买盘
788,14:09:33,16.9,-0.01,77,131279,卖盘
789,14:09:27,16.91,--,4,6764,买盘
790,14:09:24,16.91,--,59,99769,买盘
791,14:09:21,16.91,0.01,23,38893,买盘
792,14:09:18,16.9,-0.01,1,1689,卖盘
793,14:09:15,16.91,0.01,634,1072635,买盘
794,14:09:12,16.9,-0.01,49,82810,卖盘
795,14:09:09,16.91,--,13,21983,买盘
796,14:09:06,16.91,--,10,16910,买盘
797,14:09:00,16.91,--,2,3382,买盘
798,14:08:54,16.91,-0.01,421,712722,卖盘
799,14:08:48,16.92,--,5,8460,买盘
800,14:08:42,16.92,--,22,37224,买盘
801,14:08:39,16.92,--,209,353628,买盘
802,14:08:36,16.92,--,2,3384,买盘
803,14:08:33,16.92,--,283,478836,卖盘
804,14:08:30,16.92,--,268,453456,卖盘
805,14:08:24,16.92,--,6,10152,卖盘
806,14:08:21,16.92,--,6,10152,卖盘
807,14:08:18,16.92,-0.01,28,47376,卖盘
808,14:08:15,16.93,0.01,28,47404,买盘
809,14:08:06,16.92,-0.01,32,55091,卖盘
810,14:08:03,16.93,0.01,6,10158,买盘
811,14:08:00,16.92,--,12,20304,卖盘
812,14:07:57,16.92,--,59,99895,卖盘
813,14:07:51,16.92,-0.01,100,170147,卖盘
814,14:07:48,16.93,0.01,50,84650,买盘
815,14:07:45,16.92,--,52,89608,卖盘
816,14:07:42,16.92,-0.01,36,60912,卖盘
817,14:07:39,16.93,--,14,23702,买盘
818,14:07:27,16.93,-0.01,73,123656,卖盘
819,14:07:24,16.94,--,114,194742,买盘
820,14:07:21,16.94,0.01,15,25477,买盘
821,14:07:18,16.93,--,22,38871,卖盘
822,14:07:12,16.93,-0.01,290,491647,卖盘
823,14:07:09,16.94,0.01,13,22022,买盘
824,14:07:06,16.93,--,4,7787,卖盘
825,14:07:03,16.93,--,66,111738,卖盘
826,14:06:57,16.93,-0.01,10,16930,卖盘
827,14:06:54,16.94,0.01,7,11858,买盘
828,14:06:51,16.93,-0.01,13,22009,卖盘
829,14:06:48,16.94,0.01,10,16940,买盘
830,14:06:42,16.93,-0.01,86,145598,卖盘
831,14:06:36,16.94,0.01,107,181461,买盘
832,14:06:30,16.93,-0.01,163,275959,卖盘
833,14:06:27,16.94,0.01,65,110110,买盘
834,14:06:24,16.93,--,13,22009,卖盘
835,14:06:21,16.93,--,77,130361,卖盘
836,14:06:18,16.93,--,10,16930,卖盘
837,14:06:15,16.93,--,101,170993,卖盘
838,14:06:12,16.93,--,2,3386,卖盘
839,14:06:09,16.93,0.01,651,1103023,买盘
840,14:06:03,16.92,--,13,22943,卖盘
841,14:06:00,16.92,--,5,8460,卖盘
842,14:05:57,16.92,--,179,303341,卖盘
843,14:05:54,16.92,--,653,1104876,买盘
844,14:05:51,16.92,--,60,101520,买盘
845,14:05:48,16.92,--,157,266591,买盘
846,14:05:42,16.92,--,2,3384,买盘
847,14:05:39,16.92,0.01,1,1692,买盘
848,14:05:33,16.91,--,26,43966,卖盘
849,14:05:30,16.91,--,60,101460,卖盘
850,14:05:21,16.91,--,3,5073,卖盘
851,14:05:18,16.91,--,29,49039,卖盘
852,14:05:15,16.91,--,241,409154,卖盘
853,14:05:12,16.91,--,139,235049,买盘
854,14:05:00,16.91,-0.01,105,177555,卖盘
855,14:04:57,16.92,--,13,21996,买盘
856,14:04:51,16.92,0.02,63,106596,买盘
857,14:04:48,16.9,--,10,16900,卖盘
858,14:04:45,16.9,-0.01,43,72670,卖盘
859,14:04:39,16.91,0.01,64,108224,中性盘
860,14:04:36,16.9,-0.01,311,526130,卖盘
861,14:04:33,16.91,--,1,1691,买盘
862,14:04:24,16.91,0.01,51,86241,买盘
863,14:04:18,16.9,-0.01,125,211249,卖盘
864,14:04:15,16.91,0.01,717,1212920,买盘
865,14:04:12,16.9,--,49,82810,卖盘
866,14:04:06,16.9,--,60,101399,卖盘
867,14:04:00,16.9,-0.01,25,43196,卖盘
868,14:03:57,16.91,0.01,429,726047,买盘
869,14:03:51,16.9,--,11,18590,卖盘
870,14:03:45,16.9,-0.01,10,16900,卖盘
871,14:03:42,16.91,0.01,36,61822,买盘
872,14:03:39,16.9,--,10,17035,卖盘
873,14:03:33,16.9,-0.01,62,105658,卖盘
874,14:03:27,16.91,--,25,42275,买盘
875,14:03:24,16.91,0.01,19,32129,买盘
876,14:03:15,16.9,-0.01,430,727511,卖盘
877,14:03:09,16.91,--,63,106533,买盘
878,14:03:06,16.91,--,2,3382,买盘
879,14:03:03,16.91,--,70,118370,买盘
880,14:03:00,16.91,0.01,10,16910,买盘
881,14:02:57,16.9,-0.01,20,33800,卖盘
882,14:02:54,16.91,0.01,27,45657,买盘
883,14:02:51,16.9,--,10,16900,卖盘
884,14:02:48,16.9,-0.01,7,11829,卖盘
885,14:02:45,16.91,0.01,83,140353,买盘
886,14:02:42,16.9,--,9,15209,卖盘
887,14:02:39,16.9,-0.01,40,67600,卖盘
888,14:02:36,16.91,--,294,497289,买盘
889,14:02:30,16.91,--,176,297616,买盘
890,14:02:24,16.91,0.01,23,38893,买盘
891,14:02:24,16.9,--,52,87879,卖盘
892,14:02:18,16.9,--,49,82810,卖盘
893,14:02:15,16.9,--,3,5070,卖盘
894,14:02:12,16.9,--,55,92949,卖盘
895,14:02:06,16.9,--,80,135200,卖盘
896,14:02:00,16.9,--,10,16900,卖盘
897,14:01:57,16.9,0.01,34,57933,买盘
898,14:01:54,16.89,-0.01,12,21213,卖盘
899,14:01:51,16.9,--,28,47319,买盘
900,14:01:45,16.9,--,10,16900,买盘
901,14:01:42,16.9,--,43,72670,买盘
902,14:01:39,16.9,--,8,13587,买盘
903,14:01:36,16.9,--,1,2568,买盘
904,14:01:33,16.9,0.01,51,86190,买盘
905,14:01:30,16.89,-0.01,20,33780,卖盘
906,14:01:27,16.9,--,46,78956,卖盘
907,14:01:24,16.9,--,38,64693,买盘
908,14:01:21,16.9,--,30,50699,买盘
909,14:01:18,16.9,--,6,10140,买盘
910,14:01:15,16.9,0.01,22,37180,买盘
911,14:01:09,16.89,-0.01,54,91206,卖盘
912,14:01:06,16.9,--,44,74360,买盘
913,14:01:03,16.9,--,17,28729,买盘
914,14:00:54,16.9,--,5,8450,买盘
915,14:00:51,16.9,0.01,27,45629,买盘
916,14:00:48,16.89,-0.01,51,86139,卖盘
917,14:00:42,16.9,--,10,16900,买盘
918,14:00:39,16.9,--,65,109849,买盘
919,14:00:36,16.9,--,121,205977,卖盘
920,14:00:33,16.9,--,96,162240,卖盘
921,14:00:27,16.9,--,68,114919,卖盘
922,14:00:21,16.9,--,19,32109,卖盘
923,14:00:11,16.9,--,152,256879,卖盘
924,14:00:08,16.9,--,21,35490,卖盘
925,13:59:59,16.9,-0.01,10,16900,卖盘
926,13:59:56,16.91,0.01,6,10348,中性盘
927,13:59:53,16.9,-0.01,24,41303,卖盘
928,13:59:50,16.91,--,152,257978,买盘
929,13:59:44,16.91,--,5,8455,买盘
930,13:59:41,16.91,--,10,16910,买盘
931,13:59:35,16.91,--,127,215501,卖盘
932,13:59:32,16.91,--,81,137917,卖盘
933,13:59:29,16.91,-0.01,40,67640,卖盘
934,13:59:26,16.92,0.01,40,67680,买盘
935,13:59:23,16.91,--,3,5073,卖盘
936,13:59:20,16.91,--,142,240122,买盘
937,13:59:14,16.91,0.01,496,839547,买盘
938,13:59:11,16.9,-0.01,92,155480,卖盘
939,13:58:56,16.91,--,105,177555,买盘
940,13:58:53,16.91,0.01,5,8455,买盘
941,13:58:50,16.9,-0.01,80,135200,卖盘
942,13:58:38,16.91,--,8,13528,买盘
943,13:58:35,16.91,--,327,554309,买盘
944,13:58:32,16.91,0.01,4,6764,买盘
945,13:58:26,16.9,-0.01,11,18657,卖盘
946,13:58:23,16.91,--,50,84550,中性盘
947,13:58:17,16.91,--,2,5005,买盘
948,13:58:11,16.91,-0.01,4,6764,中性盘
949,13:58:05,16.92,0.02,480,812160,买盘
950,13:58:02,16.9,-0.01,35,59217,卖盘
951,13:57:59,16.91,0.01,30,52353,买盘
952,13:57:56,16.9,--,267,451365,卖盘
953,13:57:50,16.9,--,7,12776,卖盘
954,13:57:47,16.9,--,52,87879,卖盘
955,13:57:41,16.9,--,87,147165,买盘
956,13:57:35,16.9,--,40,67600,买盘
957,13:57:29,16.9,--,38,64219,买盘
958,13:57:26,16.9,--,23,39816,买盘
959,13:57:23,16.9,--,6,10140,买盘
960,13:57:20,16.9,0.01,11,18590,买盘
961,13:57:11,16.89,-0.01,31,52359,卖盘
962,13:57:05,16.9,--,81,136890,买盘
963,13:57:02,16.9,--,125,212804,卖盘
964,13:56:59,16.9,--,616,1041039,卖盘
965,13:56:53,16.9,--,44,74360,卖盘
966,13:56:50,16.9,--,16,27039,卖盘
967,13:56:47,16.9,--,3,5070,卖盘
968,13:56:41,16.9,--,226,381939,卖盘
969,13:56:38,16.9,-0.01,316,534580,卖盘
970,13:56:35,16.91,0.01,15,25432,买盘
971,13:56:32,16.9,--,26,43939,卖盘
972,13:56:29,16.9,--,22,38802,卖盘
973,13:56:26,16.9,--,34,57459,卖盘
974,13:56:20,16.9,--,20,33800,卖盘
975,13:56:17,16.9,--,59,99777,卖盘
976,13:56:11,16.9,--,50,84500,卖盘
977,13:56:08,16.9,--,42,72196,买盘
978,13:56:05,16.9,--,31,52389,买盘
979,13:56:02,16.9,--,79,133510,买盘
980,13:55:59,16.9,--,10,16900,买盘
981,13:55:56,16.9,--,251,424933,卖盘
982,13:55:50,16.9,--,7,11829,卖盘
983,13:55:44,16.9,--,313,529916,卖盘
984,13:55:41,16.9,--,160,270400,买盘
985,13:55:35,16.9,--,37,62529,买盘
986,13:55:32,16.9,--,32,54079,买盘
987,13:55:29,16.9,--,2,3379,买盘
988,13:55:26,16.9,0.01,42,70980,买盘
989,13:55:23,16.89,-0.01,20,34725,卖盘
990,13:55:20,16.9,--,20,33800,卖盘
991,13:55:17,16.9,--,163,275470,卖盘
992,13:55:11,16.9,--,115,194349,卖盘
993,13:55:08,16.9,--,33,55769,卖盘
994,13:54:59,16.9,--,27,45629,卖盘
995,13:54:56,16.9,--,58,98019,卖盘
996,13:54:53,16.9,-0.01,12,20280,卖盘
997,13:54:50,16.91,0.01,132,223212,买盘
998,13:54:47,16.9,--,11,18590,买盘
999,13:54:44,16.9,--,37,62529,买盘
1000,13:54:41,16.9,0.01,164,277160,买盘
1001,13:54:38,16.89,-0.01,23,38847,卖盘
1002,13:54:35,16.9,--,21,35490,买盘
1003,13:54:32,16.9,--,294,496859,买盘
1004,13:54:29,16.9,0.01,77,130129,买盘
1005,13:54:26,16.89,--,30,50670,卖盘
1006,13:54:23,16.89,--,154,260106,卖盘
1007,13:54:20,16.89,--,241,407049,卖盘
1008,13:54:14,16.89,-0.01,26,43914,卖盘
1009,13:54:11,16.9,0.01,4,6759,买盘
1010,13:54:08,16.89,--,78,131742,卖盘
1011,13:54:02,16.89,-0.01,20,33780,卖盘
1012,13:53:59,16.9,0.01,13,21969,买盘
1013,13:53:56,16.89,-0.01,3,5067,卖盘
1014,13:53:53,16.9,--,66,111539,买盘
1015,13:53:50,16.9,0.01,74,125059,买盘
1016,13:53:41,16.89,--,115,195180,卖盘
1017,13:53:35,16.89,--,30,50670,卖盘
1018,13:53:32,16.89,-0.01,15,25335,卖盘
1019,13:53:23,16.9,0.01,3,5070,买盘
1020,13:53:20,16.89,--,0,67,卖盘
1021,13:53:17,16.89,-0.01,87,147821,卖盘
1022,13:53:14,16.9,0.01,30,50699,买盘
1023,13:53:08,16.89,-0.01,33,55737,卖盘
1024,13:53:05,16.9,--,331,559390,买盘
1025,13:53:02,16.9,0.01,52,87879,买盘
1026,13:52:59,16.89,--,89,150321,卖盘
1027,13:52:53,16.89,-0.01,150,253350,卖盘
1028,13:52:47,16.9,--,102,172380,买盘
1029,13:52:35,16.9,--,10,16900,买盘
1030,13:52:32,16.9,0.01,107,180829,买盘
1031,13:52:29,16.89,-0.01,2,3378,卖盘
1032,13:52:26,16.9,0.01,82,138580,买盘
1033,13:52:23,16.89,-0.01,14,23646,卖盘
1034,13:52:20,16.9,0.01,29,49009,买盘
1035,13:52:17,16.89,--,7,11823,卖盘
1036,13:52:14,16.89,--,30,50670,卖盘
1037,13:52:11,16.89,--,30,50670,卖盘
1038,13:52:08,16.89,-0.01,110,185790,卖盘
1039,13:52:05,16.9,0.01,51,86190,买盘
1040,13:51:59,16.89,-0.01,59,99651,卖盘
1041,13:51:53,16.9,--,8,13519,买盘
1042,13:51:50,16.9,0.01,7,11829,买盘
1043,13:51:44,16.89,-0.01,17,28713,卖盘
1044,13:51:38,16.9,--,41,70236,买盘
1045,13:51:32,16.9,--,70,118299,买盘
1046,13:51:29,16.9,--,90,152100,买盘
1047,13:51:23,16.9,-0.01,8,13519,卖盘
1048,13:51:20,16.91,--,3,5073,买盘
1049,13:51:17,16.91,--,22,37202,买盘
1050,13:51:14,16.91,0.02,81,136971,买盘
1051,13:51:11,16.89,--,20,33780,卖盘
1052,13:51:08,16.89,-0.01,0,945,卖盘
1053,13:51:05,16.9,--,21,35490,卖盘
1054,13:51:02,16.9,0.01,26,43939,买盘
1055,13:50:59,16.89,-0.01,20,33780,卖盘
1056,13:50:53,16.9,0.01,58,98019,中性盘
1057,13:50:50,16.89,-0.01,21,35469,卖盘
1058,13:50:47,16.9,--,9,15209,卖盘
1059,13:50:44,16.9,0.01,68,115257,买盘
1060,13:50:35,16.89,-0.01,99,168562,卖盘
1061,13:50:32,16.9,--,282,476917,买盘
1062,13:50:23,16.9,--,8,13519,买盘
1063,13:50:20,16.9,0.01,27,45629,买盘
1064,13:50:17,16.89,-0.01,404,683707,卖盘
1065,13:50:11,16.9,--,149,252147,买盘
1066,13:50:08,16.9,-0.01,3,5070,买盘
1067,13:50:02,16.91,--,53,89825,买盘
1068,13:49:56,16.91,--,617,1044902,买盘
1069,13:49:53,16.91,0.01,168,285711,买盘
1070,13:49:50,16.9,--,26,43939,卖盘
1071,13:49:47,16.9,-0.01,300,506999,卖盘
1072,13:49:44,16.91,--,15,25432,买盘
1073,13:49:41,16.91,0.01,40,69263,买盘
1074,13:49:38,16.9,--,56,94775,卖盘
1075,13:49:35,16.9,--,13,22848,卖盘
1076,13:49:32,16.9,-0.01,60,101399,卖盘
1077,13:49:29,16.91,--,46,77786,买盘
1078,13:49:23,16.91,--,120,204543,买盘
1079,13:49:17,16.91,--,49,82926,卖盘
1080,13:49:11,16.91,0.01,14,25297,卖盘
1081,13:49:05,16.9,-0.01,193,326778,卖盘
1082,13:49:02,16.91,--,164,277324,买盘
1083,13:48:59,16.91,--,30,50730,买盘
1084,13:48:56,16.91,--,35,59185,买盘
1085,13:48:53,16.91,--,1,1691,买盘
1086,13:48:50,16.91,--,2,3382,买盘
1087,13:48:47,16.91,--,42,71022,买盘
1088,13:48:41,16.91,--,168,284493,卖盘
1089,13:48:38,16.91,-0.01,342,579607,卖盘
1090,13:48:35,16.92,--,9,15228,买盘
1091,13:48:32,16.92,--,2,3384,买盘
1092,13:48:29,16.92,--,3,5076,买盘
1093,13:48:26,16.92,--,8,13536,买盘
1094,13:48:23,16.92,--,12,20304,买盘
1095,13:48:17,16.92,--,26,43992,买盘
1096,13:48:14,16.92,0.01,74,125208,买盘
1097,13:48:11,16.91,-0.01,12,20292,卖盘
1098,13:48:08,16.92,--,3,5076,买盘
1099,13:48:05,16.92,--,38,65649,卖盘
1100,13:48:02,16.92,--,43,73094,买盘
1101,13:47:59,16.92,--,7,11844,买盘
1102,13:47:56,16.92,-0.01,29,49068,卖盘
1103,13:47:53,16.93,0.01,60,101580,买盘
1104,13:47:50,16.92,-0.01,2,3384,卖盘
1105,13:47:47,16.93,0.01,15,25395,买盘
1106,13:47:44,16.92,--,1,1692,卖盘
1107,13:47:38,16.92,--,55,93060,卖盘
1108,13:47:32,16.92,-0.01,35,59220,买盘
1109,13:47:26,16.93,0.01,20,33860,买盘
1110,13:47:23,16.92,0.02,63,106596,买盘
1111,13:47:17,16.9,-0.02,313,529916,卖盘
1112,13:47:11,16.92,--,236,399312,买盘
1113,13:47:05,16.92,0.01,42,71199,买盘
1114,13:46:59,16.91,-0.01,89,151378,卖盘
1115,13:46:56,16.92,--,16,27072,买盘
1116,13:46:53,16.92,--,68,116680,买盘
1117,13:46:44,16.92,--,30,50760,买盘
1118,13:46:41,16.92,--,20,33840,买盘
1119,13:46:38,16.92,-0.01,19,32215,买盘
1120,13:46:35,16.93,--,80,137065,买盘
1121,13:46:29,16.93,0.01,45,76252,买盘
1122,13:46:26,16.92,--,54,91368,卖盘
1123,13:46:20,16.92,--,50,84600,卖盘
1124,13:46:20,16.92,--,9,15837,买盘
1125,13:46:14,16.92,--,43,72756,买盘
1126,13:46:11,16.92,--,8,13536,买盘
1127,13:46:08,16.92,--,57,96444,买盘
1128,13:46:05,16.92,-0.01,32,55226,卖盘
1129,13:46:02,16.93,0.01,2,3386,中性盘
1130,13:45:56,16.92,--,78,132585,卖盘
1131,13:45:53,16.92,-0.01,10,16920,卖盘
1132,13:45:50,16.93,--,74,125282,买盘
1133,13:45:47,16.93,0.01,103,174379,买盘
1134,13:45:44,16.92,--,81,137052,卖盘
1135,13:45:41,16.92,--,75,126900,卖盘
1136,13:45:38,16.92,--,55,93060,卖盘
1137,13:45:35,16.92,--,6,10152,卖盘
1138,13:45:32,16.92,0.01,50,84600,卖盘
1139,13:45:29,16.91,--,26,43966,卖盘
1140,13:45:26,16.91,--,42,71089,卖盘
1141,13:45:23,16.91,--,69,116679,卖盘
1142,13:45:20,16.91,-0.01,32,54112,卖盘
1143,13:45:17,16.92,0.02,190,321683,买盘
1144,13:45:14,16.9,-0.01,213,360983,卖盘
1145,13:45:11,16.91,--,26,43966,买盘
1146,13:45:08,16.91,--,22,38825,买盘
1147,13:45:05,16.91,-0.01,73,123510,卖盘
1148,13:45:02,16.92,0.01,214,363712,买盘
1149,13:44:59,16.91,0.01,10,16977,买盘
1150,13:44:56,16.9,-0.02,64,109038,卖盘
1151,13:44:53,16.92,--,32,54144,买盘
1152,13:44:47,16.92,0.01,2,3384,买盘
1153,13:44:44,16.91,--,183,309520,买盘
1154,13:44:41,16.91,0.01,16,27056,买盘
1155,13:44:38,16.9,-0.01,5,8450,卖盘
1156,13:44:35,16.91,--,206,348819,买盘
1157,13:44:32,16.91,--,83,140353,买盘
1158,13:44:29,16.91,--,13,21983,买盘
1159,13:44:26,16.91,--,58,98078,买盘
1160,13:44:23,16.91,-0.01,148,250268,卖盘
1161,13:44:17,16.92,--,88,148896,买盘
1162,13:44:14,16.92,--,69,116748,买盘
1163,13:44:11,16.92,0.01,127,214884,买盘
1164,13:44:08,16.91,-0.01,21,35511,卖盘
1165,13:44:05,16.92,--,25,42300,买盘
1166,13:44:02,16.92,--,64,108288,买盘
1167,13:43:56,16.92,--,102,172584,买盘
1168,13:43:50,16.92,0.01,48,81216,买盘
1169,13:43:47,16.91,--,44,74404,卖盘
1170,13:43:44,16.91,-0.01,102,172482,卖盘
1171,13:43:38,16.92,0.01,10,16920,买盘
1172,13:43:35,16.91,-0.01,55,93005,卖盘
1173,13:43:32,16.92,0.01,65,109980,买盘
1174,13:43:26,16.91,-0.01,31,52421,卖盘
1175,13:43:23,16.92,--,102,172584,买盘
1176,13:43:20,16.92,--,169,285948,买盘
1177,13:43:17,16.92,--,85,143820,买盘
1178,13:43:14,16.92,--,118,200400,卖盘
1179,13:43:11,16.92,--,46,78779,卖盘
1180,13:43:02,16.92,--,18,30456,卖盘
1181,13:42:59,16.92,--,64,108761,买盘
1182,13:42:53,16.92,0.02,56,94752,买盘
1183,13:42:50,16.9,-0.01,33,56716,卖盘
1184,13:42:47,16.91,-0.01,67,113499,中性盘
1185,13:42:44,16.92,0.02,57,96444,买盘
1186,13:42:38,16.9,--,43,72670,卖盘
1187,13:42:35,16.9,-0.02,2,3379,中性盘
1188,13:42:29,16.92,0.02,202,341784,买盘
1189,13:42:26,16.9,--,23,38870,买盘
1190,13:42:23,16.9,--,3,5070,买盘
1191,13:42:20,16.9,-0.01,151,255189,卖盘
1192,13:42:17,16.91,0.01,123,207993,买盘
1193,13:42:14,16.9,--,19,32109,卖盘
1194,13:42:10,16.9,-0.01,20,33800,卖盘
1195,13:42:01,16.91,--,23,38893,买盘
1196,13:41:58,16.91,--,103,175458,卖盘
1197,13:41:55,16.91,--,109,184724,卖盘
1198,13:41:52,16.91,--,25,42275,卖盘
1199,13:41:49,16.91,--,118,199538,卖盘
1200,13:41:43,16.91,--,5,8455,卖盘
1201,13:41:40,16.91,0.01,53,90840,买盘
1202,13:41:37,16.9,-0.01,1,1689,卖盘
1203,13:41:34,16.91,--,46,77786,买盘
1204,13:41:31,16.91,--,48,81168,买盘
1205,13:41:28,16.91,0.01,144,243977,买盘
1206,13:41:25,16.9,--,48,81120,卖盘
1207,13:41:19,16.9,--,3,5070,卖盘
1208,13:41:16,16.9,--,10,16900,卖盘
1209,13:41:13,16.9,--,138,234369,卖盘
1210,13:41:10,16.9,--,111,187589,卖盘
1211,13:41:07,16.9,--,96,163186,卖盘
1212,13:41:04,16.9,0.01,531,898201,买盘
1213,13:41:01,16.89,--,17,28713,卖盘
1214,13:40:58,16.89,-0.01,141,238149,卖盘
1215,13:40:55,16.9,0.01,56,94639,买盘
1216,13:40:52,16.89,-0.01,55,92895,卖盘
1217,13:40:49,16.9,0.01,17,28729,买盘
1218,13:40:46,16.89,--,95,161400,卖盘
1219,13:40:40,16.89,--,63,106407,卖盘
1220,13:40:34,16.89,-0.01,50,84450,卖盘
1221,13:40:31,16.9,--,50,84500,买盘
1222,13:40:25,16.9,--,65,109849,买盘
1223,13:40:19,16.9,--,53,89569,买盘
1224,13:40:16,16.9,0.01,50,84500,买盘
1225,13:40:10,16.89,--,134,226326,卖盘
1226,13:40:04,16.89,--,250,422250,卖盘
1227,13:40:01,16.89,--,5,8445,卖盘
1228,13:39:43,16.89,-0.02,84,142754,卖盘
1229,13:39:40,16.91,0.01,48,81168,买盘
1230,13:39:34,16.9,-0.01,14,23659,卖盘
1231,13:39:31,16.91,--,13,21983,买盘
1232,13:39:28,16.91,0.01,20,33820,买盘
1233,13:39:25,16.9,-0.01,1012,1710279,卖盘
1234,13:39:19,16.91,--,26,43966,买盘
1235,13:39:16,16.91,--,174,295316,卖盘
1236,13:39:13,16.91,--,150,253650,卖盘
1237,13:39:10,16.91,--,90,152190,卖盘
1238,13:39:07,16.91,--,75,126825,卖盘
1239,13:39:01,16.91,--,7,12783,卖盘
1240,13:38:58,16.91,--,49,82859,卖盘
1241,13:38:55,16.91,--,56,94696,卖盘
1242,13:38:52,16.91,0.01,127,216109,买盘
1243,13:38:49,16.9,--,2,3379,卖盘
1244,13:38:46,16.9,--,102,172380,卖盘
1245,13:38:40,16.9,--,0,67,卖盘
1246,13:38:37,16.9,-0.01,0,878,卖盘
1247,13:38:34,16.91,--,133,224903,卖盘
1248,13:38:31,16.91,-0.01,153,258723,卖盘
1249,13:38:25,16.92,0.01,35,59220,买盘
1250,13:38:22,16.91,-0.01,2,3382,卖盘
1251,13:38:16,16.92,--,41,69913,卖盘
1252,13:38:13,16.92,--,18,31606,买盘
1253,13:38:07,16.92,--,2,3925,卖盘
1254,13:38:04,16.92,--,14,24838,买盘
1255,13:38:01,16.92,--,129,218538,卖盘
1256,13:37:52,16.92,--,12,20304,卖盘
1257,13:37:49,16.92,-0.01,27,45684,卖盘
1258,13:37:46,16.93,0.01,11,18623,买盘
1259,13:37:43,16.92,--,1,1692,卖盘
1260,13:37:37,16.92,--,44,74448,卖盘
1261,13:37:34,16.92,--,15,25380,卖盘
1262,13:37:31,16.92,-0.01,32,54144,卖盘
1263,13:37:22,16.93,--,12,20316,买盘
1264,13:37:19,16.93,--,105,177765,买盘
1265,13:37:16,16.93,--,110,186297,买盘
1266,13:37:13,16.93,--,5,8465,买盘
1267,13:37:10,16.93,--,6,10158,买盘
1268,13:37:07,16.93,--,44,75575,卖盘
1269,13:37:01,16.93,--,2,4334,卖盘
1270,13:36:58,16.93,-0.01,57,96501,卖盘
1271,13:36:55,16.94,--,100,169400,买盘
1272,13:36:52,16.94,0.01,25,42350,买盘
1273,13:36:49,16.93,-0.01,3,5079,卖盘
1274,13:36:43,16.94,0.01,41,69454,买盘
1275,13:36:40,16.93,-0.02,20,33860,卖盘
1276,13:36:34,16.95,0.01,112,190246,买盘
1277,13:36:31,16.94,0.01,50,85648,买盘
1278,13:36:28,16.93,--,5,8465,卖盘
1279,13:36:25,16.93,--,30,50790,卖盘
1280,13:36:22,16.93,-0.02,27,45711,卖盘
1281,13:36:19,16.95,--,45,76275,买盘
1282,13:36:16,16.95,0.02,39,66105,买盘
1283,13:36:13,16.93,-0.02,10,16930,卖盘
1284,13:36:07,16.95,--,6,10170,卖盘
1285,13:36:04,16.95,--,26,44273,卖盘
1286,13:36:01,16.95,--,45,77766,买盘
1287,13:35:58,16.95,0.03,47,79665,买盘
1288,13:35:52,16.92,-0.03,117,199317,卖盘
1289,13:35:52,16.95,--,25,42375,买盘
1290,13:35:46,16.95,--,129,218655,买盘
1291,13:35:43,16.95,--,5,8475,买盘
1292,13:35:37,16.95,--,76,128820,买盘
1293,13:35:31,16.95,-0.01,825,1398578,卖盘
1294,13:35:28,16.96,--,34,57664,买盘
1295,13:35:25,16.96,0.01,251,425696,买盘
1296,13:35:19,16.95,--,26,44070,卖盘
1297,13:35:16,16.95,-0.01,60,102581,卖盘
1298,13:35:13,16.96,0.01,210,356160,买盘
1299,13:35:10,16.95,-0.01,5,8542,卖盘
1300,13:35:04,16.96,0.01,24,42332,买盘
1301,13:35:01,16.95,0.05,1128,1912570,买盘
1302,13:34:58,16.9,-0.01,7,12776,卖盘
1303,13:34:55,16.91,--,29,49241,卖盘
1304,13:34:52,16.91,--,20,33820,卖盘
1305,13:34:49,16.91,0.01,34,58982,买盘
1306,13:34:46,16.9,-0.01,170,287300,卖盘
1307,13:34:43,16.91,--,62,104842,买盘
1308,13:34:37,16.91,-0.01,73,123984,卖盘
1309,13:34:34,16.92,--,62,104904,买盘
1310,13:34:28,16.92,0.01,59,100775,买盘
1311,13:34:25,16.91,--,20,33820,卖盘
1312,13:34:22,16.91,--,20,33820,卖盘
1313,13:34:19,16.91,--,60,101460,卖盘
1314,13:34:16,16.91,--,26,45589,卖盘
1315,13:34:13,16.91,--,2,3652,买盘
1316,13:34:10,16.91,--,25,42275,买盘
1317,13:34:07,16.91,--,33,55803,买盘
1318,13:34:01,16.91,--,55,93005,买盘
1319,13:33:58,16.91,--,33,55803,买盘
1320,13:33:55,16.91,--,414,701088,买盘
1321,13:33:49,16.91,--,338,571558,买盘
1322,13:33:46,16.91,--,16,27056,买盘
1323,13:33:40,16.91,--,147,248577,买盘
1324,13:33:34,16.91,--,29,49039,买盘
1325,13:33:31,16.91,--,120,202920,买盘
1326,13:33:28,16.91,--,4,6764,买盘
1327,13:33:25,16.91,--,26,43966,买盘
1328,13:33:22,16.91,0.01,16,27056,买盘
1329,13:33:16,16.9,--,360,609616,卖盘
1330,13:33:07,16.9,--,40,67600,卖盘
1331,13:33:04,16.9,--,23,38870,卖盘
1332,13:33:01,16.9,--,5,8450,卖盘
1333,13:32:58,16.9,--,26,44007,买盘
1334,13:32:55,16.9,0.01,75,126817,买盘
1335,13:32:52,16.89,-0.01,41,70127,卖盘
1336,13:32:49,16.9,--,13,21969,买盘
1337,13:32:46,16.9,0.01,113,190969,买盘
1338,13:32:43,16.89,-0.01,88,148632,卖盘
1339,13:32:40,16.9,--,317,535730,买盘
1340,13:32:37,16.9,--,109,184209,买盘
1341,13:32:34,16.9,--,29,49009,买盘
1342,13:32:28,16.9,--,53,90516,买盘
1343,13:32:25,16.9,--,25,42250,买盘
1344,13:32:22,16.9,--,16,27039,买盘
1345,13:32:19,16.9,--,41,69290,买盘
1346,13:32:16,16.9,--,8,13519,买盘
1347,13:32:10,16.9,--,76,128439,买盘
1348,13:32:07,16.9,--,40,67600,买盘
1349,13:32:04,16.9,-0.01,208,352601,卖盘
1350,13:31:58,16.91,0.01,24,42207,买盘
1351,13:31:55,16.9,--,170,287300,卖盘
1352,13:31:49,16.9,-0.01,61,103157,卖盘
1353,13:31:46,16.91,--,6,11769,买盘
1354,13:31:43,16.91,--,62,104842,买盘
1355,13:31:40,16.91,--,590,997723,买盘
1356,13:31:34,16.91,0.01,10,16910,买盘
1357,13:31:31,16.9,--,5,8450,卖盘
1358,13:31:28,16.9,-0.01,35,59149,卖盘
1359,13:31:25,16.91,--,8,13528,买盘
1360,13:31:22,16.91,0.01,56,94696,买盘
1361,13:31:16,16.9,--,124,211216,卖盘
1362,13:31:13,16.9,--,37,62529,卖盘
1363,13:31:10,16.9,--,41,69290,卖盘
1364,13:30:58,16.9,0.01,78,131853,买盘
1365,13:30:55,16.89,-0.01,20,33780,卖盘
1366,13:30:52,16.9,--,19,32109,买盘
1367,13:30:49,16.9,--,103,175016,买盘
1368,13:30:46,16.9,--,78,131820,买盘
1369,13:30:43,16.9,0.01,47,79430,买盘
1370,13:30:37,16.89,-0.01,146,246594,中性盘
1371,13:30:34,16.9,--,13,21969,买盘
1372,13:30:31,16.9,--,1021,1725489,买盘
1373,13:30:28,16.9,--,49,82810,买盘
1374,13:30:22,16.9,0.01,12,20280,买盘
1375,13:30:19,16.89,-0.01,0,945,卖盘
1376,13:30:16,16.9,--,8,13519,买盘
1377,13:30:13,16.9,--,375,633750,买盘
1378,13:30:04,16.9,--,11,18590,买盘
1379,13:30:01,16.9,--,85,143650,买盘
1380,13:29:52,16.9,--,47,79430,买盘
1381,13:29:49,16.9,--,70,118299,买盘
1382,13:29:46,16.9,--,2,3379,买盘
1383,13:29:43,16.9,--,23,38870,买盘
1384,13:29:40,16.9,0.01,85,143650,买盘
1385,13:29:37,16.89,--,36,60804,卖盘
1386,13:29:34,16.89,-0.01,85,143565,卖盘
1387,13:29:31,16.9,0.01,39,65910,买盘
1388,13:29:28,16.89,--,210,354690,卖盘
1389,13:29:22,16.89,--,80,135120,卖盘
1390,13:29:19,16.89,--,59,99651,卖盘
1391,13:29:16,16.89,--,18,30402,卖盘
1392,13:29:13,16.89,0.01,6,11079,买盘
1393,13:29:10,16.88,-0.01,4,6752,卖盘
1394,13:29:07,16.89,--,163,275307,买盘
1395,13:29:01,16.89,--,60,101340,买盘
1396,13:28:58,16.89,--,31,52359,买盘
1397,13:28:55,16.89,--,21,35469,买盘
1398,13:28:52,16.89,--,584,986376,买盘
1399,13:28:49,16.89,-0.01,176,297264,卖盘
1400,13:28:43,16.9,--,482,814579,买盘
1401,13:28:40,16.9,0.01,172,290680,买盘
1402,13:28:37,16.89,-0.01,5,8445,卖盘
1403,13:28:34,16.9,0.01,240,405599,买盘
1404,13:28:31,16.89,--,10,16890,卖盘
1405,13:28:28,16.89,-0.01,164,276996,卖盘
1406,13:28:22,16.9,--,145,245049,卖盘
1407,13:28:19,16.9,--,63,106469,卖盘
1408,13:28:16,16.9,--,69,116609,卖盘
1409,13:28:13,16.9,--,4,7706,卖盘
1410,13:28:10,16.9,--,68,114919,卖盘
1411,13:28:07,16.9,--,111,187589,卖盘
1412,13:28:04,16.9,--,75,126749,卖盘
1413,13:28:01,16.9,-0.01,16,27039,卖盘
1414,13:27:58,16.91,0.01,22,37202,买盘
1415,13:27:55,16.9,-0.02,754,1274767,卖盘
1416,13:27:52,16.92,0.01,159,269028,买盘
1417,13:27:46,16.91,--,149,252703,卖盘
1418,13:27:40,16.91,--,64,108224,卖盘
1419,13:27:31,16.91,--,364,615524,卖盘
1420,13:27:25,16.91,-0.01,60,101460,卖盘
1421,13:27:22,16.92,--,5,8460,买盘
1422,13:27:16,16.92,--,244,412848,卖盘
1423,13:27:10,16.92,-0.01,47,79524,卖盘
1424,13:27:07,16.93,0.01,20,33860,买盘
1425,13:27:04,16.92,--,3,5076,卖盘
1426,13:27:01,16.92,--,92,155664,卖盘
1427,13:26:58,16.92,-0.01,28,47376,卖盘
1428,13:26:55,16.93,0.02,71,120203,买盘
1429,13:26:52,16.91,-0.01,141,238431,卖盘
1430,13:26:49,16.92,--,216,365472,买盘
1431,13:26:46,16.92,--,13,22943,买盘
1432,13:26:43,16.92,--,138,234849,卖盘
1433,13:26:40,16.92,--,52,87984,卖盘
1434,13:26:37,16.92,--,85,144158,卖盘
1435,13:26:34,16.92,--,36,60912,卖盘
1436,13:26:31,16.92,--,55,93060,卖盘
1437,13:26:25,16.92,--,59,99828,买盘
1438,13:26:22,16.92,0.01,120,203040,买盘
1439,13:26:19,16.91,--,5,8455,卖盘
1440,13:26:16,16.91,--,25,42275,卖盘
1441,13:26:13,16.91,0.01,106,179246,买盘
1442,13:26:10,16.9,-0.02,7,11863,卖盘
1443,13:26:07,16.92,0.01,195,330853,买盘
1444,13:26:04,16.91,--,68,114988,卖盘
1445,13:26:01,16.91,-0.01,11,18601,卖盘
1446,13:25:58,16.92,0.01,104,175968,买盘
1447,13:25:55,16.91,-0.01,289,488699,卖盘
1448,13:25:52,16.92,0.01,61,103212,买盘
1449,13:25:49,16.91,-0.01,15,25365,卖盘
1450,13:25:46,16.92,--,63,106596,买盘
1451,13:25:40,16.92,--,35,59220,买盘
1452,13:25:34,16.92,--,36,60912,买盘
1453,13:25:31,16.92,-0.02,551,933374,卖盘
1454,13:25:28,16.94,--,41,69454,买盘
1455,13:25:25,16.94,--,30,50820,买盘
1456,13:25:22,16.94,-0.01,3,5082,买盘
1457,13:25:16,16.95,0.01,114,193230,买盘
1458,13:25:13,16.94,--,168,284795,卖盘
1459,13:25:07,16.94,-0.01,328,555632,卖盘
1460,13:25:04,16.95,-0.01,18,30510,买盘
1461,13:25:01,16.96,0.01,277,470945,买盘
1462,13:24:58,16.95,--,145,245775,卖盘
1463,13:24:52,16.95,--,171,289845,卖盘
1464,13:24:49,16.95,--,289,490397,买盘
1465,13:24:46,16.95,--,119,201705,买盘
1466,13:24:43,16.95,--,10,16950,买盘
1467,13:24:40,16.95,--,6,10170,买盘
1468,13:24:37,16.95,-0.01,178,302930,卖盘
1469,13:24:34,16.96,0.01,41,69536,买盘
1470,13:24:25,16.95,--,178,301710,卖盘
1471,13:24:22,16.95,--,29,49155,卖盘
1472,13:24:19,16.95,-0.01,56,94920,卖盘
1473,13:24:16,16.96,--,32,54272,买盘
1474,13:24:13,16.96,--,8,13568,买盘
1475,13:24:07,16.96,0.01,8,13635,买盘
1476,13:24:04,16.95,-0.01,35,60206,卖盘
1477,13:24:01,16.96,--,15,25440,买盘
1478,13:23:58,16.96,--,293,497470,卖盘
1479,13:23:55,16.96,-0.01,191,325021,卖盘
1480,13:23:52,16.97,0.01,239,405583,买盘
1481,13:23:49,16.96,--,184,312064,卖盘
1482,13:23:46,16.96,-0.01,111,188256,卖盘
1483,13:23:43,16.97,0.01,205,347885,买盘
1484,13:23:40,16.96,--,102,172992,卖盘
1485,13:23:34,16.96,-0.01,31,52576,卖盘
1486,13:23:31,16.97,0.01,22,37334,买盘
1487,13:23:28,16.96,-0.01,7,11872,卖盘
1488,13:23:22,16.97,--,22,37334,卖盘
1489,13:23:19,16.97,0.01,25,42425,中性盘
1490,13:23:16,16.96,-0.01,296,503033,卖盘
1491,13:23:13,16.97,--,56,95032,卖盘
1492,13:23:10,16.97,0.01,72,122387,买盘
1493,13:23:07,16.96,-0.01,25,42400,卖盘
1494,13:23:04,16.97,0.01,34,57697,买盘
1495,13:22:58,16.96,--,115,195040,卖盘
1496,13:22:55,16.96,-0.01,26,44096,卖盘
1497,13:22:52,16.97,--,6,10182,买盘
1498,13:22:46,16.97,0.01,31,52607,买盘
1499,13:22:43,16.96,-0.01,41,69536,卖盘
1500,13:22:40,16.97,--,171,291680,卖盘
1501,13:22:37,16.97,--,2,3394,卖盘
1502,13:22:34,16.97,--,209,354876,卖盘
1503,13:22:31,16.97,--,14,23758,卖盘
1504,13:22:28,16.97,--,143,242670,买盘
1505,13:22:25,16.97,--,30,50910,买盘
1506,13:22:19,16.97,--,301,510796,卖盘
1507,13:22:16,16.97,--,26,44122,卖盘
1508,13:22:13,16.97,-0.01,11,18667,卖盘
1509,13:22:10,16.98,0.01,49,83202,买盘
1510,13:22:07,16.97,--,51,86547,卖盘
1511,13:22:04,16.97,--,6,10182,卖盘
1512,13:22:01,16.97,0.01,24,40728,买盘
1513,13:21:58,16.96,-0.01,211,358704,卖盘
1514,13:21:49,16.97,--,7,11879,买盘
1515,13:21:46,16.97,--,77,130668,买盘
1516,13:21:43,16.97,-0.01,43,72971,卖盘
1517,13:21:40,16.98,--,15,25470,买盘
1518,13:21:37,16.98,--,225,382491,买盘
1519,13:21:34,16.98,--,186,317084,买盘
1520,13:21:27,16.98,--,15,25470,买盘
1521,13:21:24,16.98,--,31,52638,买盘
1522,13:21:21,16.98,0.01,37,62826,买盘
1523,13:21:18,16.97,-0.01,57,96729,卖盘
1524,13:21:15,16.98,0.01,183,311650,买盘
1525,13:21:09,16.97,--,282,478553,卖盘
1526,13:21:06,16.97,--,147,249458,卖盘
1527,13:21:03,16.97,0.01,196,333494,买盘
1528,13:20:57,16.96,-0.01,114,193344,卖盘
1529,13:20:54,16.97,0.01,43,72971,买盘
1530,13:20:51,16.96,-0.01,8,13568,卖盘
1531,13:20:48,16.97,--,71,120486,买盘
1532,13:20:39,16.97,--,51,86547,买盘
1533,13:20:36,16.97,0.01,74,125577,买盘
1534,13:20:33,16.96,-0.01,165,280450,卖盘
1535,13:20:30,16.97,--,121,205337,买盘
1536,13:20:27,16.97,--,29,49213,买盘
1537,13:20:24,16.97,--,3,5091,买盘
1538,13:20:21,16.97,--,90,153680,卖盘
1539,13:20:18,16.97,--,65,110304,卖盘
1540,13:20:15,16.97,--,41,69577,卖盘
1541,13:20:12,16.97,--,15,25455,卖盘
1542,13:20:09,16.97,--,34,57697,卖盘
1543,13:20:06,16.97,--,39,66183,卖盘
1544,13:20:03,16.97,--,117,198549,卖盘
1545,13:20:00,16.97,--,30,50910,卖盘
1546,13:19:57,16.97,--,20,33940,卖盘
1547,13:19:54,16.97,--,633,1075117,卖盘
1548,13:19:51,16.97,--,50,84850,卖盘
1549,13:19:48,16.97,--,118,200246,卖盘
1550,13:19:45,16.97,--,11,18667,卖盘
1551,13:19:42,16.97,--,30,50910,卖盘
1552,13:19:39,16.97,--,51,86547,卖盘
1553,13:19:36,16.97,--,15,25455,卖盘
1554,13:19:30,16.97,--,17,28848,卖盘
1555,13:19:27,16.97,-0.01,322,546434,卖盘
1556,13:19:24,16.98,0.01,112,190176,买盘
1557,13:19:15,16.97,--,171,291714,卖盘
1558,13:19:09,16.97,--,11,18667,买盘
1559,13:19:06,16.97,--,29,49213,卖盘
1560,13:19:03,16.97,--,45,76365,买盘
1561,13:19:00,16.97,--,45,76365,买盘
1562,13:18:57,16.97,0.01,100,169700,买盘
1563,13:18:54,16.96,-0.01,20,33920,卖盘
1564,13:18:51,16.97,--,2,3394,买盘
1565,13:18:45,16.97,-0.01,129,218912,买盘
1566,13:18:42,16.98,0.01,353,599394,买盘
1567,13:18:39,16.97,-0.01,6,10182,买盘
1568,13:18:36,16.98,--,377,640281,买盘
1569,13:18:33,16.98,0.01,168,285264,买盘
1570,13:18:30,16.97,--,55,93335,卖盘
1571,13:18:27,16.97,--,4,6788,卖盘
1572,13:18:21,16.97,--,107,181579,卖盘
1573,13:18:18,16.97,--,387,658300,买盘
1574,13:18:15,16.97,--,1,1697,买盘
1575,13:18:12,16.97,--,210,356370,买盘
1576,13:18:06,16.97,--,43,72971,买盘
1577,13:18:03,16.97,--,15,25455,买盘
1578,13:18:00,16.97,0.01,57,96729,买盘
1579,13:17:57,16.96,-0.01,1,1696,卖盘
1580,13:17:54,16.97,--,115,196003,卖盘
1581,13:17:51,16.97,--,31,52607,卖盘
1582,13:17:48,16.97,-0.01,43,72971,卖盘
1583,13:17:45,16.98,0.01,19,32262,买盘
1584,13:17:42,16.97,--,14,23758,卖盘
1585,13:17:39,16.97,--,50,84850,卖盘
1586,13:17:36,16.97,--,1,1697,卖盘
1587,13:17:33,16.97,0.01,185,314793,买盘
1588,13:17:30,16.96,-0.01,102,172992,卖盘
1589,13:17:27,16.97,--,31,52607,买盘
1590,13:17:21,16.97,0.01,37,62788,买盘
1591,13:17:18,16.96,--,26,44096,卖盘
1592,13:17:12,16.96,-0.01,220,373900,卖盘
1593,13:17:09,16.97,0.01,31,52607,买盘
1594,13:17:06,16.96,-0.01,10,16960,卖盘
1595,13:17:03,16.97,0.02,271,459886,买盘
1596,13:16:57,16.95,--,31,52545,卖盘
1597,13:16:54,16.95,-0.01,125,211875,卖盘
1598,13:16:51,16.96,--,9,15264,卖盘
1599,13:16:48,16.96,--,1,1696,卖盘
1600,13:16:45,16.96,--,82,139072,卖盘
1601,13:16:42,16.96,0.01,42,71232,买盘
1602,13:16:39,16.95,--,7,11865,卖盘
1603,13:16:36,16.95,-0.01,92,157194,卖盘
1604,13:16:33,16.96,--,105,178080,买盘
1605,13:16:30,16.96,0.01,5,8480,买盘
1606,13:16:27,16.95,-0.02,117,198315,卖盘
1607,13:16:21,16.97,0.01,122,207034,买盘
1608,13:16:18,16.96,0.01,51,86496,买盘
1609,13:16:15,16.95,-0.01,20,33900,卖盘
1610,13:16:12,16.96,--,3,5088,买盘
1611,13:16:09,16.96,--,5,8480,买盘
1612,13:16:03,16.96,-0.01,34,57799,卖盘
1613,13:16:00,16.97,0.01,32,54304,买盘
1614,13:15:57,16.96,-0.01,13,22048,卖盘
1615,13:15:54,16.97,--,197,335191,买盘
1616,13:15:51,16.97,0.01,82,139154,买盘
1617,13:15:48,16.96,-0.01,117,198432,卖盘
1618,13:15:45,16.97,--,225,381825,买盘
1619,13:15:42,16.97,--,149,252852,买盘
1620,13:15:39,16.97,0.01,10,16970,买盘
1621,13:15:36,16.96,-0.01,304,515584,卖盘
1622,13:15:33,16.97,--,21,35637,卖盘
1623,13:15:30,16.97,--,20,33940,卖盘
1624,13:15:27,16.97,--,8,13576,卖盘
1625,13:15:24,16.97,--,19,32242,卖盘
1626,13:15:21,16.97,-0.01,85,144245,卖盘
1627,13:15:18,16.98,0.02,50,84900,买盘
1628,13:15:15,16.96,-0.01,187,317423,卖盘
1629,13:15:12,16.97,--,60,101820,卖盘
1630,13:15:09,16.97,--,4,6788,买盘
1631,13:15:06,16.97,--,102,173094,买盘
1632,13:15:03,16.97,--,76,128971,卖盘
1633,13:15:00,16.97,--,49,83153,买盘
1634,13:14:54,16.97,0.01,55,93335,买盘
1635,13:14:51,16.96,-0.01,3,5088,卖盘
1636,13:14:48,16.97,--,96,162912,买盘
1637,13:14:42,16.97,0.01,6,10182,买盘
1638,13:14:42,16.96,-0.01,185,313760,卖盘
1639,13:14:36,16.97,--,199,339264,买盘
1640,13:14:33,16.97,--,75,127274,买盘
1641,13:14:30,16.97,--,66,112001,买盘
1642,13:14:27,16.97,0.01,24,40728,买盘
1643,13:14:24,16.96,-0.01,44,74624,卖盘
1644,13:14:21,16.97,--,40,67880,买盘
1645,13:14:18,16.97,--,39,66183,买盘
1646,13:14:12,16.97,0.01,44,74668,买盘
1647,13:14:09,16.96,-0.01,30,50880,卖盘
1648,13:14:06,16.97,0.01,57,96729,买盘
1649,13:14:03,16.96,--,30,50880,卖盘
1650,13:14:00,16.96,--,11,18656,卖盘
1651,13:13:57,16.96,--,362,615614,买盘
1652,13:13:54,16.96,--,24,41891,卖盘
1653,13:13:51,16.96,0.01,24,41212,买盘
1654,13:13:45,16.95,--,24,40680,卖盘
1655,13:13:42,16.95,-0.01,291,494092,卖盘
1656,13:13:39,16.96,0.01,169,286624,买盘
1657,13:13:36,16.95,-0.01,62,105090,卖盘
1658,13:13:33,16.96,--,61,103456,买盘
1659,13:13:30,16.96,0.01,239,405344,买盘
1660,13:13:27,16.95,--,50,84750,买盘
1661,13:13:24,16.95,--,36,61020,卖盘
1662,13:13:21,16.95,--,19,32205,卖盘
1663,13:13:18,16.95,--,11,18645,买盘
1664,13:13:15,16.95,--,88,150787,卖盘
1665,13:13:12,16.95,--,241,408495,买盘
1666,13:13:09,16.95,--,25,42375,买盘
1667,13:13:06,16.95,--,3,5085,买盘
1668,13:13:03,16.95,--,60,101700,卖盘
1669,13:13:00,16.95,--,87,147465,卖盘
1670,13:12:57,16.95,-0.01,80,135600,卖盘
1671,13:12:54,16.96,--,231,391776,买盘
1672,13:12:51,16.96,0.01,37,62752,买盘
1673,13:12:48,16.95,-0.01,21,35595,卖盘
1674,13:12:45,16.96,--,116,196736,买盘
1675,13:12:42,16.96,0.01,57,96672,买盘
1676,13:12:36,16.95,--,21,35595,卖盘
1677,13:12:33,16.95,--,150,254589,卖盘
1678,13:12:30,16.95,--,56,94920,卖盘
1679,13:12:27,16.95,--,10,16950,卖盘
1680,13:12:24,16.95,-0.01,10,16950,卖盘
1681,13:12:21,16.96,--,481,815911,卖盘
1682,13:12:18,16.96,-0.01,44,74624,卖盘
1683,13:12:15,16.97,--,85,144245,买盘
1684,13:12:12,16.97,--,16,27152,买盘
1685,13:12:09,16.97,0.01,117,198549,买盘
1686,13:12:06,16.96,-0.02,122,206912,卖盘
1687,13:12:00,16.98,0.01,102,173196,买盘
1688,13:11:57,16.97,-0.01,21,35637,卖盘
1689,13:11:54,16.98,--,302,512796,卖盘
1690,13:11:51,16.98,-0.01,101,171498,卖盘
1691,13:11:48,16.99,--,148,251451,买盘
1692,13:11:45,16.99,--,264,448535,买盘
1693,13:11:42,16.99,--,101,171598,买盘
1694,13:11:39,16.99,--,9,15290,买盘
1695,13:11:36,16.99,-0.01,297,504602,卖盘
1696,13:11:30,17.0,--,16,27200,买盘
1697,13:11:27,17.0,--,120,204000,买盘
1698,13:11:24,17.0,0.01,222,377400,买盘
1699,13:11:21,16.99,-0.01,230,390769,卖盘
1700,13:11:18,17.0,--,1282,2180760,卖盘
1701,13:11:12,17.0,-0.01,206,350200,卖盘
1702,13:11:09,17.01,--,239,406539,买盘
1703,13:11:06,17.01,0.01,178,302778,买盘
1704,13:11:03,17.0,--,77,130900,卖盘
1705,13:10:57,17.0,-0.01,182,309400,卖盘
1706,13:10:54,17.01,-0.01,625,1063125,卖盘
1707,13:10:48,17.02,--,580,987160,买盘
1708,13:10:45,17.02,--,148,251896,买盘
1709,13:10:42,17.02,0.01,96,163392,买盘
1710,13:10:39,17.01,-0.01,21,35721,卖盘
1711,13:10:36,17.02,-0.01,180,306360,卖盘
1712,13:10:33,17.03,0.01,357,607971,买盘
1713,13:10:30,17.02,--,156,265512,卖盘
1714,13:10:27,17.02,-0.01,66,112332,卖盘
1715,13:10:24,17.03,0.01,199,338897,买盘
1716,13:10:18,17.02,--,113,192326,卖盘
1717,13:10:15,17.02,--,216,367632,买盘
1718,13:10:12,17.02,--,449,764198,买盘
1719,13:10:06,17.02,--,277,471454,买盘
1720,13:10:03,17.02,--,209,355718,买盘
1721,13:10:00,17.02,--,55,93610,买盘
1722,13:09:57,17.02,--,6,10212,买盘
1723,13:09:54,17.02,0.01,1506,2564641,买盘
1724,13:09:48,17.01,0.01,66,112266,买盘
1725,13:09:45,17.0,--,117,198900,卖盘
1726,13:09:42,17.0,--,172,292400,卖盘
1727,13:09:39,17.0,--,1899,3228912,买盘
1728,13:09:36,17.0,--,682,1159400,买盘
1729,13:09:33,17.0,0.01,480,816000,买盘
1730,13:09:27,16.99,-0.01,1894,3217905,卖盘
1731,13:09:24,17.0,--,228,387600,买盘
1732,13:09:21,17.0,--,488,829600,买盘
1733,13:09:18,17.0,--,1621,2756754,买盘
1734,13:09:12,17.0,--,1785,3034500,买盘
1735,13:09:09,17.0,--,159,270300,买盘
1736,13:09:06,17.0,--,1202,2043400,买盘
1737,13:09:03,17.0,0.01,684,1162800,买盘
1738,13:09:00,16.99,-0.01,186,316014,卖盘
1739,13:08:57,17.0,0.01,863,1467100,买盘
1740,13:08:54,16.99,--,269,457030,卖盘
1741,13:08:51,16.99,--,1261,2142439,卖盘
1742,13:08:48,16.99,-0.01,89,151211,卖盘
1743,13:08:45,17.0,0.01,147,249900,买盘
1744,13:08:42,16.99,--,206,349993,卖盘
1745,13:08:39,16.99,--,251,427026,买盘
1746,13:08:36,16.99,--,755,1283764,买盘
1747,13:08:33,16.99,--,288,489311,买盘
1748,13:08:30,16.99,0.01,437,742462,买盘
1749,13:08:24,16.98,--,1346,2285508,卖盘
1750,13:08:21,16.98,--,1052,1786296,卖盘
1751,13:08:15,16.98,--,899,1526502,卖盘
1752,13:08:12,16.98,-0.01,950,1613100,卖盘
1753,13:08:09,16.99,0.01,186,316014,买盘
1754,13:08:03,16.98,--,23,39054,卖盘
1755,13:08:00,16.98,-0.01,50,84900,卖盘
1756,13:07:57,16.99,0.02,211,358488,买盘
1757,13:07:54,16.97,-0.01,2358,4002747,卖盘
1758,13:07:48,16.98,--,570,967860,买盘
1759,13:07:45,16.98,--,385,653730,买盘
1760,13:07:42,16.98,--,64,108672,买盘
1761,13:07:39,16.98,0.01,423,719069,买盘
1762,13:07:36,16.97,--,991,1681727,买盘
1763,13:07:33,16.97,--,389,660133,买盘
1764,13:07:30,16.97,--,784,1330448,买盘
1765,13:07:27,16.97,0.01,288,488735,买盘
1766,13:07:24,16.96,--,841,1426336,卖盘
1767,13:07:21,16.96,-0.01,21,35616,卖盘
1768,13:07:18,16.97,0.01,100,169903,买盘
1769,13:07:12,16.96,0.01,2828,4797644,买盘
1770,13:07:09,16.95,--,492,833940,买盘
1771,13:07:06,16.95,0.01,220,372900,买盘
1772,13:07:03,16.94,-0.01,383,648802,卖盘
1773,13:06:57,16.95,0.01,117,198315,买盘
1774,13:06:51,16.94,--,316,535304,卖盘
1775,13:06:48,16.94,--,236,399784,卖盘
1776,13:06:45,16.94,--,786,1331484,买盘
1777,13:06:42,16.94,0.02,330,559020,买盘
1778,13:06:39,16.92,-0.02,40,67680,卖盘
1779,13:06:36,16.94,--,401,680818,买盘
1780,13:06:33,16.94,0.02,113,191422,买盘
1781,13:06:30,16.92,--,74,125208,卖盘
1782,13:06:27,16.92,--,21,35532,卖盘
1783,13:06:24,16.92,--,36,60912,卖盘
1784,13:06:21,16.92,--,20,33840,卖盘
1785,13:06:18,16.92,-0.02,103,174276,卖盘
1786,13:06:15,16.94,0.02,89,150766,买盘
1787,13:06:12,16.92,--,212,358704,买盘
1788,13:06:09,16.92,0.01,125,211500,中性盘
1789,13:05:57,16.91,--,8361,14140108,卖盘
1790,13:05:54,16.91,-0.01,85,143735,卖盘
1791,13:05:51,16.92,--,2,3384,买盘
1792,13:05:48,16.92,0.01,50,84600,买盘
1793,13:05:42,16.91,--,20,33820,卖盘
1794,13:05:39,16.91,-0.01,87,147117,卖盘
1795,13:05:36,16.92,--,37,62604,买盘
1796,13:05:33,16.92,0.01,49,82908,买盘
1797,13:05:30,16.91,--,12,20292,卖盘
1798,13:05:27,16.91,--,5,8455,卖盘
1799,13:05:24,16.91,--,31,52421,卖盘
1800,13:05:21,16.91,-0.01,5,9875,卖盘
1801,13:05:18,16.92,--,102,172584,买盘
1802,13:05:15,16.92,0.01,147,249908,买盘
1803,13:05:12,16.91,-0.01,12,20292,卖盘
1804,13:05:09,16.92,0.02,1015,1717380,买盘
1805,13:05:06,16.9,-0.01,36,60839,卖盘
1806,13:05:03,16.91,--,49,82859,买盘
1807,13:05:00,16.91,--,10,16910,买盘
1808,13:04:57,16.91,--,18,30438,买盘
1809,13:04:54,16.91,0.01,88,148808,买盘
1810,13:04:51,16.9,-0.01,31,52389,卖盘
1811,13:04:48,16.91,--,52,87932,买盘
1812,13:04:42,16.91,--,28,47348,买盘
1813,13:04:39,16.91,--,222,375402,买盘
1814,13:04:33,16.91,-0.01,95,160645,卖盘
1815,13:04:30,16.92,--,61,103212,买盘
1816,13:04:27,16.92,0.02,25,42300,买盘
1817,13:04:24,16.9,-0.01,40,67600,卖盘
1818,13:04:21,16.91,--,150,253650,卖盘
1819,13:04:18,16.91,--,70,118370,卖盘
1820,13:04:15,16.91,--,94,158954,卖盘
1821,13:04:09,16.91,0.01,401,678936,买盘
1822,13:04:06,16.9,--,54,91259,卖盘
1823,13:04:03,16.9,--,1,1689,卖盘
1824,13:04:00,16.9,-0.01,35,59149,卖盘
1825,13:03:57,16.91,0.01,1263,2135733,买盘
1826,13:03:54,16.9,--,250,422499,卖盘
1827,13:03:51,16.9,--,220,371799,买盘
1828,13:03:48,16.9,--,10,16900,买盘
1829,13:03:45,16.9,0.01,46,77740,买盘
1830,13:03:42,16.89,0.01,47,79383,买盘
1831,13:03:39,16.88,-0.01,5,8440,卖盘
1832,13:03:36,16.89,-0.01,58,97962,中性盘
1833,13:03:24,16.9,0.01,142,239979,买盘
1834,13:03:21,16.89,-0.01,145,244905,卖盘
1835,13:03:18,16.9,--,10,16900,买盘
1836,13:03:15,16.9,0.01,532,899079,买盘
1837,13:03:12,16.89,-0.01,6,10134,卖盘
1838,13:03:09,16.9,--,93,157170,买盘
1839,13:03:06,16.9,0.01,64,108159,买盘
1840,13:03:03,16.89,--,123,207747,买盘
1841,13:03:00,16.89,-0.01,24,40536,卖盘
1842,13:02:57,16.9,0.01,20,33800,买盘
1843,13:02:54,16.89,--,2,3378,卖盘
1844,13:02:51,16.89,--,91,153699,卖盘
1845,13:02:48,16.89,-0.01,19,32091,卖盘
1846,13:02:45,16.9,0.01,160,270400,买盘
1847,13:02:42,16.89,--,25,42225,卖盘
1848,13:02:36,16.89,-0.01,184,310776,卖盘
1849,13:02:32,16.9,0.01,10,16900,买盘
1850,13:02:29,16.89,--,97,163833,卖盘
1851,13:02:26,16.89,-0.01,52,87828,卖盘
1852,13:02:23,16.9,0.01,35,59149,买盘
1853,13:02:20,16.89,-0.01,100,168900,卖盘
1854,13:02:14,16.9,--,104,175759,买盘
1855,13:02:11,16.9,--,124,209559,买盘
1856,13:02:08,16.9,--,21,35490,买盘
1857,13:02:05,16.9,--,30,50699,买盘
1858,13:02:02,16.9,--,78,131820,买盘
1859,13:01:59,16.9,--,73,123369,买盘
1860,13:01:56,16.9,--,130,219699,买盘
1861,13:01:53,16.9,-0.01,35,59149,中性盘
1862,13:01:50,16.91,0.01,32,54112,买盘
1863,13:01:47,16.9,--,65,109849,买盘
1864,13:01:44,16.9,--,184,310960,卖盘
1865,13:01:38,16.9,--,9,15209,卖盘
1866,13:01:35,16.9,--,276,466439,买盘
1867,13:01:29,16.9,0.01,100,169000,买盘
1868,13:01:26,16.89,-0.01,213,359757,卖盘
1869,13:01:23,16.9,--,237,400529,买盘
1870,13:01:17,16.9,--,49,82810,买盘
1871,13:01:14,16.9,--,98,165620,买盘
1872,13:01:11,16.9,--,69,116609,买盘
1873,13:01:05,16.9,--,775,1309750,买盘
1874,13:01:02,16.9,--,104,175759,买盘
1875,13:00:59,16.9,--,162,273780,买盘
1876,13:00:56,16.9,--,86,145340,买盘
1877,13:00:53,16.9,--,10,16900,买盘
1878,13:00:50,16.9,--,59,99709,买盘
1879,13:00:47,16.9,--,120,202799,买盘
1880,13:00:44,16.9,--,500,844999,买盘
1881,13:00:41,16.9,--,41,69290,买盘
1882,13:00:38,16.9,--,734,1240460,买盘
1883,13:00:35,16.9,--,3,5070,买盘
1884,13:00:32,16.9,0.01,219,370109,买盘
1885,13:00:29,16.89,-0.01,5,8445,中性盘
1886,13:00:26,16.9,0.01,100,169000,买盘
1887,13:00:23,16.89,0.01,118,199302,买盘
1888,13:00:20,16.88,--,51,86088,卖盘
1889,13:00:17,16.88,--,3813,6436344,买盘
1890,13:00:14,16.88,0.01,22,37136,买盘
1891,13:00:11,16.87,-0.01,44,74228,卖盘
1892,13:00:08,16.88,0.02,2479,4184551,买盘
1893,11:30:01,16.86,--,10,16860,买盘
1894,11:29:58,16.86,--,52,87672,买盘
1895,11:29:55,16.86,--,13,21918,买盘
1896,11:29:52,16.86,--,8,13488,买盘
1897,11:29:49,16.86,0.01,5,8430,买盘
1898,11:29:46,16.85,-0.01,1,1685,卖盘
1899,11:29:43,16.86,--,87,146682,买盘
1900,11:29:40,16.86,--,25,42150,买盘
1901,11:29:37,16.86,--,200,337200,买盘
1902,11:29:34,16.86,0.01,9,15174,买盘
1903,11:29:31,16.85,--,2,3370,卖盘
1904,11:29:28,16.85,-0.01,14,23590,卖盘
1905,11:29:19,16.86,0.01,21,35406,买盘
1906,11:29:13,16.85,-0.01,6,10110,卖盘
1907,11:29:10,16.86,0.01,500,843000,买盘
1908,11:29:04,16.85,--,4,6740,买盘
1909,11:29:01,16.85,--,88,148280,买盘
1910,11:28:58,16.85,--,4,6740,买盘
1911,11:28:55,16.85,--,72,121320,买盘
1912,11:28:52,16.85,-0.01,10,16850,中性盘
1913,11:28:46,16.86,0.01,502,846372,买盘
1914,11:28:43,16.85,--,144,242640,卖盘
1915,11:28:37,16.85,--,38,64030,卖盘
1916,11:28:31,16.85,-0.01,12,20220,卖盘
1917,11:28:25,16.86,--,17,28662,买盘
1918,11:28:22,16.86,0.01,5,8430,买盘
1919,11:28:13,16.85,--,5,8425,卖盘
1920,11:28:10,16.85,0.01,74,124690,卖盘
1921,11:28:07,16.84,-0.02,40,67360,卖盘
1922,11:28:04,16.86,0.01,2,3372,买盘
1923,11:28:01,16.85,0.01,9,15165,买盘
1924,11:27:55,16.84,--,13,21892,卖盘
1925,11:27:52,16.84,-0.01,319,537196,卖盘
1926,11:27:46,16.85,--,30,50550,卖盘
1927,11:27:43,16.85,--,14,25072,买盘
1928,11:27:40,16.85,--,5,8425,买盘
1929,11:27:37,16.85,--,41,69287,卖盘
1930,11:27:34,16.85,--,29,50347,卖盘
1931,11:27:31,16.85,--,24,40440,卖盘
1932,11:27:28,16.85,--,49,82565,卖盘
1933,11:27:25,16.85,--,4,6740,卖盘
1934,11:27:22,16.85,--,17,28645,卖盘
1935,11:27:19,16.85,-0.01,24,40440,卖盘
1936,11:27:16,16.86,0.01,61,102846,买盘
1937,11:27:10,16.85,--,12,20220,买盘
1938,11:27:07,16.85,0.01,25,42125,买盘
1939,11:27:04,16.84,-0.01,3,5052,卖盘
1940,11:27:01,16.85,--,5,8425,买盘
1941,11:26:58,16.85,--,6,10110,买盘
1942,11:26:52,16.85,--,107,180295,卖盘
1943,11:26:43,16.85,--,3,5055,卖盘
1944,11:26:40,16.85,--,10,16850,卖盘
1945,11:26:37,16.85,0.01,114,192090,买盘
1946,11:26:34,16.84,-0.01,42,70728,卖盘
1947,11:26:28,16.85,0.01,50,84250,买盘
1948,11:26:25,16.84,-0.01,61,102724,卖盘
1949,11:26:22,16.85,--,61,102785,卖盘
1950,11:26:19,16.85,--,120,202200,买盘
1951,11:26:16,16.85,--,60,101100,买盘
1952,11:26:10,16.85,0.01,25,42125,买盘
1953,11:26:07,16.84,-0.01,10,16840,卖盘
1954,11:26:01,16.85,--,19,32015,买盘
1955,11:25:52,16.85,--,10,16850,买盘
1956,11:25:49,16.85,--,84,141540,卖盘
1957,11:25:46,16.85,-0.01,23,38755,卖盘
1958,11:25:43,16.86,0.01,30,50580,买盘
1959,11:25:40,16.85,--,70,117950,卖盘
1960,11:25:31,16.85,--,36,60660,卖盘
1961,11:25:28,16.85,-0.01,76,128060,卖盘
1962,11:25:22,16.86,0.01,5,8430,买盘
1963,11:25:19,16.85,-0.01,26,43810,卖盘
1964,11:25:16,16.86,0.01,47,79242,买盘
1965,11:25:13,16.85,--,6,10110,卖盘
1966,11:25:10,16.85,--,10,16850,卖盘
1967,11:25:04,16.85,--,42,70770,卖盘
1968,11:25:01,16.85,-0.01,2,3370,卖盘
1969,11:24:58,16.86,0.01,30,50580,买盘
1970,11:24:55,16.85,-0.01,85,143225,卖盘
1971,11:24:49,16.86,0.01,8,13488,买盘
1972,11:24:46,16.85,--,27,45495,卖盘
1973,11:24:43,16.85,--,4,6740,卖盘
1974,11:24:34,16.85,-0.01,1,1685,卖盘
1975,11:24:31,16.86,0.01,6,10116,买盘
1976,11:24:25,16.85,-0.01,13,21905,卖盘
1977,11:24:22,16.86,0.01,100,168600,买盘
1978,11:24:19,16.85,--,20,33700,卖盘
1979,11:24:16,16.85,-0.01,5,8425,卖盘
1980,11:24:13,16.86,--,108,182088,买盘
1981,11:24:10,16.86,0.01,2,3372,买盘
1982,11:24:04,16.85,--,17,28645,卖盘
1983,11:24:01,16.85,--,10,16850,卖盘
1984,11:23:58,16.85,-0.01,16,26960,卖盘
1985,11:23:49,16.86,--,44,74184,买盘
1986,11:23:46,16.86,0.01,30,50580,买盘
1987,11:23:40,16.85,-0.01,162,272970,卖盘
1988,11:23:37,16.86,0.01,9,15174,买盘
1989,11:23:34,16.85,-0.01,5,8425,卖盘
1990,11:23:27,16.86,--,49,82614,买盘
1991,11:23:24,16.86,0.01,2,3372,买盘
1992,11:23:21,16.85,-0.01,52,87620,卖盘
1993,11:23:18,16.86,0.01,64,107904,买盘
1994,11:23:12,16.85,--,10,16850,卖盘
1995,11:23:09,16.85,-0.01,20,33700,卖盘
1996,11:23:03,16.86,--,137,230982,买盘
1997,11:23:00,16.86,--,11,18546,买盘
1998,11:22:57,16.86,--,24,40464,买盘
1999,11:22:54,16.86,0.01,10,16860,买盘
2000,11:22:51,16.85,-0.01,38,64030,卖盘
2001,11:22:45,16.86,--,3,5058,买盘
2002,11:22:42,16.86,--,40,67440,买盘
2003,11:22:39,16.86,0.01,4,6744,买盘
2004,11:22:36,16.85,-0.01,1,1685,卖盘
2005,11:22:33,16.86,--,29,48894,买盘
2006,11:22:30,16.86,0.01,67,112962,买盘
2007,11:22:27,16.85,--,107,180295,卖盘
2008,11:22:24,16.85,--,3,5055,卖盘
2009,11:22:21,16.85,-0.01,4,6740,卖盘
2010,11:22:18,16.86,--,5,8430,买盘
2011,11:22:15,16.86,0.01,39,65754,买盘
2012,11:22:06,16.85,-0.01,36,60660,卖盘
2013,11:22:03,16.86,--,20,33720,买盘
2014,11:22:00,16.86,--,55,92730,买盘
2015,11:21:54,16.86,0.01,110,185460,买盘
2016,11:21:48,16.85,--,1,1685,卖盘
2017,11:21:45,16.85,--,50,84250,卖盘
2018,11:21:42,16.85,--,50,84250,卖盘
2019,11:21:39,16.85,--,38,64030,卖盘
2020,11:21:33,16.85,--,84,141540,卖盘
2021,11:21:30,16.85,--,31,52235,卖盘
2022,11:21:24,16.85,-0.01,57,96045,卖盘
2023,11:21:18,16.86,0.01,5,8430,买盘
2024,11:21:15,16.85,-0.01,27,45495,卖盘
2025,11:21:12,16.86,--,122,205692,买盘
2026,11:21:09,16.86,0.01,151,254586,买盘
2027,11:21:06,16.85,--,61,102785,卖盘
2028,11:21:00,16.85,0.01,97,165062,买盘
2029,11:20:57,16.84,-0.01,21,35364,卖盘
2030,11:20:54,16.85,-0.01,31,52235,中性盘
2031,11:20:51,16.86,0.02,50,84300,买盘
2032,11:20:48,16.84,-0.02,132,223567,卖盘
2033,11:20:45,16.86,0.01,85,143310,买盘
2034,11:20:42,16.85,--,62,104470,卖盘
2035,11:20:39,16.85,-0.01,41,69085,卖盘
2036,11:20:33,16.86,0.01,99,166914,买盘
2037,11:20:30,16.85,-0.01,154,259490,卖盘
2038,11:20:27,16.86,0.01,49,82614,买盘
2039,11:20:21,16.85,-0.01,21,35385,卖盘
2040,11:20:18,16.86,--,15,25290,买盘
2041,11:20:15,16.86,--,20,33720,买盘
2042,11:20:09,16.86,--,6,10116,买盘
2043,11:20:06,16.86,0.01,78,131508,买盘
2044,11:20:00,16.85,-0.01,32,53920,卖盘
2045,11:19:57,16.86,0.01,15,25290,买盘
2046,11:19:54,16.85,-0.01,10,16850,卖盘
2047,11:19:42,16.86,--,18,30348,买盘
2048,11:19:39,16.86,--,97,163542,卖盘
2049,11:19:36,16.86,--,143,241098,买盘
2050,11:19:30,16.86,--,26,43836,买盘
2051,11:19:27,16.86,--,12,20232,买盘
2052,11:19:21,16.86,0.01,2,3372,买盘
2053,11:19:18,16.85,--,216,363960,卖盘
2054,11:19:15,16.85,-0.01,65,109525,卖盘
2055,11:19:12,16.86,0.01,105,177030,买盘
2056,11:19:09,16.85,--,106,178610,卖盘
2057,11:19:06,16.85,-0.01,5,8425,卖盘
2058,11:19:03,16.86,0.01,44,74184,买盘
2059,11:19:00,16.85,--,36,60660,卖盘
2060,11:18:57,16.85,-0.01,33,55605,卖盘
2061,11:18:54,16.86,0.01,6,10116,买盘
2062,11:18:51,16.85,--,56,94360,卖盘
2063,11:18:48,16.85,-0.01,14,23590,卖盘
2064,11:18:45,16.86,--,16,26976,买盘
2065,11:18:39,16.86,0.01,127,214122,买盘
2066,11:18:36,16.85,--,24,40844,卖盘
2067,11:18:33,16.85,-0.01,27,45495,卖盘
2068,11:18:30,16.86,--,29,48894,买盘
2069,11:18:27,16.86,0.01,270,455220,买盘
2070,11:18:24,16.85,--,10,16850,买盘
2071,11:18:21,16.85,--,68,114580,买盘
2072,11:18:18,16.85,--,21,35385,买盘
2073,11:18:15,16.85,--,274,461690,卖盘
2074,11:18:12,16.85,-0.01,6,10110,卖盘
2075,11:18:09,16.86,--,15,25290,买盘
2076,11:18:06,16.86,0.01,8,13488,买盘
2077,11:18:03,16.85,--,12,20220,卖盘
2078,11:18:00,16.85,--,50,84250,卖盘
2079,11:17:57,16.85,--,77,129745,卖盘
2080,11:17:54,16.85,--,25,42125,卖盘
2081,11:17:48,16.85,-0.01,56,94360,卖盘
2082,11:17:45,16.86,0.01,53,89358,买盘
2083,11:17:42,16.85,--,23,38755,卖盘
2084,11:17:39,16.85,-0.01,21,35385,卖盘
2085,11:17:36,16.86,--,1,1686,买盘
2086,11:17:30,16.86,--,35,59010,买盘
2087,11:17:27,16.86,0.01,22,37092,买盘
2088,11:17:24,16.85,--,220,370700,卖盘
2089,11:17:21,16.85,--,19,32015,卖盘
2090,11:17:15,16.85,-0.01,238,401030,卖盘
2091,11:17:09,16.86,--,47,79242,买盘
2092,11:17:06,16.86,--,58,97788,买盘
2093,11:17:00,16.86,0.01,35,59010,买盘
2094,11:16:57,16.85,-0.01,9,15165,卖盘
2095,11:16:54,16.86,0.01,84,141624,买盘
2096,11:16:48,16.85,--,50,84250,卖盘
2097,11:16:45,16.85,-0.01,13,21905,卖盘
2098,11:16:39,16.86,--,32,53952,买盘
2099,11:16:36,16.86,--,9,15174,买盘
2100,11:16:33,16.86,--,4,6744,买盘
2101,11:16:30,16.86,--,39,65754,卖盘
2102,11:16:18,16.86,--,21,35406,卖盘
2103,11:16:15,16.86,--,38,64068,卖盘
2104,11:16:12,16.86,--,8,13488,卖盘
2105,11:16:09,16.86,-0.01,14,23604,卖盘
2106,11:16:06,16.87,0.01,31,52297,买盘
2107,11:16:00,16.86,--,5,8430,卖盘
2108,11:15:57,16.86,--,3,5058,卖盘
2109,11:15:48,16.86,0.01,23,38778,买盘
2110,11:15:45,16.85,-0.01,121,203885,卖盘
2111,11:15:42,16.86,-0.01,1,1686,卖盘
2112,11:15:39,16.87,0.01,82,138334,买盘
2113,11:15:36,16.86,--,35,59010,买盘
2114,11:15:33,16.86,--,2,3372,买盘
2115,11:15:30,16.86,--,102,171972,卖盘
2116,11:15:27,16.86,--,52,87672,卖盘
2117,11:15:21,16.86,--,1,1686,卖盘
2118,11:15:18,16.86,--,12,20232,卖盘
2119,11:15:12,16.86,--,20,33720,卖盘
2120,11:15:09,16.86,--,41,69126,卖盘
2121,11:15:06,16.86,-0.01,108,182088,卖盘
2122,11:15:03,16.87,0.01,139,234493,买盘
2123,11:15:00,16.86,-0.01,10,16860,卖盘
2124,11:14:57,16.87,--,23,38801,买盘
2125,11:14:51,16.87,0.01,8,13496,买盘
2126,11:14:45,16.86,--,2,3372,卖盘
2127,11:14:42,16.86,--,67,112962,买盘
2128,11:14:39,16.86,--,6,10116,买盘
2129,11:14:36,16.86,--,20,33720,买盘
2130,11:14:33,16.86,--,10,16860,买盘
2131,11:14:27,16.86,0.01,2,3372,买盘
2132,11:14:21,16.85,-0.01,1,1685,卖盘
2133,11:14:18,16.86,--,23,38778,买盘
2134,11:14:12,16.86,-0.01,35,59010,卖盘
2135,11:14:09,16.87,0.01,49,82663,买盘
2136,11:14:03,16.86,--,8,13488,卖盘
2137,11:14:00,16.86,--,23,38778,卖盘
2138,11:13:57,16.86,--,42,70812,卖盘
2139,11:13:51,16.86,-0.01,10,16860,卖盘
2140,11:13:48,16.87,--,272,458864,买盘
2141,11:13:42,16.87,0.01,192,323904,买盘
2142,11:13:39,16.86,--,28,47208,卖盘
2143,11:13:36,16.86,-0.01,63,106218,卖盘
2144,11:13:33,16.87,--,17,28679,买盘
2145,11:13:30,16.87,--,36,60732,买盘
2146,11:13:21,16.87,0.01,65,109655,买盘
2147,11:13:15,16.86,--,6,10116,卖盘
2148,11:13:12,16.86,--,8,13488,买盘
2149,11:13:09,16.86,--,23,38778,卖盘
2150,11:13:06,16.86,-0.01,103,173658,卖盘
2151,11:13:03,16.87,--,20,33740,买盘
2152,11:13:00,16.87,--,50,84350,买盘
2153,11:12:54,16.87,0.01,221,372827,买盘
2154,11:12:48,16.86,-0.01,33,55638,卖盘
2155,11:12:42,16.87,0.02,53,89411,买盘
2156,11:12:39,16.85,-0.01,18,30330,卖盘
2157,11:12:36,16.86,--,6,10116,卖盘
2158,11:12:33,16.86,0.01,2,3372,中性盘
2159,11:12:30,16.85,--,168,283080,卖盘
2160,11:12:24,16.85,--,70,117950,卖盘
2161,11:12:21,16.85,--,117,197145,卖盘
2162,11:12:18,16.85,-0.01,380,640300,卖盘
2163,11:12:15,16.86,0.01,60,101160,买盘
2164,11:12:09,16.85,--,64,107840,卖盘
2165,11:12:06,16.85,-0.01,13,21905,卖盘
2166,11:12:03,16.86,0.01,28,47208,买盘
2167,11:11:54,16.85,--,39,65715,卖盘
2168,11:11:51,16.85,--,16,26960,卖盘
2169,11:11:45,16.85,-0.01,1,1685,卖盘
2170,11:11:42,16.86,0.01,10,16860,买盘
2171,11:11:36,16.85,--,30,50550,卖盘
2172,11:11:33,16.85,-0.01,14,23590,卖盘
2173,11:11:27,16.86,0.01,29,48894,买盘
2174,11:11:24,16.85,-0.01,46,77510,卖盘
2175,11:11:21,16.86,0.01,46,77556,买盘
2176,11:11:18,16.85,-0.01,92,155020,卖盘
2177,11:11:15,16.86,--,142,239412,买盘
2178,11:11:12,16.86,--,32,53952,买盘
2179,11:11:09,16.86,0.01,43,72498,买盘
2180,11:11:06,16.85,-0.01,95,160075,中性盘
2181,11:11:03,16.86,0.01,29,48894,买盘
2182,11:11:00,16.85,--,44,74140,买盘
2183,11:10:57,16.85,-0.01,50,84250,中性盘
2184,11:10:54,16.86,0.01,57,96102,买盘
2185,11:10:51,16.85,--,90,151650,买盘
2186,11:10:48,16.85,--,36,60660,买盘
2187,11:10:45,16.85,--,30,50550,买盘
2188,11:10:42,16.85,--,47,79195,买盘
2189,11:10:36,16.85,--,20,33700,买盘
2190,11:10:33,16.85,--,31,52235,买盘
2191,11:10:30,16.85,--,13,21905,卖盘
2192,11:10:27,16.85,--,36,60660,卖盘
2193,11:10:24,16.85,--,133,224105,卖盘
2194,11:10:21,16.85,--,61,102785,卖盘
2195,11:10:15,16.85,--,15,25275,卖盘
2196,11:10:12,16.85,--,188,316780,卖盘
2197,11:10:09,16.85,--,154,259490,卖盘
2198,11:10:03,16.85,--,22,37070,卖盘
2199,11:10:00,16.85,--,49,82565,卖盘
2200,11:09:57,16.85,--,10,16850,卖盘
2201,11:09:54,16.85,-0.01,107,180295,卖盘
2202,11:09:51,16.86,--,32,53952,买盘
2203,11:09:48,16.86,--,2,3372,买盘
2204,11:09:45,16.86,0.01,21,35406,买盘
2205,11:09:39,16.85,--,39,65715,卖盘
2206,11:09:36,16.85,-0.01,29,48865,卖盘
2207,11:09:33,16.86,0.01,10,16860,买盘
2208,11:09:27,16.85,--,6,10110,卖盘
2209,11:09:24,16.85,-0.01,10,16850,卖盘
2210,11:09:21,16.86,0.01,42,70812,买盘
2211,11:09:18,16.85,--,1,1685,卖盘
2212,11:09:15,16.85,--,12,20220,卖盘
2213,11:09:12,16.85,--,41,69085,卖盘
2214,11:09:09,16.85,--,10,16850,卖盘
2215,11:09:06,16.85,--,21,35385,卖盘
2216,11:09:03,16.85,-0.02,27,45495,卖盘
2217,11:08:54,16.87,0.01,35,59045,买盘
2218,11:08:51,16.86,--,2,3372,买盘
2219,11:08:48,16.86,--,55,92730,买盘
2220,11:08:45,16.86,--,110,185460,卖盘
2221,11:08:42,16.86,--,100,168600,卖盘
2222,11:08:39,16.86,0.01,14,23604,买盘
2223,11:08:36,16.85,--,7,11795,卖盘
2224,11:08:33,16.85,-0.01,42,70770,卖盘
2225,11:08:30,16.86,--,56,94416,买盘
2226,11:08:27,16.86,0.01,289,487254,买盘
2227,11:08:12,16.85,--,1,1685,卖盘
2228,11:08:09,16.85,-0.02,12,20220,卖盘
2229,11:08:06,16.87,0.01,25,42175,买盘
2230,11:08:03,16.86,--,20,33720,卖盘
2231,11:08:00,16.86,--,2,3372,卖盘
2232,11:07:57,16.86,--,70,118020,卖盘
2233,11:07:54,16.86,--,31,52266,卖盘
2234,11:07:51,16.86,-0.01,13,21918,卖盘
2235,11:07:48,16.87,0.01,218,367766,买盘
2236,11:07:42,16.86,-0.01,5,8430,卖盘
2237,11:07:39,16.87,0.01,204,344148,买盘
2238,11:07:36,16.86,--,228,384408,卖盘
2239,11:07:27,16.86,-0.01,17,28662,卖盘
2240,11:07:21,16.87,0.01,531,895797,买盘
2241,11:07:18,16.86,0.01,210,354060,买盘
2242,11:07:15,16.85,--,9,15165,卖盘
2243,11:07:09,16.85,--,13,21905,卖盘
2244,11:07:06,16.85,--,3,5055,卖盘
2245,11:07:03,16.85,--,1096,1846760,买盘
2246,11:06:57,16.85,--,5,8425,买盘
2247,11:06:54,16.85,0.01,95,160075,买盘
2248,11:06:48,16.84,--,10,16840,卖盘
2249,11:06:45,16.84,0.02,590,993560,买盘
2250,11:06:42,16.82,-0.01,28,47096,卖盘
2251,11:06:39,16.83,--,50,84149,买盘
2252,11:06:33,16.83,0.01,95,159884,买盘
2253,11:06:30,16.82,--,63,105966,卖盘
2254,11:06:27,16.82,-0.01,40,67280,卖盘
2255,11:06:24,16.83,0.01,20,33660,买盘
2256,11:06:18,16.82,-0.01,53,89146,卖盘
2257,11:06:15,16.83,--,110,185129,买盘
2258,11:06:12,16.83,0.01,83,139689,买盘
2259,11:06:06,16.82,--,24,40368,卖盘
2260,11:06:00,16.82,-0.01,62,104284,卖盘
2261,11:05:57,16.83,0.01,57,95930,买盘
2262,11:05:51,16.82,--,19,31958,卖盘
2263,11:05:48,16.82,--,92,154744,买盘
2264,11:05:42,16.82,0.01,20,33640,买盘
2265,11:05:39,16.81,--,48,80688,卖盘
2266,11:05:36,16.81,-0.01,292,490851,卖盘
2267,11:05:27,16.82,--,21,35322,买盘
2268,11:05:24,16.82,--,15,25230,买盘
2269,11:05:21,16.82,--,4,6728,买盘
2270,11:05:18,16.82,--,45,75690,卖盘
2271,11:05:12,16.82,--,135,227070,卖盘
2272,11:05:06,16.82,--,248,417136,卖盘
2273,11:05:03,16.82,--,31,52142,卖盘
2274,11:05:00,16.82,--,129,216978,卖盘
2275,11:04:57,16.82,--,30,50460,卖盘
2276,11:04:51,16.82,--,60,100920,卖盘
2277,11:04:42,16.82,--,9,15138,卖盘
2278,11:04:39,16.82,-0.01,5,8410,卖盘
2279,11:04:36,16.83,0.01,231,388772,买盘
2280,11:04:33,16.82,--,299,502918,卖盘
2281,11:04:30,16.82,-0.01,52,87464,卖盘
2282,11:04:24,16.83,0.01,21,35343,买盘
2283,11:04:21,16.82,-0.01,101,169882,卖盘
2284,11:04:18,16.83,0.01,170,286110,买盘
2285,11:04:15,16.82,--,141,237162,卖盘
2286,11:04:12,16.82,--,6,10092,卖盘
2287,11:04:09,16.82,--,20,33640,卖盘
2288,11:04:06,16.82,--,67,112694,卖盘
2289,11:04:00,16.82,--,102,171564,卖盘
2290,11:03:57,16.82,--,272,457504,卖盘
2291,11:03:54,16.82,--,34,57188,卖盘
2292,11:03:51,16.82,-0.01,22,37004,卖盘
2293,11:03:48,16.83,0.01,42,70686,买盘
2294,11:03:42,16.82,--,20,33640,卖盘
2295,11:03:39,16.82,--,33,55506,卖盘
2296,11:03:36,16.82,--,46,77372,卖盘
2297,11:03:30,16.82,--,5,8410,卖盘
2298,11:03:27,16.82,--,171,287622,卖盘
2299,11:03:24,16.82,-0.01,27,45414,卖盘
2300,11:03:21,16.83,--,402,676565,买盘
2301,11:03:18,16.83,--,32,53855,买盘
2302,11:03:09,16.83,0.01,20,33660,买盘
2303,11:03:03,16.82,-0.01,30,50460,卖盘
2304,11:03:00,16.83,--,37,62270,卖盘
2305,11:02:53,16.83,--,44,74051,卖盘
2306,11:02:50,16.83,--,107,180080,卖盘
2307,11:02:47,16.83,--,163,274329,卖盘
2308,11:02:44,16.83,--,3,5048,卖盘
2309,11:02:41,16.83,--,20,33660,卖盘
2310,11:02:38,16.83,--,169,284427,卖盘
2311,11:02:32,16.83,--,118,198593,卖盘
2312,11:02:29,16.83,--,153,257498,卖盘
2313,11:02:26,16.83,-0.01,86,144737,卖盘
2314,11:02:23,16.84,--,12,20208,买盘
2315,11:02:14,16.84,--,207,348588,卖盘
2316,11:02:11,16.84,--,332,559088,卖盘
2317,11:02:05,16.84,--,2,3368,卖盘
2318,11:02:02,16.84,--,213,358692,卖盘
2319,11:01:59,16.84,--,10,16840,卖盘
2320,11:01:56,16.84,-0.01,10,16840,卖盘
2321,11:01:53,16.85,--,56,94360,买盘
2322,11:01:50,16.85,--,37,62345,买盘
2323,11:01:47,16.85,--,5,8425,买盘
2324,11:01:44,16.85,-0.01,21,36227,卖盘
2325,11:01:41,16.86,0.01,15,25290,买盘
2326,11:01:38,16.85,--,159,267915,卖盘
2327,11:01:35,16.85,-0.01,5,8425,卖盘
2328,11:01:23,16.86,--,45,75870,买盘
2329,11:01:17,16.86,0.01,1,1686,买盘
2330,11:01:14,16.85,-0.01,197,331945,卖盘
2331,11:01:11,16.86,--,126,212436,卖盘
2332,11:01:02,16.86,--,5,8430,卖盘
2333,11:00:59,16.86,--,170,286620,买盘
2334,11:00:56,16.86,0.01,4,6744,买盘
2335,11:00:53,16.85,-0.01,34,57290,卖盘
2336,11:00:50,16.86,--,18,30348,买盘
2337,11:00:44,16.86,0.01,342,576612,买盘
2338,11:00:41,16.85,-0.01,71,119635,卖盘
2339,11:00:38,16.86,--,228,384408,买盘
2340,11:00:35,16.86,--,1,1686,买盘
2341,11:00:32,16.86,--,5,8430,买盘
2342,11:00:29,16.86,0.01,10,16860,买盘
2343,11:00:26,16.85,-0.01,1,1685,卖盘
2344,11:00:23,16.86,--,100,168600,买盘
2345,11:00:20,16.86,--,12,20232,买盘
2346,11:00:11,16.86,0.01,12,20232,卖盘
2347,11:00:05,16.85,-0.01,15,25275,卖盘
2348,11:00:02,16.86,-0.01,3,5058,卖盘
2349,10:59:59,16.87,--,10,16870,买盘
2350,10:59:56,16.87,--,158,266546,买盘
2351,10:59:50,16.87,0.01,35,59045,买盘
2352,10:59:47,16.86,--,117,197262,卖盘
2353,10:59:41,16.86,--,73,123078,卖盘
2354,10:59:35,16.86,--,19,32034,卖盘
2355,10:59:32,16.86,--,5,8430,卖盘
2356,10:59:29,16.86,-0.01,6,10116,中性盘
2357,10:59:23,16.87,0.01,501,845187,买盘
2358,10:59:20,16.86,0.01,34,57324,买盘
2359,10:59:17,16.85,-0.01,13,21905,卖盘
2360,10:59:14,16.86,0.01,5,8430,买盘
2361,10:59:11,16.85,--,2,3370,卖盘
2362,10:59:05,16.85,-0.01,67,113130,卖盘
2363,10:59:02,16.86,0.01,507,854802,买盘
2364,10:58:59,16.85,--,29,48865,卖盘
2365,10:58:53,16.85,--,5,8425,卖盘
2366,10:58:50,16.85,--,5,8425,卖盘
2367,10:58:47,16.85,--,204,343740,卖盘
2368,10:58:44,16.85,--,20,33700,卖盘
2369,10:58:41,16.85,--,10,16850,卖盘
2370,10:58:38,16.85,--,156,263466,买盘
2371,10:58:35,16.85,--,43,73533,卖盘
2372,10:58:32,16.85,--,169,284765,卖盘
2373,10:58:23,16.85,--,10,16850,卖盘
2374,10:58:20,16.85,-0.01,4,6740,卖盘
2375,10:58:14,16.86,--,100,168600,买盘
2376,10:58:11,16.86,0.01,85,143310,买盘
2377,10:58:05,16.85,-0.01,239,402715,卖盘
2378,10:57:56,16.86,--,83,139938,买盘
2379,10:57:53,16.86,0.01,52,87672,买盘
2380,10:57:50,16.85,-0.01,112,188720,卖盘
2381,10:57:44,16.86,--,45,75870,买盘
2382,10:57:44,16.86,0.01,328,553008,买盘
2383,10:57:35,16.85,--,20,33700,卖盘
2384,10:57:32,16.85,-0.01,102,171870,卖盘
2385,10:57:29,16.86,--,57,96102,买盘
2386,10:57:23,16.86,--,12,20232,买盘
2387,10:57:20,16.86,0.01,11,18546,买盘
2388,10:57:17,16.85,-0.01,17,28645,卖盘
2389,10:57:14,16.86,0.01,14,23604,买盘
2390,10:57:11,16.85,-0.01,1,1685,卖盘
2391,10:57:08,16.86,--,14,23604,买盘
2392,10:57:05,16.86,0.01,55,92730,买盘
2393,10:57:02,16.85,--,57,96045,卖盘
2394,10:56:59,16.85,--,65,109525,卖盘
2395,10:56:56,16.85,--,39,65715,卖盘
2396,10:56:47,16.85,-0.01,29,48865,卖盘
2397,10:56:44,16.86,0.01,1,1686,买盘
2398,10:56:41,16.85,--,61,102785,卖盘
2399,10:56:35,16.85,--,41,69085,卖盘
2400,10:56:32,16.85,-0.01,29,48865,卖盘
2401,10:56:29,16.86,0.01,113,190518,买盘
2402,10:56:23,16.85,--,30,50550,卖盘
2403,10:56:20,16.85,--,27,45495,卖盘
2404,10:56:17,16.85,--,1,1685,卖盘
2405,10:56:14,16.85,--,60,101100,卖盘
2406,10:56:11,16.85,--,50,84250,卖盘
2407,10:56:08,16.85,--,1,1685,卖盘
2408,10:56:05,16.85,--,21,35385,卖盘
2409,10:56:02,16.85,0.01,670,1129556,买盘
2410,10:55:59,16.84,-0.01,4,6736,卖盘
2411,10:55:56,16.85,0.01,34,57290,买盘
2412,10:55:53,16.84,--,4,6736,卖盘
2413,10:55:50,16.84,--,9,15156,卖盘
2414,10:55:47,16.84,--,211,355324,卖盘
2415,10:55:41,16.84,--,15,25260,卖盘
2416,10:55:35,16.84,--,10,16840,卖盘
2417,10:55:32,16.84,--,7,11788,卖盘
2418,10:55:29,16.84,--,85,143140,卖盘
2419,10:55:23,16.84,-0.01,26,43784,卖盘
2420,10:55:20,16.85,--,14,23590,买盘
2421,10:55:17,16.85,0.01,5,8425,买盘
2422,10:55:14,16.84,-0.01,35,58940,卖盘
2423,10:55:11,16.85,0.01,5,8425,买盘
2424,10:55:08,16.84,--,30,50520,卖盘
2425,10:55:05,16.84,--,57,95988,买盘
2426,10:55:02,16.84,--,8,13472,买盘
2427,10:54:59,16.84,0.01,10,16840,买盘
2428,10:54:56,16.83,-0.01,227,382040,卖盘
2429,10:54:50,16.84,--,64,107776,卖盘
2430,10:54:47,16.84,-0.01,26,43784,卖盘
2431,10:54:44,16.85,--,5,8425,买盘
2432,10:54:41,16.85,0.01,11,18535,买盘
2433,10:54:38,16.84,0.01,261,439524,买盘
2434,10:54:35,16.83,-0.01,173,291158,卖盘
2435,10:54:32,16.84,--,26,43784,买盘
2436,10:54:26,16.84,0.01,15,25260,买盘
2437,10:54:23,16.83,-0.01,113,190178,卖盘
2438,10:54:20,16.84,0.01,22,37048,买盘
2439,10:54:17,16.83,-0.01,10,16830,卖盘
2440,10:54:11,16.84,0.01,30,50520,买盘
2441,10:54:08,16.83,--,13,21878,卖盘
2442,10:54:05,16.83,-0.01,90,151469,卖盘
2443,10:53:59,16.84,--,187,314908,买盘
2444,10:53:50,16.84,--,14,23576,买盘
2445,10:53:47,16.84,--,40,67360,买盘
2446,10:53:44,16.84,--,21,35364,买盘
2447,10:53:41,16.84,--,20,33680,买盘
2448,10:53:35,16.84,--,32,53888,卖盘
2449,10:53:32,16.84,-0.01,22,37048,卖盘
2450,10:53:29,16.85,0.01,49,82565,买盘
2451,10:53:23,16.84,-0.01,35,58940,卖盘
2452,10:53:17,16.85,--,1,1685,买盘
2453,10:53:14,16.85,--,33,55605,买盘
2454,10:53:11,16.85,--,17,28645,买盘
2455,10:53:08,16.85,-0.01,63,107233,卖盘
2456,10:53:05,16.86,0.01,57,96102,买盘
2457,10:53:02,16.85,--,40,67400,卖盘
2458,10:52:59,16.85,--,36,60660,卖盘
2459,10:52:56,16.85,--,6,10110,卖盘
2460,10:52:53,16.85,--,358,603230,卖盘
2461,10:52:50,16.85,--,190,320150,卖盘
2462,10:52:44,16.85,--,36,60660,卖盘
2463,10:52:41,16.85,--,92,155020,卖盘
2464,10:52:38,16.85,--,65,109525,卖盘
2465,10:52:35,16.85,-0.01,40,67400,卖盘
2466,10:52:32,16.86,0.01,40,67440,买盘
2467,10:52:29,16.85,--,2,3370,卖盘
2468,10:52:26,16.85,--,20,33700,卖盘
2469,10:52:23,16.85,--,1,1685,卖盘
2470,10:52:20,16.85,-0.01,46,77510,卖盘
2471,10:52:17,16.86,0.01,6,10116,买盘
2472,10:52:14,16.85,--,139,234215,卖盘
2473,10:52:08,16.85,--,5,8425,卖盘
2474,10:52:05,16.85,-0.01,16,26960,卖盘
2475,10:51:59,16.86,--,40,67440,买盘
2476,10:51:56,16.86,--,26,43836,买盘
2477,10:51:53,16.86,0.01,20,33720,买盘
2478,10:51:50,16.85,-0.01,44,74140,卖盘
2479,10:51:47,16.86,0.01,44,74184,买盘
2480,10:51:44,16.85,-0.01,104,175240,卖盘
2481,10:51:41,16.86,0.01,5,8430,买盘
2482,10:51:38,16.85,-0.01,200,337000,卖盘
2483,10:51:32,16.86,0.01,394,664284,买盘
2484,10:51:29,16.85,--,15,25275,卖盘
2485,10:51:26,16.85,-0.01,45,75825,卖盘
2486,10:51:20,16.86,0.01,16,26976,买盘
2487,10:51:17,16.85,--,5,8425,卖盘
2488,10:51:14,16.85,-0.01,6,10110,卖盘
2489,10:51:11,16.86,0.01,2,3372,买盘
2490,10:51:08,16.85,-0.01,20,33700,卖盘
2491,10:51:05,16.86,--,10,16860,买盘
2492,10:50:59,16.86,0.01,32,53952,买盘
2493,10:50:56,16.85,--,15,25275,卖盘
2494,10:50:53,16.85,-0.01,10,16850,卖盘
2495,10:50:50,16.86,--,10,16860,买盘
2496,10:50:47,16.86,--,2,3372,买盘
2497,10:50:44,16.86,0.01,68,114648,买盘
2498,10:50:41,16.85,-0.01,35,58975,卖盘
2499,10:50:35,16.86,--,252,424872,买盘
2500,10:50:29,16.86,0.01,64,107904,买盘
2501,10:50:26,16.85,--,100,168500,卖盘
2502,10:50:23,16.85,-0.01,105,176925,卖盘
2503,10:50:20,16.86,--,20,33720,买盘
2504,10:50:17,16.86,0.01,28,47208,买盘
2505,10:50:14,16.85,-0.01,60,101100,卖盘
2506,10:50:11,16.86,--,21,35406,买盘
2507,10:50:08,16.86,--,70,118020,买盘
2508,10:50:05,16.86,--,288,485568,买盘
2509,10:49:59,16.86,0.01,57,96102,买盘
2510,10:49:56,16.85,-0.01,150,252750,卖盘
2511,10:49:50,16.86,--,220,370920,买盘
2512,10:49:47,16.86,--,30,50580,买盘
2513,10:49:44,16.86,0.01,51,85986,买盘
2514,10:49:41,16.85,-0.01,95,160075,卖盘
2515,10:49:38,16.86,0.01,385,649110,买盘
2516,10:49:35,16.85,-0.01,37,62345,卖盘
2517,10:49:29,16.86,--,73,123078,买盘
2518,10:49:26,16.86,0.01,13,21918,买盘
2519,10:49:23,16.85,-0.01,147,247695,卖盘
2520,10:49:20,16.86,0.01,74,124764,买盘
2521,10:49:17,16.85,--,62,104470,卖盘
2522,10:49:14,16.85,-0.01,112,188720,卖盘
2523,10:49:11,16.86,--,78,131508,买盘
2524,10:49:08,16.86,0.01,15,25290,买盘
2525,10:49:05,16.85,--,53,89305,卖盘
2526,10:48:59,16.85,--,8,13480,卖盘
2527,10:48:53,16.85,-0.01,20,33700,卖盘
2528,10:48:50,16.86,0.01,1085,1829916,买盘
2529,10:48:47,16.85,--,8,13480,买盘
2530,10:48:41,16.85,0.01,34,57290,买盘
2531,10:48:38,16.84,--,37,62308,卖盘
2532,10:48:35,16.84,--,76,127984,卖盘
2533,10:48:32,16.84,--,16,26944,卖盘
2534,10:48:29,16.84,--,52,87568,卖盘
2535,10:48:26,16.84,--,48,80832,卖盘
2536,10:48:20,16.84,0.01,183,309754,买盘
2537,10:48:14,16.83,-0.01,24,40391,卖盘
2538,10:48:11,16.84,--,63,106092,买盘
2539,10:48:08,16.84,--,125,210500,买盘
2540,10:48:05,16.84,0.01,605,1018820,买盘
2541,10:48:02,16.83,--,96,161567,卖盘
2542,10:47:56,16.83,0.01,157,264231,买盘
2543,10:47:53,16.82,-0.01,128,215296,卖盘
2544,10:47:50,16.83,--,42,70686,买盘
2545,10:47:47,16.83,--,110,185129,买盘
2546,10:47:44,16.83,0.01,294,494801,买盘
2547,10:47:41,16.82,-0.01,58,97556,卖盘
2548,10:47:38,16.83,--,109,183446,买盘
2549,10:47:32,16.83,0.01,106,178397,买盘
2550,10:47:26,16.82,--,72,121104,卖盘
2551,10:47:20,16.82,-0.01,5,8410,卖盘
2552,10:47:17,16.83,--,77,129590,买盘
2553,10:47:14,16.83,--,145,244034,买盘
2554,10:47:11,16.83,0.01,86,144737,买盘
2555,10:47:08,16.82,-0.01,67,112694,卖盘
2556,10:47:05,16.83,--,132,222155,买盘
2557,10:47:02,16.83,--,51,85832,买盘
2558,10:46:59,16.83,0.01,10,16830,买盘
2559,10:46:56,16.82,--,201,338082,卖盘
2560,10:46:53,16.82,--,10,16820,卖盘
2561,10:46:50,16.82,--,142,238844,卖盘
2562,10:46:47,16.82,--,10,16820,卖盘
2563,10:46:44,16.82,--,63,105966,卖盘
2564,10:46:41,16.82,--,36,60552,卖盘
2565,10:46:38,16.82,-0.01,253,425546,卖盘
2566,10:46:35,16.83,--,74,124541,买盘
2567,10:46:32,16.83,0.01,23,38708,买盘
2568,10:46:26,16.82,--,32,53824,卖盘
2569,10:46:23,16.82,-0.01,44,74008,卖盘
2570,10:46:20,16.83,--,39,65637,买盘
2571,10:46:17,16.83,0.01,62,104345,买盘
2572,10:46:14,16.82,-0.01,50,84100,卖盘
2573,10:46:11,16.83,0.01,55,92564,买盘
2574,10:46:08,16.82,-0.01,108,181656,卖盘
2575,10:46:02,16.83,--,169,284427,买盘
2576,10:45:59,16.83,0.01,3,5048,买盘
2577,10:45:56,16.82,-0.01,289,486098,卖盘
2578,10:45:53,16.83,--,170,286110,卖盘
2579,10:45:50,16.83,--,23,38708,卖盘
2580,10:45:47,16.83,--,345,580634,卖盘
2581,10:45:44,16.83,--,142,238985,买盘
2582,10:45:41,16.83,-0.01,2,3365,买盘
2583,10:45:38,16.84,0.01,234,394056,买盘
2584,10:45:35,16.83,--,75,127066,卖盘
2585,10:45:32,16.83,--,62,104345,卖盘
2586,10:45:29,16.83,--,124,208691,卖盘
2587,10:45:26,16.83,--,109,183446,卖盘
2588,10:45:23,16.83,--,71,119492,卖盘
2589,10:45:17,16.83,--,11,19354,卖盘
2590,10:45:13,16.83,-0.01,105,176714,卖盘
2591,10:45:10,16.84,0.01,37,62308,买盘
2592,10:45:07,16.83,--,44,74051,卖盘
2593,10:45:04,16.83,--,65,109394,卖盘
2594,10:45:01,16.83,--,314,528462,买盘
2595,10:44:58,16.83,--,39,65637,买盘
2596,10:44:55,16.83,--,14,23561,买盘
2597,10:44:52,16.83,--,16,26927,买盘
2598,10:44:49,16.83,--,33,55538,卖盘
2599,10:44:46,16.83,--,58,97613,买盘
2600,10:44:43,16.83,--,68,114443,卖盘
2601,10:44:40,16.83,--,5,8415,卖盘
2602,10:44:37,16.83,--,566,952577,卖盘
2603,10:44:28,16.83,--,59,99296,卖盘
2604,10:44:25,16.83,--,90,151469,卖盘
2605,10:44:22,16.83,--,41,69003,卖盘
2606,10:44:19,16.83,--,30,50489,卖盘
2607,10:44:16,16.83,-0.01,14,23561,卖盘
2608,10:44:13,16.84,0.01,185,311540,买盘
2609,10:44:07,16.83,-0.01,95,159884,卖盘
2610,10:44:04,16.84,0.01,27,45468,买盘
2611,10:44:01,16.83,--,50,84149,卖盘
2612,10:43:58,16.83,--,26,43757,卖盘
2613,10:43:55,16.83,--,147,247400,卖盘
2614,10:43:52,16.83,--,249,419066,卖盘
2615,10:43:49,16.83,-0.01,99,166616,卖盘
2616,10:43:46,16.84,0.01,87,146508,买盘
2617,10:43:43,16.83,-0.01,20,33660,卖盘
2618,10:43:40,16.84,0.01,31,52204,买盘
2619,10:43:37,16.83,-0.01,10,16830,卖盘
2620,10:43:34,16.84,--,50,84200,买盘
2621,10:43:31,16.84,0.01,200,336800,买盘
2622,10:43:28,16.83,--,7,11780,卖盘
2623,10:43:25,16.83,-0.01,3,5048,卖盘
2624,10:43:19,16.84,--,5,8420,买盘
2625,10:43:16,16.84,0.01,14,23576,买盘
2626,10:43:13,16.83,-0.02,219,368576,卖盘
2627,10:43:10,16.85,0.01,22,37070,买盘
2628,10:43:07,16.84,--,7,11788,卖盘
2629,10:43:04,16.84,--,31,52204,卖盘
2630,10:42:58,16.84,--,108,181872,买盘
2631,10:42:55,16.84,-0.01,12,20208,中性盘
2632,10:42:49,16.85,--,145,244493,买盘
2633,10:42:43,16.85,0.01,41,69085,买盘
2634,10:42:40,16.84,-0.01,45,75780,卖盘
2635,10:42:37,16.85,0.01,157,264545,买盘
2636,10:42:31,16.84,--,23,38732,卖盘
2637,10:42:28,16.84,-0.01,56,94304,卖盘
2638,10:42:19,16.85,--,59,99415,买盘
2639,10:42:16,16.85,--,35,58975,买盘
2640,10:42:13,16.85,--,50,84250,买盘
2641,10:42:10,16.85,--,127,215174,卖盘
2642,10:42:07,16.85,--,17,28645,卖盘
2643,10:42:04,16.85,-0.01,37,62345,卖盘
2644,10:42:01,16.86,--,224,377664,买盘
2645,10:41:58,16.86,0.01,14,23604,买盘
2646,10:41:55,16.85,--,10,16850,卖盘
2647,10:41:49,16.85,--,46,77510,卖盘
2648,10:41:46,16.85,--,150,252750,卖盘
2649,10:41:43,16.85,-0.01,10,16850,卖盘
2650,10:41:40,16.86,0.01,159,268074,买盘
2651,10:41:37,16.85,--,336,566160,卖盘
2652,10:41:31,16.85,--,20,33700,卖盘
2653,10:41:28,16.85,--,60,101100,卖盘
2654,10:41:25,16.85,--,80,134800,卖盘
2655,10:41:22,16.85,--,38,64030,卖盘
2656,10:41:19,16.85,--,69,116265,卖盘
2657,10:41:13,16.85,--,4,6740,卖盘
2658,10:41:10,16.85,-0.01,67,112895,卖盘
2659,10:41:07,16.86,0.01,23,38778,买盘
2660,10:41:04,16.85,--,125,210625,卖盘
2661,10:41:01,16.85,-0.01,39,65715,卖盘
2662,10:40:58,16.86,--,27,45522,买盘
2663,10:40:55,16.86,--,54,91044,卖盘
2664,10:40:52,16.86,--,65,109590,卖盘
2665,10:40:49,16.86,0.01,76,128136,买盘
2666,10:40:46,16.85,-0.01,288,485280,卖盘
2667,10:40:40,16.86,--,99,166914,买盘
2668,10:40:34,16.86,--,140,236040,卖盘
2669,10:40:31,16.86,--,53,89358,卖盘
2670,10:40:28,16.86,--,109,183774,卖盘
2671,10:40:25,16.86,0.01,738,1244268,买盘
2672,10:40:22,16.85,-0.01,44,74140,卖盘
2673,10:40:19,16.86,--,67,112962,买盘
2674,10:40:16,16.86,0.01,59,99474,买盘
2675,10:40:13,16.85,--,77,129745,卖盘
2676,10:40:10,16.85,--,27,45495,卖盘
2677,10:40:07,16.85,--,8,13480,卖盘
2678,10:40:04,16.85,--,28,47180,卖盘
2679,10:40:01,16.85,-0.01,34,57290,卖盘
2680,10:39:58,16.86,--,239,402954,买盘
2681,10:39:52,16.86,0.01,132,222552,买盘
2682,10:39:46,16.85,--,72,121320,卖盘
2683,10:39:43,16.85,-0.01,55,92675,卖盘
2684,10:39:40,16.86,0.01,23,38778,买盘
2685,10:39:37,16.85,--,1141,1923562,卖盘
2686,10:39:31,16.85,-0.01,25,42125,卖盘
2687,10:39:28,16.86,0.01,39,65754,买盘
2688,10:39:25,16.85,-0.01,16,26960,卖盘
2689,10:39:22,16.86,--,25,42150,买盘
2690,10:39:16,16.86,0.01,21,35406,买盘
2691,10:39:13,16.85,-0.01,77,129745,卖盘
2692,10:39:10,16.86,0.01,9,15174,买盘
2693,10:39:07,16.85,-0.01,123,207255,卖盘
2694,10:39:01,16.86,--,27,45522,卖盘
2695,10:38:58,16.86,--,12,20232,卖盘
2696,10:38:55,16.86,--,27,45522,卖盘
2697,10:38:52,16.86,--,161,271446,买盘
2698,10:38:49,16.86,0.01,9,15174,买盘
2699,10:38:46,16.85,--,20,33700,卖盘
2700,10:38:43,16.85,-0.01,76,129138,卖盘
2701,10:38:40,16.86,--,104,175883,买盘
2702,10:38:37,16.86,--,13,21918,买盘
2703,10:38:34,16.86,0.01,21,35406,买盘
2704,10:38:31,16.85,-0.01,8,13480,卖盘
2705,10:38:28,16.86,--,95,160170,卖盘
2706,10:38:22,16.86,--,34,57324,卖盘
2707,10:38:19,16.86,--,179,301794,卖盘
2708,10:38:16,16.86,--,26,43836,卖盘
2709,10:38:13,16.86,--,31,52266,卖盘
2710,10:38:10,16.86,0.01,505,851430,买盘
2711,10:38:07,16.85,--,35,58975,卖盘
2712,10:38:04,16.85,-0.01,65,109525,卖盘
2713,10:38:01,16.86,0.01,17,28662,买盘
2714,10:37:58,16.85,-0.01,281,473485,卖盘
2715,10:37:55,16.86,0.01,164,276504,买盘
2716,10:37:52,16.85,--,222,374070,卖盘
2717,10:37:49,16.85,--,105,176925,卖盘
2718,10:37:46,16.85,-0.01,572,963820,卖盘
2719,10:37:43,16.86,--,192,323712,买盘
2720,10:37:37,16.86,--,56,94416,买盘
2721,10:37:34,16.86,0.01,42,70812,买盘
2722,10:37:31,16.85,-0.01,310,522350,卖盘
2723,10:37:25,16.86,--,77,129822,买盘
2724,10:37:22,16.86,--,48,80928,买盘
2725,10:37:19,16.86,--,113,190518,买盘
2726,10:37:13,16.86,--,25,42150,买盘
2727,10:37:07,16.86,--,180,303480,买盘
2728,10:37:04,16.86,--,57,96102,卖盘
2729,10:37:01,16.86,--,19,32034,卖盘
2730,10:36:58,16.86,--,89,150054,买盘
2731,10:36:55,16.86,--,6,10116,买盘
2732,10:36:52,16.86,--,374,630564,卖盘
2733,10:36:43,16.86,-0.01,65,109590,卖盘
2734,10:36:40,16.87,0.01,99,167013,买盘
2735,10:36:34,16.86,--,52,87672,卖盘
2736,10:36:31,16.86,-0.01,10,16860,卖盘
2737,10:36:28,16.87,0.01,27,45549,买盘
2738,10:36:25,16.86,--,33,55638,卖盘
2739,10:36:22,16.86,--,241,406326,卖盘
2740,10:36:19,16.86,--,11,18546,卖盘
2741,10:36:16,16.86,-0.01,10,16860,卖盘
2742,10:36:10,16.87,0.01,81,136647,买盘
2743,10:36:04,16.86,--,75,126450,卖盘
2744,10:36:01,16.86,--,327,551322,卖盘
2745,10:35:55,16.86,--,45,75870,卖盘
2746,10:35:52,16.86,-0.01,54,91044,卖盘
2747,10:35:49,16.87,--,118,199066,买盘
2748,10:35:46,16.87,0.01,26,43862,买盘
2749,10:35:43,16.86,--,75,126450,卖盘
2750,10:35:40,16.86,--,43,72498,卖盘
2751,10:35:37,16.86,--,40,67440,卖盘
2752,10:35:34,16.86,--,22,37092,卖盘
2753,10:35:31,16.86,-0.01,5,8430,卖盘
2754,10:35:28,16.87,--,2,3374,买盘
2755,10:35:25,16.87,0.01,257,433559,买盘
2756,10:35:22,16.86,-0.01,50,84300,卖盘
2757,10:35:19,16.87,--,48,80976,买盘
2758,10:35:16,16.87,--,33,55671,买盘
2759,10:35:13,16.87,--,254,429442,卖盘
2760,10:35:10,16.87,--,470,792890,卖盘
2761,10:35:07,16.87,--,43,72541,卖盘
2762,10:35:04,16.87,--,8,13496,卖盘
