,time,price,change,volume,amount,type
0,15:00:24,5.23,--,3074,1607702,卖盘
1,14:58:05,5.23,--,0,0,买盘
2,14:57:02,5.23,--,54,28242,卖盘
3,14:56:59,5.23,-0.01,6,3138,卖盘
4,14:56:56,5.24,0.01,27,14148,买盘
5,14:56:53,5.23,-0.01,1,523,卖盘
6,14:56:50,5.24,0.01,6,3144,买盘
7,14:56:44,5.23,-0.01,89,46547,卖盘
8,14:56:38,5.24,0.01,80,41920,买盘
9,14:56:35,5.23,--,6,3138,卖盘
10,14:56:32,5.23,-0.01,82,42886,卖盘
11,14:56:29,5.24,0.01,454,237896,买盘
12,14:56:26,5.23,-0.01,47,24581,卖盘
13,14:56:23,5.24,0.01,121,63404,买盘
14,14:56:20,5.23,--,80,41840,卖盘
15,14:56:17,5.23,-0.01,32,16736,卖盘
16,14:56:14,5.24,0.01,28,14672,买盘
17,14:56:11,5.23,-0.01,55,28765,卖盘
18,14:56:08,5.24,0.01,9,4716,买盘
19,14:56:05,5.23,--,100,52300,卖盘
20,14:56:02,5.23,--,19,9937,卖盘
21,14:55:59,5.23,-0.01,183,95709,卖盘
22,14:55:56,5.24,0.01,32,16768,买盘
23,14:55:53,5.23,--,4,2092,卖盘
24,14:55:50,5.23,--,104,54392,卖盘
25,14:55:44,5.23,--,251,131273,卖盘
26,14:55:41,5.23,--,26,13598,卖盘
27,14:55:35,5.23,--,3,1569,卖盘
28,14:55:32,5.23,-0.01,138,72174,卖盘
29,14:55:29,5.24,0.01,11,5764,买盘
30,14:55:26,5.23,--,297,155331,卖盘
31,14:55:20,5.23,--,652,340996,卖盘
32,14:55:14,5.23,-0.01,300,156900,卖盘
33,14:55:11,5.24,0.01,61,31964,买盘
34,14:55:08,5.23,-0.01,14,7322,卖盘
35,14:55:05,5.24,--,20,10480,买盘
36,14:55:02,5.24,0.01,8,4192,买盘
37,14:54:59,5.23,--,74,38702,卖盘
38,14:54:53,5.23,--,5,2615,卖盘
39,14:54:50,5.23,-0.01,313,163699,卖盘
40,14:54:47,5.24,0.01,32,16768,买盘
41,14:54:44,5.23,--,133,69559,卖盘
42,14:54:41,5.23,-0.01,144,75312,卖盘
43,14:54:38,5.24,--,63,33012,买盘
44,14:54:35,5.24,0.01,56,29344,买盘
45,14:54:32,5.23,-0.01,100,52300,卖盘
46,14:54:26,5.24,0.01,107,56068,买盘
47,14:54:23,5.23,--,177,92571,卖盘
48,14:54:17,5.23,--,5,2615,卖盘
49,14:54:14,5.23,-0.01,50,26150,卖盘
50,14:54:11,5.24,--,21,11004,买盘
51,14:54:05,5.24,0.01,35,18340,买盘
52,14:54:02,5.23,-0.01,54,28242,卖盘
53,14:53:56,5.24,0.01,101,52924,买盘
54,14:53:53,5.23,--,84,43932,卖盘
55,14:53:50,5.23,-0.01,108,56484,卖盘
56,14:53:47,5.24,--,18,9432,买盘
57,14:53:44,5.24,--,58,30392,买盘
58,14:53:41,5.24,0.01,50,26200,买盘
59,14:53:38,5.23,--,94,49162,卖盘
60,14:53:35,5.23,-0.01,38,19874,卖盘
61,14:53:32,5.24,--,62,32488,买盘
62,14:53:29,5.24,--,24,12576,买盘
63,14:53:20,5.24,0.01,62,32488,买盘
64,14:53:14,5.23,-0.01,179,93617,卖盘
65,14:53:08,5.24,0.01,15,7860,买盘
66,14:53:05,5.23,-0.01,4,2092,卖盘
67,14:53:02,5.24,0.01,15,7860,买盘
68,14:52:59,5.23,--,59,30857,卖盘
69,14:52:56,5.23,--,50,26150,卖盘
70,14:52:53,5.23,--,153,80019,卖盘
71,14:52:50,5.23,--,122,63806,卖盘
72,14:52:47,5.23,--,58,30334,卖盘
73,14:52:41,5.23,--,127,66421,卖盘
74,14:52:38,5.23,--,2,1046,卖盘
75,14:52:35,5.23,-0.01,45,23535,卖盘
76,14:52:32,5.24,--,1,524,买盘
77,14:52:26,5.24,--,100,52400,买盘
78,14:52:23,5.24,0.01,92,48208,买盘
79,14:52:20,5.23,--,119,62237,卖盘
80,14:52:17,5.23,--,51,26673,卖盘
81,14:52:11,5.23,--,36,18828,卖盘
82,14:52:08,5.23,-0.01,2,1046,卖盘
83,14:52:05,5.24,--,212,111088,买盘
84,14:52:02,5.24,0.01,605,317020,买盘
85,14:51:59,5.23,--,72,37656,卖盘
86,14:51:56,5.23,--,336,175728,卖盘
87,14:51:50,5.23,--,26,13598,卖盘
88,14:51:47,5.23,--,24,12552,卖盘
89,14:51:44,5.23,-0.01,31,16213,卖盘
90,14:51:41,5.24,0.01,10,5240,买盘
91,14:51:38,5.23,--,374,195602,卖盘
92,14:51:35,5.23,--,27,14121,卖盘
93,14:51:32,5.23,-0.01,74,38702,卖盘
94,14:51:23,5.24,0.01,2,1048,买盘
95,14:51:17,5.23,-0.01,1112,581576,卖盘
96,14:51:11,5.24,--,202,105848,买盘
97,14:50:59,5.24,--,12,6288,买盘
98,14:50:56,5.24,--,5,2620,买盘
99,14:50:53,5.24,--,1137,596039,卖盘
100,14:50:50,5.24,--,21,11004,卖盘
101,14:50:47,5.24,--,219,114756,卖盘
102,14:50:44,5.24,-0.01,51,26724,卖盘
103,14:50:41,5.25,0.01,1007,528675,买盘
104,14:50:32,5.24,--,15,7860,卖盘
105,14:50:29,5.24,--,55,28820,卖盘
106,14:50:23,5.24,--,2,1048,卖盘
107,14:50:20,5.24,--,1,524,卖盘
108,14:50:14,5.24,--,31,16244,卖盘
109,14:50:11,5.24,--,3,1572,卖盘
110,14:50:08,5.24,--,1,524,卖盘
111,14:50:05,5.24,--,27,14148,卖盘
112,14:49:59,5.24,--,112,58688,卖盘
113,14:49:53,5.24,--,76,39824,卖盘
114,14:49:50,5.24,-0.01,11,5764,卖盘
115,14:49:47,5.25,0.01,70,36750,买盘
116,14:49:41,5.24,--,67,35108,卖盘
117,14:49:38,5.24,--,48,25152,卖盘
118,14:49:32,5.24,--,3,1572,卖盘
119,14:49:29,5.24,--,206,107944,卖盘
120,14:49:23,5.24,--,22,11528,卖盘
121,14:49:20,5.24,--,92,48208,卖盘
122,14:49:17,5.24,-0.01,2,1048,卖盘
123,14:49:14,5.25,0.01,5,2625,买盘
124,14:49:11,5.24,--,258,135192,卖盘
125,14:49:05,5.24,--,78,40872,卖盘
126,14:48:59,5.24,-0.01,5,2620,卖盘
127,14:48:53,5.25,0.01,270,141750,买盘
128,14:48:50,5.24,-0.01,8,4192,卖盘
129,14:48:41,5.25,0.01,18,9450,买盘
130,14:48:38,5.24,--,20,10480,卖盘
131,14:48:32,5.24,-0.01,100,52400,卖盘
132,14:48:29,5.25,--,2,1050,买盘
133,14:48:23,5.25,--,50,26250,买盘
134,14:48:14,5.25,0.01,35,18375,买盘
135,14:48:11,5.24,--,100,52400,卖盘
136,14:48:08,5.24,-0.01,13,6812,卖盘
137,14:48:05,5.25,--,262,137550,买盘
138,14:47:59,5.25,--,10,5250,买盘
139,14:47:56,5.25,0.01,1,525,买盘
140,14:47:50,5.24,-0.01,93,48752,卖盘
141,14:47:44,5.25,--,10,5250,买盘
142,14:47:41,5.25,--,38,20454,买盘
143,14:47:35,5.25,--,6,3150,买盘
144,14:47:29,5.25,--,3,1596,买盘
145,14:47:26,5.25,--,12,6300,买盘
146,14:47:23,5.25,--,6,3150,买盘
147,14:47:17,5.25,0.01,24,13104,买盘
148,14:47:14,5.24,-0.01,58,30392,卖盘
149,14:47:11,5.25,--,94,49350,买盘
150,14:47:05,5.25,--,10,5250,买盘
151,14:47:02,5.25,--,80,42000,买盘
152,14:46:59,5.25,--,320,168000,买盘
153,14:46:53,5.25,--,32,16800,买盘
154,14:46:50,5.25,--,20,10500,买盘
155,14:46:47,5.25,--,201,105546,买盘
156,14:46:44,5.25,--,80,42504,买盘
157,14:46:38,5.25,--,222,116550,买盘
158,14:46:26,5.25,--,787,413196,买盘
159,14:46:23,5.25,--,202,106050,买盘
160,14:46:20,5.25,0.01,94,49854,买盘
161,14:46:14,5.24,-0.01,162,84888,卖盘
162,14:46:11,5.25,--,805,422646,买盘
163,14:46:08,5.25,--,10,5250,买盘
164,14:46:05,5.25,0.01,50,26250,买盘
165,14:45:59,5.24,-0.01,238,124712,卖盘
166,14:45:56,5.25,--,638,335454,买盘
167,14:45:50,5.25,--,71,37296,买盘
168,14:45:47,5.25,0.01,10,5754,买盘
169,14:45:44,5.24,--,10,5240,卖盘
170,14:45:38,5.24,-0.01,10,5240,卖盘
171,14:45:35,5.25,0.01,20,10500,买盘
172,14:45:29,5.24,--,105,55040,卖盘
173,14:45:17,5.24,--,18,9935,卖盘
174,14:45:14,5.24,--,15,7880,卖盘
175,14:45:11,5.24,-0.01,4,2599,卖盘
176,14:45:08,5.25,--,40,21000,买盘
177,14:45:05,5.25,0.01,19,9996,买盘
178,14:44:59,5.24,--,22,11528,卖盘
179,14:44:56,5.24,--,62,32991,卖盘
180,14:44:53,5.24,--,10,5240,卖盘
181,14:44:50,5.24,--,20,10480,卖盘
182,14:44:47,5.24,--,191,100104,卖盘
183,14:44:44,5.24,--,18,9432,卖盘
184,14:44:41,5.24,--,6,3647,卖盘
185,14:44:38,5.24,--,5,2640,卖盘
186,14:44:35,5.24,--,14,7839,卖盘
187,14:44:29,5.24,--,15,7880,卖盘
188,14:44:23,5.24,--,174,91427,买盘
189,14:44:20,5.24,--,2,1048,卖盘
190,14:44:17,5.24,--,23,12052,中性盘
191,14:44:08,5.24,--,115,60260,卖盘
192,14:44:05,5.24,--,322,168728,卖盘
193,14:44:02,5.24,--,19,9956,卖盘
194,14:43:59,5.24,0.01,33,17292,中性盘
195,14:43:56,5.23,--,76,39748,卖盘
196,14:43:50,5.23,-0.01,10,5230,卖盘
197,14:43:47,5.24,--,66,34584,卖盘
198,14:43:44,5.24,--,117,61308,卖盘
199,14:43:41,5.24,--,86,45064,买盘
200,14:43:38,5.24,--,23,12052,买盘
201,14:43:35,5.24,0.01,6,3144,买盘
202,14:43:29,5.23,-0.01,8,4184,卖盘
203,14:43:23,5.24,--,105,55020,买盘
204,14:43:17,5.24,--,10,5240,买盘
205,14:43:14,5.24,--,25,13100,买盘
206,14:43:11,5.24,--,54,28296,卖盘
207,14:43:08,5.24,--,200,104800,买盘
208,14:43:05,5.24,--,12,6288,买盘
209,14:42:59,5.24,--,4,2096,买盘
210,14:42:56,5.24,--,289,151436,卖盘
211,14:42:50,5.24,--,64,33536,卖盘
212,14:42:47,5.24,--,1104,578496,卖盘
213,14:42:41,5.24,--,50,26200,卖盘
214,14:42:38,5.24,--,75,39300,卖盘
215,14:42:35,5.24,--,3,1572,卖盘
216,14:42:32,5.24,--,16,8384,卖盘
217,14:42:29,5.24,--,20,10480,卖盘
218,14:42:26,5.24,--,500,262000,卖盘
219,14:42:23,5.24,--,5,2620,卖盘
220,14:42:17,5.24,--,110,57640,卖盘
221,14:42:14,5.24,--,20,10480,卖盘
222,14:42:11,5.24,--,30,15720,卖盘
223,14:42:08,5.24,--,10,5240,卖盘
224,14:42:02,5.24,-0.01,2,1048,卖盘
225,14:41:59,5.25,--,10,5250,买盘
226,14:41:53,5.25,--,1,525,买盘
227,14:41:44,5.25,-0.01,444,233100,卖盘
228,14:41:41,5.26,0.01,199,104674,买盘
229,14:41:38,5.25,--,104,54600,卖盘
230,14:41:35,5.25,--,39,20475,卖盘
231,14:41:32,5.25,--,109,57225,卖盘
232,14:41:29,5.25,--,423,222075,卖盘
233,14:41:23,5.25,--,155,81375,卖盘
234,14:41:20,5.25,--,20,10500,卖盘
235,14:41:17,5.25,--,322,169050,卖盘
236,14:41:14,5.25,--,17,8925,卖盘
237,14:41:11,5.25,--,8,4200,卖盘
238,14:41:08,5.25,--,398,208950,卖盘
239,14:41:05,5.25,--,1,525,卖盘
240,14:41:02,5.25,-0.01,6,3150,卖盘
241,14:40:59,5.26,0.01,30,15780,买盘
242,14:40:56,5.25,--,101,53025,卖盘
243,14:40:53,5.25,--,1,525,卖盘
244,14:40:41,5.25,--,54,28350,卖盘
245,14:40:38,5.25,-0.01,5,2625,卖盘
246,14:40:32,5.26,0.01,5,2630,买盘
247,14:40:26,5.25,--,3,1575,卖盘
248,14:40:23,5.25,--,44,23100,卖盘
249,14:40:20,5.25,--,10,5250,卖盘
250,14:40:14,5.25,--,229,120225,卖盘
251,14:40:11,5.25,--,25,13125,卖盘
252,14:40:08,5.25,--,6,3150,卖盘
253,14:40:05,5.25,--,138,72450,卖盘
254,14:40:02,5.25,--,10,5250,卖盘
255,14:39:59,5.25,--,1,525,卖盘
256,14:39:56,5.25,--,103,54075,卖盘
257,14:39:47,5.25,-0.01,268,140700,卖盘
258,14:39:44,5.26,0.01,2,1052,买盘
259,14:39:35,5.25,--,30,15750,卖盘
260,14:39:29,5.25,--,298,156450,卖盘
261,14:39:23,5.25,--,65,34125,卖盘
262,14:39:20,5.25,--,108,56700,卖盘
263,14:39:17,5.25,--,26,13650,卖盘
264,14:39:11,5.25,--,1020,535500,卖盘
265,14:39:04,5.25,--,197,103425,卖盘
266,14:38:58,5.25,--,222,116550,卖盘
267,14:38:52,5.25,--,10,5250,卖盘
268,14:38:49,5.25,--,30,15750,卖盘
269,14:38:46,5.25,--,38,19950,卖盘
270,14:38:34,5.25,--,3,1575,卖盘
271,14:38:31,5.25,-0.01,60,31500,卖盘
272,14:38:25,5.26,0.01,10,5260,买盘
273,14:38:16,5.25,--,33,17325,卖盘
274,14:38:13,5.25,-0.01,1,525,卖盘
275,14:38:01,5.26,0.01,10,5260,买盘
276,14:37:58,5.25,--,4,2100,卖盘
277,14:37:55,5.25,--,10,5250,卖盘
278,14:37:52,5.25,-0.01,183,96075,卖盘
279,14:37:49,5.26,--,20,10520,买盘
280,14:37:46,5.26,--,5,2630,买盘
281,14:37:37,5.26,0.01,10,5260,买盘
282,14:37:34,5.25,-0.01,70,36750,卖盘
283,14:37:28,5.26,--,21,11046,买盘
284,14:37:25,5.26,--,330,173580,买盘
285,14:37:22,5.26,0.01,193,101518,买盘
286,14:37:19,5.25,--,43,22575,卖盘
287,14:37:13,5.25,-0.01,22,11550,卖盘
288,14:36:58,5.26,--,27,14202,买盘
289,14:36:55,5.26,--,3,1578,买盘
290,14:36:49,5.26,--,12,6312,买盘
291,14:36:46,5.26,--,385,202510,卖盘
292,14:36:40,5.26,--,5,2630,卖盘
293,14:36:37,5.26,--,40,21040,卖盘
294,14:36:34,5.26,--,120,63120,卖盘
295,14:36:31,5.26,--,21,11046,卖盘
296,14:36:28,5.26,--,69,36294,卖盘
297,14:36:22,5.26,--,623,327698,卖盘
298,14:36:16,5.26,--,335,176210,卖盘
299,14:36:13,5.26,--,14,7364,卖盘
300,14:36:10,5.26,--,20,10520,卖盘
301,14:35:58,5.26,--,50,26300,卖盘
302,14:35:55,5.26,--,15,7890,卖盘
303,14:35:49,5.26,--,18,9468,卖盘
304,14:35:43,5.26,--,127,66802,卖盘
305,14:35:37,5.26,-0.01,301,158326,卖盘
306,14:35:34,5.27,0.01,100,52699,买盘
307,14:35:28,5.26,--,27,14202,卖盘
308,14:35:25,5.26,-0.01,10,5260,卖盘
309,14:35:22,5.27,0.01,8,4216,买盘
310,14:35:19,5.26,-0.01,9,4734,卖盘
311,14:35:16,5.27,0.01,9,4743,买盘
312,14:35:13,5.26,--,1,526,卖盘
313,14:35:07,5.26,--,6,3156,卖盘
314,14:35:04,5.26,--,10,5260,卖盘
315,14:34:55,5.26,--,39,20514,卖盘
316,14:34:46,5.26,--,30,15780,卖盘
317,14:34:40,5.26,-0.01,172,90472,卖盘
318,14:34:34,5.27,--,127,66929,买盘
319,14:34:28,5.27,0.01,27,14228,买盘
320,14:34:22,5.26,--,16,8416,卖盘
321,14:34:16,5.26,--,264,139305,买盘
322,14:34:13,5.26,0.01,509,267734,买盘
323,14:34:10,5.25,-0.01,210,110250,卖盘
324,14:34:07,5.26,0.01,45,23670,买盘
325,14:34:04,5.25,-0.01,128,67200,卖盘
326,14:34:01,5.26,--,5,2630,买盘
327,14:33:58,5.26,--,130,68380,买盘
328,14:33:52,5.26,0.01,126,66276,买盘
329,14:33:40,5.25,--,47,24675,卖盘
330,14:33:37,5.25,-0.01,55,28875,卖盘
331,14:33:34,5.26,--,69,36294,买盘
332,14:33:31,5.26,0.01,18,9468,买盘
333,14:33:28,5.25,--,115,60375,卖盘
334,14:33:22,5.25,-0.01,2,1050,卖盘
335,14:33:19,5.26,--,40,21040,买盘
336,14:33:16,5.26,--,222,116772,买盘
337,14:33:13,5.26,0.01,40,21040,买盘
338,14:33:10,5.25,-0.01,70,36750,卖盘
339,14:33:04,5.26,--,30,15780,买盘
340,14:33:01,5.26,0.01,6,3156,买盘
341,14:32:58,5.25,--,32,16800,卖盘
342,14:32:55,5.25,-0.01,27,14175,卖盘
343,14:32:46,5.26,--,5,2630,买盘
344,14:32:43,5.26,0.01,62,32612,买盘
345,14:32:37,5.25,--,240,126000,卖盘
346,14:32:34,5.25,--,67,35175,卖盘
347,14:32:31,5.25,--,18,9450,卖盘
348,14:32:28,5.25,--,114,59850,卖盘
349,14:32:22,5.25,--,23,12075,卖盘
350,14:32:16,5.25,--,74,38850,卖盘
351,14:32:13,5.25,--,20,10500,卖盘
352,14:32:07,5.25,-0.01,10,5250,卖盘
353,14:32:04,5.26,0.01,138,72588,买盘
354,14:31:52,5.25,-0.01,50,26250,卖盘
355,14:31:49,5.26,0.01,142,74692,买盘
356,14:31:46,5.25,--,301,158025,卖盘
357,14:31:43,5.25,--,6,3150,卖盘
358,14:31:40,5.25,--,10,5250,卖盘
359,14:31:34,5.25,--,221,116025,卖盘
360,14:31:28,5.25,--,4,2100,卖盘
361,14:31:25,5.25,-0.01,10,5250,卖盘
362,14:31:22,5.26,--,48,25248,买盘
363,14:31:19,5.26,--,20,10520,买盘
364,14:31:10,5.26,--,92,48392,买盘
365,14:31:04,5.26,0.01,32,16832,买盘
366,14:31:01,5.25,-0.01,17,8925,卖盘
367,14:30:58,5.26,--,9,4734,买盘
368,14:30:52,5.26,--,40,21040,买盘
369,14:30:46,5.26,--,823,432982,卖盘
370,14:30:43,5.26,--,120,63120,卖盘
371,14:30:40,5.26,--,150,78900,卖盘
372,14:30:37,5.26,--,235,123610,卖盘
373,14:30:34,5.26,--,28,14728,卖盘
374,14:30:28,5.26,--,111,58386,卖盘
375,14:30:25,5.26,-0.01,72,37872,卖盘
376,14:30:19,5.27,0.01,5,2635,买盘
377,14:30:16,5.26,--,45,23670,卖盘
378,14:30:10,5.26,--,24,12624,卖盘
379,14:30:07,5.26,--,17,8942,卖盘
380,14:30:01,5.26,--,118,62068,卖盘
381,14:29:58,5.26,--,123,64698,卖盘
382,14:29:52,5.26,--,457,240382,卖盘
383,14:29:46,5.26,--,120,63120,卖盘
384,14:29:37,5.26,--,125,65750,卖盘
385,14:29:34,5.26,--,943,496018,卖盘
386,14:29:31,5.26,-0.01,20,10520,卖盘
387,14:29:28,5.27,0.01,110,57969,买盘
388,14:29:25,5.26,--,30,15780,卖盘
389,14:29:22,5.26,--,1,526,卖盘
390,14:29:19,5.26,--,474,249324,卖盘
391,14:29:16,5.26,--,12,6753,卖盘
392,14:29:10,5.26,--,59,31034,卖盘
393,14:29:01,5.26,--,1004,528104,卖盘
394,14:28:58,5.26,--,32,16832,卖盘
395,14:28:52,5.26,--,14,7364,卖盘
396,14:28:49,5.26,--,100,52600,卖盘
397,14:28:46,5.26,--,20,10520,卖盘
398,14:28:40,5.26,--,12,6312,卖盘
399,14:28:37,5.26,--,16,8416,卖盘
400,14:28:34,5.26,-0.01,269,141494,卖盘
401,14:28:31,5.27,0.01,5,2635,买盘
402,14:28:28,5.26,--,72,37872,卖盘
403,14:28:22,5.26,--,46,24196,卖盘
404,14:28:13,5.26,-0.01,22,11572,卖盘
405,14:28:10,5.27,--,36,18972,买盘
406,14:28:07,5.27,--,108,56915,买盘
407,14:28:01,5.27,0.01,30,15809,买盘
408,14:27:58,5.26,-0.01,10,5260,卖盘
409,14:27:52,5.27,0.01,40,21080,买盘
410,14:27:49,5.26,-0.01,15,7890,卖盘
411,14:27:46,5.27,--,25,13174,买盘
412,14:27:43,5.27,0.01,27,14228,买盘
413,14:27:37,5.26,-0.01,44,23144,卖盘
414,14:27:31,5.27,--,7,3688,买盘
415,14:27:28,5.27,--,44,23187,买盘
416,14:27:25,5.27,0.01,24,12647,买盘
417,14:27:22,5.26,-0.01,24,12624,卖盘
418,14:27:16,5.27,--,37,19499,买盘
419,14:27:13,5.27,--,4,2108,买盘
420,14:27:10,5.27,--,5,2635,买盘
421,14:27:07,5.27,--,10,5270,买盘
422,14:27:04,5.27,--,41,21607,买盘
423,14:27:01,5.27,--,79,41885,卖盘
424,14:26:52,5.27,--,9,4743,卖盘
425,14:26:49,5.27,--,60,31894,买盘
426,14:26:46,5.27,0.01,91,47956,买盘
427,14:26:37,5.26,--,35,18410,卖盘
428,14:26:31,5.26,-0.01,25,13150,卖盘
429,14:26:28,5.27,--,269,141763,买盘
430,14:26:25,5.27,--,7,3688,买盘
431,14:26:19,5.27,--,30,15809,买盘
432,14:26:16,5.27,--,925,487727,卖盘
433,14:26:13,5.27,--,100,52699,卖盘
434,14:26:07,5.27,--,11,5796,卖盘
435,14:26:01,5.27,--,4,2108,卖盘
436,14:25:55,5.27,--,130,68510,卖盘
437,14:25:49,5.27,--,13,6850,卖盘
438,14:25:43,5.27,--,54,28457,卖盘
439,14:25:37,5.27,--,21,11067,卖盘
440,14:25:13,5.27,--,98,51645,卖盘
441,14:25:10,5.27,--,93,49010,卖盘
442,14:25:04,5.27,--,8,4216,卖盘
443,14:25:01,5.27,--,40,21080,卖盘
444,14:24:58,5.27,--,19,10013,卖盘
445,14:24:55,5.27,--,1,527,卖盘
446,14:24:46,5.27,--,1394,734637,卖盘
447,14:24:43,5.27,--,50,26349,卖盘
448,14:24:28,5.27,--,103,54280,卖盘
449,14:24:16,5.27,--,7,3688,卖盘
450,14:24:13,5.27,-0.01,79,41633,卖盘
451,14:24:01,5.28,0.01,5,2640,买盘
452,14:23:58,5.27,-0.01,102,53753,卖盘
453,14:23:55,5.28,0.01,20,10560,买盘
454,14:23:52,5.27,--,1000,527000,卖盘
455,14:23:46,5.27,--,1,527,卖盘
456,14:23:40,5.27,-0.01,50,26349,卖盘
457,14:23:28,5.28,0.01,5,2640,买盘
458,14:23:25,5.27,-0.01,1,527,卖盘
459,14:23:19,5.28,0.01,10,5280,买盘
460,14:23:16,5.27,-0.01,5,2635,卖盘
461,14:23:10,5.28,--,12,6336,买盘
462,14:23:07,5.28,--,15,7920,买盘
463,14:23:04,5.28,--,6,3168,买盘
464,14:22:58,5.28,0.01,57,30096,买盘
465,14:22:55,5.27,-0.01,100,52699,卖盘
466,14:22:52,5.28,--,30,15840,买盘
467,14:22:49,5.28,0.01,6,3168,买盘
468,14:22:46,5.27,-0.01,100,52699,卖盘
469,14:22:43,5.28,0.01,21,11088,买盘
470,14:22:37,5.27,--,4,2108,卖盘
471,14:22:34,5.27,--,1,527,卖盘
472,14:22:31,5.27,-0.01,10,5270,卖盘
473,14:22:25,5.28,0.01,30,15840,买盘
474,14:22:16,5.27,--,4,2108,卖盘
475,14:22:13,5.27,-0.01,102,53753,卖盘
476,14:22:07,5.28,--,5,2640,买盘
477,14:22:04,5.28,--,50,26400,买盘
478,14:21:55,5.28,0.01,5,2640,买盘
479,14:21:52,5.27,-0.01,41,21607,卖盘
480,14:21:46,5.28,0.01,30,15840,买盘
481,14:21:43,5.27,--,200,105399,卖盘
482,14:21:37,5.27,-0.01,20,10540,卖盘
483,14:21:34,5.28,0.01,2,1056,买盘
484,14:21:25,5.27,-0.01,80,42160,卖盘
485,14:21:10,5.28,--,252,133056,买盘
486,14:21:01,5.28,0.01,15,7920,买盘
487,14:20:55,5.27,--,145,76415,卖盘
488,14:20:52,5.27,--,46,24241,卖盘
489,14:20:46,5.27,--,27,14228,卖盘
490,14:20:40,5.27,--,20,10540,卖盘
491,14:20:37,5.27,--,10,5270,卖盘
492,14:20:34,5.27,-0.01,10,5270,卖盘
493,14:20:28,5.28,0.01,102,53856,买盘
494,14:20:22,5.27,--,54,28457,卖盘
495,14:20:16,5.27,-0.01,125,65875,卖盘
496,14:20:10,5.28,0.01,380,200640,买盘
497,14:20:06,5.27,--,33,17391,卖盘
498,14:19:54,5.27,--,7,3688,卖盘
499,14:19:51,5.27,--,53,27930,卖盘
500,14:19:48,5.27,--,200,105399,卖盘
501,14:19:45,5.27,-0.01,14,7377,卖盘
502,14:19:30,5.28,0.01,146,77088,买盘
503,14:19:27,5.27,--,351,184976,卖盘
504,14:19:21,5.27,--,34,17918,卖盘
505,14:19:18,5.27,-0.01,158,83266,卖盘
506,14:19:15,5.28,0.01,10,5280,买盘
507,14:19:12,5.27,--,12,6323,卖盘
508,14:19:09,5.27,--,11,5796,卖盘
509,14:19:06,5.27,--,7,3688,卖盘
510,14:19:03,5.27,-0.01,50,26349,卖盘
511,14:18:57,5.28,0.01,10,5280,买盘
512,14:18:51,5.27,-0.01,70,36890,卖盘
513,14:18:48,5.28,0.01,1,528,买盘
514,14:18:45,5.27,--,50,26349,卖盘
515,14:18:42,5.27,-0.01,457,240838,卖盘
516,14:18:39,5.28,0.01,27,14256,买盘
517,14:18:36,5.27,-0.01,28,14755,卖盘
518,14:18:33,5.28,0.01,4,2112,买盘
519,14:18:30,5.27,-0.01,41,21607,卖盘
520,14:18:27,5.28,--,45,23760,买盘
521,14:18:24,5.28,0.01,135,71280,买盘
522,14:18:18,5.27,--,9,4743,卖盘
523,14:18:09,5.27,-0.01,78,41106,卖盘
524,14:18:03,5.28,--,62,32736,买盘
525,14:18:00,5.28,--,15,7920,买盘
526,14:17:57,5.28,--,20,10560,买盘
527,14:17:51,5.28,--,10,5280,买盘
528,14:17:48,5.28,--,10,5280,卖盘
529,14:17:45,5.28,--,42,22176,卖盘
530,14:17:39,5.28,--,17,8976,卖盘
531,14:17:33,5.28,--,100,52800,卖盘
532,14:17:30,5.28,--,112,59136,卖盘
533,14:17:21,5.28,--,39,20592,卖盘
534,14:17:12,5.28,--,54,28512,卖盘
535,14:17:06,5.28,--,6,3168,卖盘
536,14:17:00,5.28,--,14,7392,卖盘
537,14:16:57,5.28,--,42,22176,卖盘
538,14:16:51,5.28,--,1,528,卖盘
539,14:16:48,5.28,--,11,5808,卖盘
540,14:16:45,5.28,--,10,5280,卖盘
541,14:16:42,5.28,--,109,57552,卖盘
542,14:16:33,5.28,--,33,17424,卖盘
543,14:16:27,5.28,-0.01,60,31680,卖盘
544,14:16:24,5.29,0.01,37,19573,买盘
545,14:16:21,5.28,-0.01,23,12144,中性盘
546,14:16:12,5.29,0.01,11,5819,买盘
547,14:16:09,5.28,--,21,11109,卖盘
548,14:16:06,5.28,--,35,18480,卖盘
549,14:16:03,5.28,--,3,1584,卖盘
550,14:15:54,5.28,-0.01,50,26400,卖盘
551,14:15:51,5.29,0.01,186,98394,买盘
552,14:15:48,5.28,--,115,60720,卖盘
553,14:15:45,5.28,--,3,1584,卖盘
554,14:15:42,5.28,--,20,10560,卖盘
555,14:15:39,5.28,--,77,40656,卖盘
556,14:15:36,5.28,--,174,92378,买盘
557,14:15:33,5.28,--,100,52800,买盘
558,14:15:30,5.28,--,101,53328,买盘
559,14:15:24,5.28,--,30,15840,买盘
560,14:15:21,5.28,--,23,12165,卖盘
561,14:15:18,5.28,--,2088,1102970,买盘
562,14:15:12,5.28,--,220,116160,买盘
563,14:15:06,5.28,--,23,12144,买盘
564,14:15:03,5.28,--,10,5280,买盘
565,14:15:00,5.28,--,22,11616,买盘
566,14:14:54,5.28,0.01,9,4752,买盘
567,14:14:48,5.27,-0.01,11,5796,卖盘
568,14:14:45,5.28,--,300,158400,买盘
569,14:14:42,5.28,--,11,5808,买盘
570,14:14:36,5.28,--,53,27984,买盘
571,14:14:30,5.28,0.01,9,4752,买盘
572,14:14:27,5.27,--,2,1054,卖盘
573,14:14:24,5.27,-0.01,14,7377,卖盘
574,14:14:15,5.28,0.01,2,1056,买盘
575,14:14:12,5.27,-0.01,5,2635,卖盘
576,14:14:09,5.28,0.01,1010,533280,买盘
577,14:14:06,5.27,--,72,37944,卖盘
578,14:14:00,5.27,--,49,25822,卖盘
579,14:13:57,5.27,--,85,44795,卖盘
580,14:13:54,5.27,--,35,18719,卖盘
581,14:13:48,5.27,--,43,22660,卖盘
582,14:13:42,5.27,--,20,10540,卖盘
583,14:13:36,5.27,--,11,5796,卖盘
584,14:13:33,5.27,--,90,47429,卖盘
585,14:13:27,5.27,--,30,15809,卖盘
586,14:13:24,5.27,--,55,28984,卖盘
587,14:13:15,5.27,--,389,205002,卖盘
588,14:13:03,5.27,-0.01,20,10540,卖盘
589,14:12:54,5.28,--,500,264000,买盘
590,14:12:51,5.28,--,2,1056,买盘
591,14:12:39,5.28,--,474,250272,卖盘
592,14:12:36,5.28,--,248,130944,卖盘
593,14:12:33,5.28,--,6,3168,卖盘
594,14:12:30,5.28,--,20,10560,卖盘
595,14:12:27,5.28,--,6,3168,卖盘
596,14:12:21,5.28,--,22,11616,卖盘
597,14:12:18,5.28,--,1017,536976,卖盘
598,14:12:12,5.28,--,25,13200,卖盘
599,14:12:06,5.28,--,17,8976,卖盘
600,14:12:03,5.28,--,23,12144,卖盘
601,14:11:57,5.28,--,1,528,卖盘
602,14:11:54,5.28,--,250,132000,卖盘
603,14:11:51,5.28,--,28,14784,卖盘
604,14:11:48,5.28,--,205,108240,卖盘
605,14:11:45,5.28,--,215,113520,卖盘
606,14:11:33,5.28,--,13,6864,卖盘
607,14:11:30,5.28,--,34,17952,卖盘
608,14:11:27,5.28,--,50,26400,卖盘
609,14:11:15,5.28,-0.01,42,22176,卖盘
610,14:11:12,5.29,0.01,4,2116,买盘
611,14:11:09,5.28,--,551,290928,卖盘
612,14:11:06,5.28,--,10,5280,卖盘
613,14:11:03,5.28,--,1,528,卖盘
614,14:11:00,5.28,--,2,1056,卖盘
615,14:10:54,5.28,-0.01,92,48850,卖盘
616,14:10:48,5.29,0.01,27,14283,买盘
617,14:10:39,5.28,-0.01,20,10560,卖盘
618,14:10:33,5.29,--,12,6348,买盘
619,14:10:27,5.29,0.01,3,1587,买盘
620,14:10:24,5.28,--,2,1056,卖盘
621,14:10:18,5.28,--,27,14256,卖盘
622,14:10:15,5.28,-0.01,51,26928,卖盘
623,14:10:12,5.29,--,13,6877,买盘
624,14:10:09,5.29,0.01,79,41791,买盘
625,14:10:03,5.28,-0.01,10,5280,卖盘
626,14:09:54,5.29,--,16,8464,买盘
627,14:09:48,5.29,0.01,30,15870,买盘
628,14:09:45,5.28,--,40,21120,卖盘
629,14:09:39,5.28,--,28,14784,卖盘
630,14:09:33,5.28,--,14,7392,卖盘
631,14:09:27,5.28,--,39,20592,卖盘
632,14:09:18,5.28,--,25,13200,卖盘
633,14:09:09,5.28,--,1,528,卖盘
634,14:09:03,5.28,--,23,12144,卖盘
635,14:08:54,5.28,-0.01,97,51216,卖盘
636,14:08:48,5.29,--,5,2645,买盘
637,14:08:45,5.29,0.01,72,38088,买盘
638,14:08:42,5.28,--,11,5808,卖盘
639,14:08:39,5.28,--,12,6336,卖盘
640,14:08:36,5.28,-0.01,3,1584,卖盘
641,14:08:30,5.29,0.01,39,20631,买盘
642,14:08:09,5.28,-0.01,7,3696,卖盘
643,14:08:06,5.29,0.01,10,5290,买盘
644,14:08:03,5.28,--,1,528,卖盘
645,14:07:57,5.28,-0.01,3,1584,卖盘
646,14:07:54,5.29,0.01,8,4232,买盘
647,14:07:51,5.28,--,63,33264,卖盘
648,14:07:48,5.28,--,109,57552,卖盘
649,14:07:42,5.28,--,10,5280,卖盘
650,14:07:18,5.28,--,1,528,卖盘
651,14:07:09,5.28,--,120,63360,卖盘
652,14:07:06,5.28,-0.01,1,528,卖盘
653,14:07:03,5.29,--,32,16928,买盘
654,14:06:57,5.29,0.01,18,9522,买盘
655,14:06:54,5.28,--,186,98208,卖盘
656,14:06:45,5.28,-0.01,71,37488,卖盘
657,14:06:27,5.29,0.01,5,2645,买盘
658,14:06:18,5.28,--,1,528,卖盘
659,14:06:12,5.28,--,3,1584,卖盘
660,14:06:09,5.28,-0.01,8,4224,卖盘
661,14:06:06,5.29,0.01,2,1058,买盘
662,14:05:57,5.28,--,8,4224,卖盘
663,14:05:54,5.28,--,12,6336,卖盘
664,14:05:51,5.28,--,2,1056,卖盘
665,14:05:48,5.28,-0.01,40,21120,卖盘
666,14:05:39,5.29,--,42,22218,买盘
667,14:05:33,5.29,0.01,1,529,买盘
668,14:05:30,5.28,--,1,528,卖盘
669,14:05:15,5.28,-0.01,1,528,卖盘
670,14:05:12,5.29,0.01,2,1058,买盘
671,14:05:06,5.28,--,110,58080,卖盘
672,14:05:03,5.28,-0.01,5,2640,卖盘
673,14:05:00,5.29,--,1,529,买盘
674,14:04:57,5.29,--,43,22747,买盘
675,14:04:45,5.29,0.01,3,1587,买盘
676,14:04:39,5.28,--,20,10560,卖盘
677,14:04:33,5.28,--,20,10560,卖盘
678,14:04:27,5.28,--,1,528,卖盘
679,14:04:24,5.28,-0.01,396,209088,卖盘
680,14:04:06,5.29,--,44,23276,买盘
681,14:03:57,5.29,--,8,4232,买盘
682,14:03:51,5.29,0.01,233,123257,买盘
683,14:03:45,5.28,--,80,42240,卖盘
684,14:03:42,5.28,--,325,171600,卖盘
685,14:03:39,5.28,-0.01,21,11088,卖盘
686,14:03:33,5.29,0.01,2,1058,买盘
687,14:03:30,5.28,-0.01,1,528,卖盘
688,14:03:27,5.29,0.01,73,38617,买盘
689,14:03:24,5.28,-0.01,70,36960,卖盘
690,14:03:18,5.29,0.01,303,160287,买盘
691,14:03:12,5.28,--,1,528,卖盘
692,14:03:06,5.28,--,1,528,卖盘
693,14:03:03,5.28,--,8,4224,卖盘
694,14:03:00,5.28,--,50,26400,卖盘
695,14:02:54,5.28,--,25,13200,卖盘
696,14:02:48,5.28,--,30,15840,卖盘
697,14:02:45,5.28,-0.01,59,31152,卖盘
698,14:02:42,5.29,0.01,10,5290,买盘
699,14:02:36,5.28,--,4,2112,卖盘
700,14:02:30,5.28,--,10,5280,卖盘
701,14:02:27,5.28,-0.01,11,5808,卖盘
702,14:02:24,5.29,0.01,13,6877,买盘
703,14:02:18,5.28,-0.01,36,19008,卖盘
704,14:02:15,5.29,0.01,300,158700,买盘
705,14:02:12,5.28,-0.01,13,6864,卖盘
706,14:02:06,5.29,0.01,20,10580,买盘
707,14:02:00,5.28,-0.01,22,11616,卖盘
708,14:01:54,5.29,0.01,5,2645,买盘
709,14:01:51,5.28,-0.01,29,15312,卖盘
710,14:01:27,5.29,0.01,17,8993,买盘
711,14:01:24,5.28,-0.01,48,25344,卖盘
712,14:01:15,5.29,0.01,20,10580,买盘
713,14:01:12,5.28,-0.01,21,11594,卖盘
714,14:01:09,5.29,--,5,2645,买盘
715,14:01:06,5.29,0.01,87,46023,买盘
716,14:01:03,5.28,--,24,12672,卖盘
717,14:01:00,5.28,-0.01,10,5280,卖盘
718,14:00:57,5.29,--,60,31740,买盘
719,14:00:51,5.29,0.01,1,529,买盘
720,14:00:48,5.28,-0.01,32,16896,卖盘
721,14:00:45,5.29,--,174,92046,买盘
722,14:00:42,5.29,0.01,67,35443,买盘
723,14:00:39,5.28,--,108,57024,卖盘
724,14:00:36,5.28,--,100,52800,卖盘
725,14:00:33,5.28,-0.01,40,21120,卖盘
726,14:00:24,5.29,--,38,20102,买盘
727,14:00:21,5.29,0.01,6,3174,买盘
728,14:00:11,5.28,-0.01,43,22704,卖盘
729,13:59:59,5.29,--,12,6348,买盘
730,13:59:50,5.29,0.01,14,7406,买盘
731,13:59:41,5.28,--,5,2640,卖盘
732,13:59:32,5.28,--,1,528,卖盘
733,13:59:29,5.28,-0.01,18,9504,卖盘
734,13:59:26,5.29,0.01,200,105800,买盘
735,13:59:14,5.28,--,302,159730,卖盘
736,13:59:02,5.28,--,50,26400,卖盘
737,13:58:59,5.28,-0.01,10,5280,卖盘
738,13:58:56,5.29,0.01,50,26450,买盘
739,13:58:53,5.28,--,10,5280,卖盘
740,13:58:50,5.28,--,15,7920,卖盘
741,13:58:44,5.28,--,50,26400,卖盘
742,13:58:41,5.28,-0.01,10,5280,卖盘
743,13:58:32,5.29,0.01,20,10580,买盘
744,13:58:29,5.28,-0.01,115,60720,卖盘
745,13:58:26,5.29,--,200,105800,买盘
746,13:58:23,5.29,--,50,26450,买盘
747,13:58:20,5.29,--,10,5290,买盘
748,13:58:17,5.29,--,12,6348,买盘
749,13:58:11,5.29,0.01,12,6348,买盘
750,13:58:08,5.28,-0.01,515,271920,卖盘
751,13:58:02,5.29,0.01,3,1587,买盘
752,13:57:59,5.28,--,11,5808,卖盘
753,13:57:56,5.28,-0.01,5,2640,卖盘
754,13:57:53,5.29,--,50,26450,买盘
755,13:57:47,5.29,0.01,7,3703,买盘
756,13:57:44,5.28,-0.01,2,1056,卖盘
757,13:57:41,5.29,--,6,3174,买盘
758,13:57:32,5.29,--,1,529,买盘
759,13:57:29,5.29,0.01,9,4761,买盘
760,13:57:26,5.28,-0.01,3,1584,卖盘
761,13:57:20,5.29,0.01,60,31740,买盘
762,13:57:14,5.28,-0.01,59,31152,卖盘
763,13:57:02,5.29,0.01,101,53429,买盘
764,13:56:59,5.28,-0.01,3,1584,卖盘
765,13:56:53,5.29,--,20,10580,买盘
766,13:56:50,5.29,0.01,10,5290,买盘
767,13:56:41,5.28,--,13,6864,卖盘
768,13:56:35,5.28,-0.01,50,26400,卖盘
769,13:56:32,5.29,--,22,11638,买盘
770,13:56:29,5.29,--,47,24863,买盘
771,13:56:17,5.29,--,20,10580,买盘
772,13:56:08,5.29,0.01,1,529,买盘
773,13:56:05,5.28,--,30,15840,卖盘
774,13:55:56,5.28,-0.01,5,2640,卖盘
775,13:55:50,5.29,0.01,52,27508,买盘
776,13:55:47,5.28,--,13,6864,卖盘
777,13:55:41,5.28,-0.01,10,5280,卖盘
778,13:55:35,5.29,0.01,2,1058,买盘
779,13:55:32,5.28,--,1,528,卖盘
780,13:55:14,5.28,--,23,12144,卖盘
781,13:55:08,5.28,-0.01,234,123552,卖盘
782,13:55:02,5.29,0.01,5,2645,买盘
783,13:54:50,5.28,-0.01,9,4752,卖盘
784,13:54:41,5.29,--,1,529,买盘
785,13:54:29,5.29,--,18,9522,买盘
786,13:54:26,5.29,0.01,61,32269,买盘
787,13:54:20,5.28,--,10,5280,卖盘
788,13:54:08,5.28,--,51,26928,卖盘
789,13:54:02,5.28,-0.01,171,90288,卖盘
790,13:53:59,5.29,0.01,28,14812,买盘
791,13:53:56,5.28,-0.01,40,21120,卖盘
792,13:53:53,5.29,--,10,5290,买盘
793,13:53:47,5.29,0.01,24,12696,买盘
794,13:53:44,5.28,-0.01,5,2640,卖盘
795,13:53:41,5.29,0.01,3,1587,买盘
796,13:53:32,5.28,-0.01,20,10560,卖盘
797,13:53:29,5.29,--,11,5819,买盘
798,13:53:26,5.29,0.01,26,13754,买盘
799,13:53:23,5.28,--,90,47520,卖盘
800,13:53:17,5.28,--,15,7920,卖盘
801,13:53:11,5.28,--,26,13728,卖盘
802,13:53:08,5.28,-0.01,5,2640,卖盘
803,13:53:05,5.29,--,30,15870,买盘
804,13:53:02,5.29,--,25,13225,买盘
805,13:52:59,5.29,0.01,10,5290,买盘
806,13:52:53,5.28,-0.01,93,49104,卖盘
807,13:52:47,5.29,-0.01,415,219556,卖盘
808,13:52:38,5.3,0.01,2,1060,买盘
809,13:52:32,5.29,--,135,71415,卖盘
810,13:52:23,5.29,--,4,2116,卖盘
811,13:52:20,5.29,--,212,112148,卖盘
812,13:52:17,5.29,--,30,15870,卖盘
813,13:52:14,5.29,--,10,5290,卖盘
814,13:52:11,5.29,--,30,15870,卖盘
815,13:52:08,5.29,--,15,7935,卖盘
816,13:52:05,5.29,--,168,88872,卖盘
817,13:51:59,5.29,--,48,25392,卖盘
818,13:51:50,5.29,--,65,34385,卖盘
819,13:51:47,5.29,--,92,48668,卖盘
820,13:51:44,5.29,--,23,12167,卖盘
821,13:51:38,5.29,--,24,12696,卖盘
822,13:51:35,5.29,--,100,52900,卖盘
823,13:51:29,5.29,--,17,8993,卖盘
824,13:51:17,5.29,--,20,10580,卖盘
825,13:51:11,5.29,--,53,28037,卖盘
826,13:51:08,5.29,--,69,36501,卖盘
827,13:51:05,5.29,--,58,30682,卖盘
828,13:51:02,5.29,--,27,14283,卖盘
829,13:50:56,5.29,-0.01,17,8993,卖盘
830,13:50:50,5.3,0.01,85,45050,买盘
831,13:50:44,5.29,--,817,432193,卖盘
832,13:50:38,5.29,-0.01,30,15870,卖盘
833,13:50:32,5.3,--,96,50880,买盘
834,13:50:26,5.3,--,20,10600,买盘
835,13:50:23,5.3,0.01,4,2120,买盘
836,13:50:20,5.29,--,20,10580,卖盘
837,13:50:17,5.29,--,110,58190,卖盘
838,13:50:08,5.29,--,10,5290,卖盘
839,13:50:02,5.29,--,85,44965,卖盘
840,13:49:56,5.29,--,30,15870,卖盘
841,13:49:53,5.29,--,134,70886,卖盘
842,13:49:38,5.29,-0.01,2000,1058000,卖盘
843,13:49:35,5.3,0.01,208,110240,买盘
844,13:49:32,5.29,--,26,13754,卖盘
845,13:49:17,5.29,--,671,354959,卖盘
846,13:49:08,5.29,--,25,13225,卖盘
847,13:49:05,5.29,--,20,10580,卖盘
848,13:48:59,5.29,--,5,2645,卖盘
849,13:48:50,5.29,-0.01,3,1587,卖盘
850,13:48:47,5.3,0.01,37,19610,买盘
851,13:48:38,5.29,-0.01,4,2116,卖盘
852,13:48:35,5.3,0.01,3,1590,买盘
853,13:48:26,5.29,-0.01,12,6348,卖盘
854,13:48:23,5.3,0.01,3,1590,买盘
855,13:48:17,5.29,-0.01,41,21689,卖盘
856,13:48:14,5.3,--,12,6360,买盘
857,13:48:08,5.3,0.01,5,2650,买盘
858,13:47:47,5.29,-0.01,10,5290,卖盘
859,13:47:44,5.3,0.01,3,1590,买盘
860,13:47:35,5.29,--,12,6348,卖盘
861,13:47:32,5.29,-0.01,30,15870,卖盘
862,13:47:26,5.3,--,5,2650,买盘
863,13:47:20,5.3,0.01,5,2650,买盘
864,13:47:17,5.29,--,5,2645,卖盘
865,13:47:05,5.29,-0.01,26,13754,卖盘
866,13:46:56,5.3,--,20,10600,买盘
867,13:46:47,5.3,0.01,28,14840,买盘
868,13:46:41,5.29,--,166,87814,卖盘
869,13:46:29,5.29,-0.01,15,7935,卖盘
870,13:46:23,5.3,--,5,2650,买盘
871,13:46:14,5.3,0.01,31,16430,买盘
872,13:46:02,5.29,--,994,525826,卖盘
873,13:45:56,5.29,--,21,11109,卖盘
874,13:45:47,5.29,--,15,7935,卖盘
875,13:45:44,5.29,--,12,6348,卖盘
876,13:45:38,5.29,--,4,2116,卖盘
877,13:45:32,5.29,-0.01,5,2645,卖盘
878,13:45:29,5.3,0.01,100,53000,买盘
879,13:45:02,5.29,--,20,10580,卖盘
880,13:44:59,5.29,--,9,4761,卖盘
881,13:44:50,5.29,-0.01,55,29095,卖盘
882,13:44:44,5.3,0.01,20,10600,买盘
883,13:44:38,5.29,-0.01,116,61364,卖盘
884,13:44:32,5.3,--,309,163770,买盘
885,13:44:29,5.3,0.01,89,47170,买盘
886,13:44:23,5.29,-0.01,17,8993,卖盘
887,13:44:17,5.3,0.01,74,39220,买盘
888,13:44:08,5.29,--,1,529,卖盘
889,13:44:02,5.29,--,10,5290,卖盘
890,13:43:56,5.29,--,29,15341,卖盘
891,13:43:53,5.29,-0.01,80,42320,卖盘
892,13:43:44,5.3,0.01,6,3180,买盘
893,13:43:41,5.29,--,30,15870,卖盘
894,13:43:32,5.29,--,431,227999,卖盘
895,13:43:23,5.29,--,20,10580,卖盘
896,13:43:11,5.29,-0.01,22,11638,卖盘
897,13:43:02,5.3,0.01,10,5300,买盘
898,13:42:59,5.29,--,414,219006,卖盘
899,13:42:53,5.29,--,229,121141,卖盘
900,13:42:44,5.29,--,17,8993,卖盘
901,13:42:38,5.29,--,16,8464,卖盘
902,13:42:35,5.29,--,70,37030,卖盘
903,13:42:29,5.29,--,19,10051,卖盘
904,13:42:26,5.29,--,10,5290,卖盘
905,13:42:23,5.29,-0.01,30,15870,卖盘
906,13:42:17,5.3,0.01,17,9010,买盘
907,13:42:10,5.29,-0.01,134,70886,卖盘
908,13:42:04,5.3,--,144,76320,买盘
909,13:42:01,5.3,0.01,18,9540,买盘
910,13:41:58,5.29,--,5,2645,卖盘
911,13:41:55,5.29,--,1,529,卖盘
912,13:41:52,5.29,--,25,13225,卖盘
913,13:41:49,5.29,--,122,64538,卖盘
914,13:41:43,5.29,--,224,118496,卖盘
915,13:41:40,5.29,-0.01,259,137011,卖盘
916,13:41:37,5.3,0.01,1,530,买盘
917,13:41:34,5.29,-0.01,3,1587,卖盘
918,13:41:25,5.3,0.01,15,7950,买盘
919,13:41:19,5.29,-0.01,8,4232,卖盘
920,13:41:16,5.3,0.01,2,1060,买盘
921,13:41:13,5.29,--,215,113735,卖盘
922,13:41:10,5.29,--,23,12167,卖盘
923,13:41:04,5.29,--,70,37030,卖盘
924,13:40:55,5.29,-0.01,5,2645,卖盘
925,13:40:52,5.3,0.01,205,108650,买盘
926,13:40:49,5.29,--,1,529,卖盘
927,13:40:46,5.29,--,297,157113,卖盘
928,13:40:40,5.29,--,55,29095,卖盘
929,13:40:34,5.29,--,134,70886,卖盘
930,13:40:31,5.29,--,30,15870,卖盘
931,13:40:25,5.29,--,3000,1587000,卖盘
932,13:40:22,5.29,--,25,13225,卖盘
933,13:40:19,5.29,--,1,529,卖盘
934,13:40:13,5.29,--,1,529,卖盘
935,13:40:10,5.29,-0.01,100,52900,卖盘
936,13:40:04,5.3,--,28,14840,买盘
937,13:40:01,5.3,0.01,26,13780,买盘
938,13:39:55,5.29,--,23,12167,卖盘
939,13:39:43,5.29,-0.01,330,174570,卖盘
940,13:39:40,5.3,0.01,25,13758,买盘
941,13:39:34,5.29,--,60,31740,卖盘
942,13:39:31,5.29,--,14,7406,卖盘
943,13:39:25,5.29,--,54,28566,卖盘
944,13:39:22,5.29,--,20,10580,卖盘
945,13:39:19,5.29,--,247,130663,卖盘
946,13:39:13,5.29,-0.01,20,10580,卖盘
947,13:39:10,5.3,0.01,10,5300,买盘
948,13:39:04,5.29,-0.01,6,3174,卖盘
949,13:38:55,5.3,--,22,11660,买盘
950,13:38:49,5.3,--,3,1590,买盘
951,13:38:43,5.3,--,35,18550,买盘
952,13:38:37,5.3,--,1,530,买盘
953,13:38:34,5.3,-0.01,5,2650,中性盘
954,13:38:28,5.31,0.01,50,26549,买盘
955,13:38:25,5.3,--,33,17744,卖盘
956,13:38:22,5.3,--,221,117130,卖盘
957,13:38:19,5.3,--,50,26500,卖盘
958,13:38:13,5.3,--,25,13250,卖盘
959,13:38:07,5.3,--,10,5300,卖盘
960,13:38:04,5.3,-0.01,20,10600,卖盘
961,13:38:01,5.31,0.01,3,1592,买盘
962,13:37:55,5.3,--,1,530,卖盘
963,13:37:52,5.3,--,9,4770,卖盘
964,13:37:49,5.3,--,51,27030,卖盘
965,13:37:46,5.3,--,150,79500,卖盘
966,13:37:43,5.3,--,105,55650,卖盘
967,13:37:40,5.3,--,100,53000,卖盘
968,13:37:37,5.3,--,53,28090,卖盘
969,13:37:34,5.3,--,20,10600,卖盘
970,13:37:31,5.3,--,10,5300,卖盘
971,13:37:25,5.3,--,71,37630,卖盘
972,13:37:22,5.3,--,55,29150,卖盘
973,13:37:10,5.3,--,70,37100,卖盘
974,13:37:07,5.3,--,13,6890,卖盘
975,13:37:04,5.3,--,5,2650,卖盘
976,13:36:58,5.3,--,44,23320,卖盘
977,13:36:55,5.3,--,6,3180,卖盘
978,13:36:49,5.3,--,12,6360,卖盘
979,13:36:43,5.3,--,77,40810,卖盘
980,13:36:40,5.3,--,20,10600,卖盘
981,13:36:37,5.3,--,9,4770,卖盘
982,13:36:34,5.3,--,8,4240,卖盘
983,13:36:31,5.3,--,30,15900,卖盘
984,13:36:28,5.3,--,75,39750,卖盘
985,13:36:25,5.3,--,115,61225,买盘
986,13:36:19,5.3,0.01,34,18020,买盘
987,13:36:16,5.29,--,8,4232,卖盘
988,13:36:13,5.29,-0.01,110,58190,卖盘
989,13:36:07,5.3,--,10,5300,买盘
990,13:35:58,5.3,--,20,10600,买盘
991,13:35:55,5.3,--,141,74984,卖盘
992,13:35:52,5.3,--,19,10070,卖盘
993,13:35:43,5.3,--,33,17490,卖盘
994,13:35:37,5.3,0.01,22,11935,买盘
995,13:35:31,5.29,-0.01,60,31740,卖盘
996,13:35:28,5.3,--,217,115010,买盘
997,13:35:25,5.3,--,15,7950,买盘
998,13:35:16,5.3,0.01,22,11660,买盘
999,13:35:10,5.29,-0.01,5,2645,卖盘
1000,13:35:07,5.3,--,1,530,买盘
1001,13:35:04,5.3,--,34,18020,买盘
1002,13:35:01,5.3,--,5,2650,买盘
1003,13:34:55,5.3,--,10,5300,买盘
1004,13:34:46,5.3,--,209,110770,买盘
1005,13:34:43,5.3,--,10,5300,买盘
1006,13:34:40,5.3,--,742,393514,卖盘
1007,13:34:34,5.3,--,14,7420,卖盘
1008,13:34:31,5.3,--,6,3180,卖盘
1009,13:34:28,5.3,--,55,29150,卖盘
1010,13:34:25,5.3,--,30,15900,卖盘
1011,13:34:22,5.3,-0.01,12,6360,卖盘
1012,13:34:16,5.31,0.01,17,9027,买盘
1013,13:34:10,5.3,-0.01,10,5300,卖盘
1014,13:33:58,5.31,0.01,2,1062,买盘
1015,13:33:52,5.3,-0.01,5,2650,卖盘
1016,13:33:49,5.31,0.01,35,18585,买盘
1017,13:33:46,5.3,-0.01,20,10600,卖盘
1018,13:33:43,5.31,0.01,22,11682,买盘
1019,13:33:40,5.3,--,74,39220,卖盘
1020,13:33:31,5.3,-0.01,100,53000,卖盘
1021,13:33:19,5.31,0.01,61,32390,买盘
1022,13:33:16,5.3,-0.01,3,1590,卖盘
1023,13:33:07,5.31,0.01,2,1062,买盘
1024,13:33:04,5.3,-0.01,2,1060,卖盘
1025,13:33:01,5.31,0.01,1010,536310,买盘
1026,13:32:58,5.3,-0.01,5,2650,卖盘
1027,13:32:52,5.31,--,10,5310,买盘
1028,13:32:40,5.31,0.01,52,27611,买盘
1029,13:32:37,5.3,--,29,15370,卖盘
1030,13:32:34,5.3,-0.01,9,4770,卖盘
1031,13:32:31,5.31,0.01,20,10620,买盘
1032,13:32:28,5.3,--,11,5830,卖盘
1033,13:32:22,5.3,--,10,5300,卖盘
1034,13:32:19,5.3,--,10,5300,卖盘
1035,13:32:16,5.3,--,9,4770,卖盘
1036,13:32:13,5.3,--,18,9540,卖盘
1037,13:32:10,5.3,-0.01,10,5300,卖盘
1038,13:32:07,5.31,0.01,1,531,买盘
1039,13:32:04,5.3,--,37,19610,卖盘
1040,13:31:58,5.3,--,110,58300,卖盘
1041,13:31:55,5.3,--,2,1060,卖盘
1042,13:31:52,5.3,--,40,21200,卖盘
1043,13:31:49,5.3,--,10,5300,卖盘
1044,13:31:43,5.3,--,34,18020,卖盘
1045,13:31:34,5.3,-0.01,131,69430,卖盘
1046,13:31:31,5.31,0.01,500,265500,买盘
1047,13:31:28,5.3,--,3,1590,卖盘
1048,13:31:19,5.3,--,21,11130,卖盘
1049,13:31:16,5.3,--,55,29150,卖盘
1050,13:31:13,5.3,--,10,5300,卖盘
1051,13:31:10,5.3,--,622,329660,卖盘
1052,13:31:07,5.3,-0.01,28,14840,卖盘
1053,13:31:04,5.31,0.01,51,27080,买盘
1054,13:30:55,5.3,--,114,60420,卖盘
1055,13:30:52,5.3,--,30,15900,卖盘
1056,13:30:37,5.3,--,103,54590,卖盘
1057,13:30:34,5.3,--,61,32330,卖盘
1058,13:30:28,5.3,--,528,279840,卖盘
1059,13:30:22,5.3,--,60,31800,卖盘
1060,13:30:19,5.3,--,200,106000,卖盘
1061,13:30:16,5.3,--,23,12190,卖盘
1062,13:30:13,5.3,-0.01,445,235850,卖盘
1063,13:30:04,5.31,--,64,33984,买盘
1064,13:30:01,5.31,0.01,1,531,买盘
1065,13:29:58,5.3,--,7,3710,卖盘
1066,13:29:55,5.3,-0.01,2,1060,卖盘
1067,13:29:52,5.31,--,470,249569,买盘
1068,13:29:46,5.31,0.01,2,1062,买盘
1069,13:29:43,5.3,--,28,14840,卖盘
1070,13:29:37,5.3,--,26,13780,卖盘
1071,13:29:34,5.3,--,11,5830,卖盘
1072,13:29:28,5.3,-0.01,7,3710,卖盘
1073,13:29:25,5.31,0.01,1,531,买盘
1074,13:29:22,5.3,--,78,41340,卖盘
1075,13:29:19,5.3,--,830,439900,卖盘
1076,13:29:16,5.3,-0.01,94,49820,卖盘
1077,13:29:13,5.31,--,100,53099,买盘
1078,13:29:10,5.31,0.01,51,27080,买盘
1079,13:29:07,5.3,--,10,5300,卖盘
1080,13:29:01,5.3,--,10,5300,卖盘
1081,13:28:55,5.3,--,26,13780,卖盘
1082,13:28:52,5.3,--,64,34195,卖盘
1083,13:28:49,5.3,--,15,7950,卖盘
1084,13:28:46,5.3,--,4,2120,卖盘
1085,13:28:40,5.3,--,2,1060,卖盘
1086,13:28:34,5.3,-0.01,102,54060,卖盘
1087,13:28:31,5.31,--,15,7964,买盘
1088,13:28:28,5.31,0.01,316,167796,买盘
1089,13:28:19,5.3,--,3,1590,卖盘
1090,13:28:10,5.3,--,1,530,卖盘
1091,13:28:07,5.3,--,2,1060,卖盘
1092,13:28:04,5.3,--,128,67840,卖盘
1093,13:28:01,5.3,--,8,4240,卖盘
1094,13:27:58,5.3,--,54,28620,卖盘
1095,13:27:55,5.3,--,1,530,卖盘
1096,13:27:52,5.3,--,40,21200,卖盘
1097,13:27:46,5.3,-0.01,3,1590,卖盘
1098,13:27:43,5.31,0.01,234,124253,买盘
1099,13:27:40,5.3,--,4,2120,卖盘
1100,13:27:31,5.3,-0.01,23,12190,卖盘
1101,13:27:28,5.31,0.01,30,15929,买盘
1102,13:27:22,5.3,--,8,4240,卖盘
1103,13:27:10,5.3,--,60,31800,卖盘
1104,13:27:07,5.3,-0.01,4,2120,卖盘
1105,13:27:01,5.31,0.01,40,21240,买盘
1106,13:26:58,5.3,--,50,26500,卖盘
1107,13:26:55,5.3,-0.01,5,2650,卖盘
1108,13:26:52,5.31,0.01,30,15929,买盘
1109,13:26:49,5.3,--,102,54060,卖盘
1110,13:26:40,5.3,--,78,41340,卖盘
1111,13:26:37,5.3,--,50,26500,卖盘
1112,13:26:31,5.3,--,72,38160,卖盘
1113,13:26:28,5.3,-0.01,130,68900,卖盘
1114,13:26:25,5.31,0.01,30,15929,买盘
1115,13:26:19,5.3,-0.01,5,2650,卖盘
1116,13:26:16,5.31,0.01,3,1592,买盘
1117,13:26:13,5.3,-0.01,31,16430,卖盘
1118,13:26:07,5.31,0.01,11,5841,买盘
1119,13:26:01,5.3,-0.01,66,34980,卖盘
1120,13:25:55,5.31,--,5,2655,买盘
1121,13:25:52,5.31,--,22,11682,买盘
1122,13:25:46,5.31,0.01,40,21240,买盘
1123,13:25:40,5.3,-0.01,10,5300,卖盘
1124,13:25:34,5.31,0.01,37,19647,买盘
1125,13:25:31,5.3,--,11,5830,卖盘
1126,13:25:22,5.3,--,29,15370,卖盘
1127,13:25:19,5.3,--,24,12720,卖盘
1128,13:25:16,5.3,--,11,5830,卖盘
1129,13:25:13,5.3,-0.01,16,8480,卖盘
1130,13:25:07,5.31,0.01,57,30266,买盘
1131,13:25:01,5.3,--,104,55120,卖盘
1132,13:24:58,5.3,-0.01,5,2650,卖盘
1133,13:24:52,5.31,--,42,22302,买盘
1134,13:24:49,5.31,--,57,30266,买盘
1135,13:24:46,5.31,--,87,46197,买盘
1136,13:24:34,5.31,--,77,40887,买盘
1137,13:24:28,5.31,0.01,2,1062,买盘
1138,13:24:25,5.3,-0.01,10,5300,卖盘
1139,13:24:13,5.31,--,50,26549,买盘
1140,13:24:10,5.31,--,5,2655,买盘
1141,13:24:07,5.31,0.01,15,7964,买盘
1142,13:24:04,5.3,--,180,95400,卖盘
1143,13:24:01,5.3,-0.01,1,530,卖盘
1144,13:23:55,5.31,--,52,27611,买盘
1145,13:23:52,5.31,0.01,13,6902,买盘
1146,13:23:43,5.3,-0.01,60,31800,卖盘
1147,13:23:40,5.31,0.01,40,21240,买盘
1148,13:23:31,5.3,--,100,53000,卖盘
1149,13:23:28,5.3,--,18,9540,卖盘
1150,13:23:19,5.3,-0.01,23,12190,卖盘
1151,13:23:16,5.31,--,1,531,买盘
1152,13:23:07,5.31,--,1,531,买盘
1153,13:23:04,5.31,0.01,30,15929,买盘
1154,13:22:58,5.3,-0.01,3,1590,卖盘
1155,13:22:52,5.31,0.01,10,5310,买盘
1156,13:22:46,5.3,--,30,15900,卖盘
1157,13:22:43,5.3,--,1,530,卖盘
1158,13:22:40,5.3,-0.01,5,2650,卖盘
1159,13:22:34,5.31,--,50,26549,买盘
1160,13:22:22,5.31,--,244,129563,买盘
1161,13:22:04,5.31,0.01,43,22833,买盘
1162,13:21:49,5.3,-0.01,50,26500,卖盘
1163,13:21:43,5.31,--,22,11682,买盘
1164,13:21:40,5.31,0.01,300,159300,买盘
1165,13:21:34,5.3,--,26,13780,卖盘
1166,13:21:21,5.3,--,40,21200,卖盘
1167,13:21:18,5.3,--,2,1060,卖盘
1168,13:21:15,5.3,-0.01,150,79500,卖盘
1169,13:21:12,5.31,0.01,90,47790,买盘
1170,13:21:09,5.3,-0.01,2,1060,卖盘
1171,13:21:03,5.31,--,46,24426,买盘
1172,13:20:57,5.31,0.01,3,1592,买盘
1173,13:20:54,5.3,--,8,4240,卖盘
1174,13:20:51,5.3,-0.01,21,11130,卖盘
1175,13:20:48,5.31,--,13,6902,买盘
1176,13:20:42,5.31,0.01,4,2124,买盘
1177,13:20:39,5.3,-0.01,20,10600,卖盘
1178,13:20:36,5.31,0.01,1,531,买盘
1179,13:20:33,5.3,-0.01,1,530,卖盘
1180,13:20:30,5.31,0.01,30,15929,买盘
1181,13:20:24,5.3,-0.01,1,530,卖盘
1182,13:20:15,5.31,--,9,4779,买盘
1183,13:20:00,5.31,--,10,5310,买盘
1184,13:19:45,5.31,--,46,24426,买盘
1185,13:19:39,5.31,--,28,14867,买盘
1186,13:19:36,5.31,--,11,5841,买盘
1187,13:19:33,5.31,--,72,38486,卖盘
1188,13:19:27,5.31,--,106,56562,买盘
1189,13:19:24,5.31,--,157,83367,买盘
1190,13:19:18,5.31,--,28,14867,买盘
1191,13:19:12,5.31,--,6,3185,买盘
1192,13:19:00,5.31,--,100,53099,买盘
1193,13:18:51,5.31,--,40,21494,卖盘
1194,13:18:45,5.31,--,3,1592,卖盘
1195,13:18:42,5.31,--,40,21240,卖盘
1196,13:18:36,5.31,--,88,47004,买盘
1197,13:18:33,5.31,--,3,1592,买盘
1198,13:18:27,5.31,--,71,37701,买盘
1199,13:18:21,5.31,--,10,5310,买盘
1200,13:18:15,5.31,--,23,12213,买盘
1201,13:18:12,5.31,--,11,6095,卖盘
1202,13:18:06,5.31,--,58,30797,卖盘
1203,13:17:57,5.31,--,16,8496,卖盘
1204,13:17:54,5.31,--,101,53630,卖盘
1205,13:17:51,5.31,-0.01,1,531,卖盘
1206,13:17:48,5.32,--,18,9576,买盘
1207,13:17:45,5.32,0.01,10,5320,买盘
1208,13:17:42,5.31,--,9,4779,卖盘
1209,13:17:39,5.31,--,25,13274,卖盘
1210,13:17:33,5.31,--,181,96111,卖盘
1211,13:17:21,5.31,--,3,1592,卖盘
1212,13:17:15,5.31,-0.01,1,531,卖盘
1213,13:17:12,5.32,0.01,30,15960,买盘
1214,13:17:09,5.31,--,36,19116,卖盘
1215,13:17:06,5.31,-0.01,11,5841,卖盘
1216,13:17:03,5.32,--,58,30856,买盘
1217,13:16:57,5.32,--,50,26600,买盘
1218,13:16:54,5.32,--,4,2128,买盘
1219,13:16:48,5.32,--,4,2128,买盘
1220,13:16:42,5.32,0.01,24,12768,买盘
1221,13:16:39,5.31,--,200,106199,卖盘
1222,13:16:33,5.31,--,17,9027,卖盘
1223,13:16:30,5.31,--,88,46728,卖盘
1224,13:16:27,5.31,--,20,10620,卖盘
1225,13:16:21,5.31,--,10,5310,卖盘
1226,13:16:15,5.31,--,88,46728,卖盘
1227,13:16:12,5.31,--,46,24426,卖盘
1228,13:16:06,5.31,--,106,56285,卖盘
1229,13:16:03,5.31,-0.01,51,27080,卖盘
1230,13:15:57,5.32,0.01,4,2128,买盘
1231,13:15:51,5.31,--,15,7964,卖盘
1232,13:15:45,5.31,--,70,37170,卖盘
1233,13:15:39,5.31,--,20,10620,卖盘
1234,13:15:36,5.31,--,21,11151,卖盘
1235,13:15:33,5.31,--,6,3185,卖盘
1236,13:15:30,5.31,--,106,56285,卖盘
1237,13:15:24,5.31,--,14,7433,卖盘
1238,13:15:21,5.31,--,70,37170,卖盘
1239,13:15:18,5.31,--,21,11151,卖盘
1240,13:15:15,5.31,--,136,72216,卖盘
1241,13:15:12,5.31,--,186,99042,买盘
1242,13:14:57,5.31,--,113,60257,卖盘
1243,13:14:51,5.31,--,33,17523,卖盘
1244,13:14:48,5.31,--,4,2124,卖盘
1245,13:14:45,5.31,--,1,531,卖盘
1246,13:14:42,5.31,--,245,130094,卖盘
1247,13:14:36,5.31,--,214,113633,卖盘
1248,13:14:24,5.31,--,100,53099,卖盘
1249,13:14:18,5.31,--,94,49913,卖盘
1250,13:14:09,5.31,--,30,15929,卖盘
1251,13:14:00,5.31,0.01,298,158514,买盘
1252,13:13:57,5.3,--,1,530,卖盘
1253,13:13:54,5.3,--,10,5300,卖盘
1254,13:13:51,5.3,--,89,47170,卖盘
1255,13:13:48,5.3,--,50,26500,卖盘
1256,13:13:33,5.3,-0.01,31,16430,卖盘
1257,13:13:30,5.31,0.01,40,21240,买盘
1258,13:13:21,5.3,--,54,28620,卖盘
1259,13:13:12,5.3,-0.01,1,530,卖盘
1260,13:13:09,5.31,--,130,69030,卖盘
1261,13:13:06,5.31,--,20,10620,卖盘
1262,13:13:00,5.31,0.01,77,40887,买盘
1263,13:12:57,5.3,-0.01,39,20670,卖盘
1264,13:12:54,5.31,--,495,262845,买盘
1265,13:12:48,5.31,--,245,130094,卖盘
1266,13:12:45,5.31,--,2,1062,卖盘
1267,13:12:42,5.31,--,25,13274,卖盘
1268,13:12:39,5.31,--,1,531,卖盘
1269,13:12:36,5.31,--,5,2655,卖盘
1270,13:12:33,5.31,--,139,73809,卖盘
1271,13:12:27,5.31,0.01,196,104075,买盘
1272,13:12:21,5.3,-0.01,91,48230,卖盘
1273,13:12:09,5.31,0.01,5,2655,买盘
1274,13:12:06,5.3,-0.01,67,35510,卖盘
1275,13:12:00,5.31,0.01,520,276120,买盘
1276,13:11:57,5.3,--,105,55650,卖盘
1277,13:11:51,5.3,--,11,5830,卖盘
1278,13:11:48,5.3,--,21,11130,卖盘
1279,13:11:45,5.3,--,88,46640,卖盘
1280,13:11:39,5.3,--,6,3180,卖盘
1281,13:11:36,5.3,-0.01,111,58830,卖盘
1282,13:11:33,5.31,--,2,1062,买盘
1283,13:11:30,5.31,0.01,33,17523,买盘
1284,13:11:27,5.3,-0.01,420,222600,卖盘
1285,13:11:24,5.31,--,1,531,买盘
1286,13:11:21,5.31,--,75,39825,买盘
1287,13:11:18,5.31,--,51,27080,买盘
1288,13:11:06,5.31,--,10,5310,买盘
1289,13:11:03,5.31,--,37,19647,买盘
1290,13:10:57,5.31,--,25,13274,买盘
1291,13:10:54,5.31,--,610,323910,买盘
1292,13:10:33,5.31,0.01,7,3716,买盘
1293,13:10:27,5.3,--,4,2120,卖盘
1294,13:10:24,5.3,--,15,7950,卖盘
1295,13:10:12,5.3,-0.01,4,2120,卖盘
1296,13:10:03,5.31,--,63,33453,买盘
1297,13:09:54,5.31,--,26,13805,买盘
1298,13:09:48,5.31,--,5,2655,买盘
1299,13:09:45,5.31,0.01,81,43011,买盘
1300,13:09:42,5.3,-0.01,9,4770,卖盘
1301,13:09:39,5.31,--,46,24426,买盘
1302,13:09:33,5.31,0.01,186,98766,买盘
1303,13:09:27,5.3,--,15,7950,卖盘
1304,13:09:24,5.3,-0.01,20,10600,卖盘
1305,13:09:18,5.31,0.01,8,4248,买盘
1306,13:09:15,5.3,-0.01,157,83210,卖盘
1307,13:09:12,5.31,0.01,108,57347,买盘
1308,13:09:06,5.3,-0.01,10,5300,卖盘
1309,13:09:03,5.31,--,1,531,买盘
1310,13:09:00,5.31,--,30,15929,买盘
1311,13:08:57,5.31,--,28,14867,买盘
1312,13:08:54,5.31,--,15,7964,买盘
1313,13:08:48,5.31,0.01,24,12743,买盘
1314,13:08:45,5.3,-0.01,40,21200,卖盘
1315,13:08:39,5.31,--,10,5310,买盘
1316,13:08:36,5.31,--,28,14867,买盘
1317,13:08:24,5.31,--,37,19647,买盘
1318,13:08:21,5.31,--,50,26549,买盘
1319,13:08:15,5.31,0.01,8,4248,买盘
1320,13:08:06,5.3,-0.01,1,530,卖盘
1321,13:08:03,5.31,--,45,24149,卖盘
1322,13:08:00,5.31,--,111,58940,卖盘
1323,13:07:57,5.31,--,97,51783,买盘
1324,13:07:54,5.31,0.01,234,124253,买盘
1325,13:07:39,5.3,-0.01,330,174900,卖盘
1326,13:07:30,5.31,0.01,13,6902,买盘
1327,13:07:24,5.3,-0.01,502,266060,卖盘
1328,13:07:21,5.31,0.01,25,13274,买盘
1329,13:07:15,5.3,-0.01,2,1060,卖盘
1330,13:06:57,5.31,--,1,785,卖盘
1331,13:06:51,5.31,--,101,53630,卖盘
1332,13:06:45,5.31,--,20,10620,卖盘
1333,13:06:42,5.31,--,15,7964,卖盘
1334,13:06:39,5.31,-0.01,10,5310,卖盘
1335,13:06:36,5.32,0.01,19,10108,买盘
1336,13:06:27,5.31,-0.01,20,10620,卖盘
1337,13:06:21,5.32,0.01,2,1064,买盘
1338,13:06:18,5.31,-0.01,1,531,卖盘
1339,13:06:15,5.32,0.01,49,26068,买盘
1340,13:06:06,5.31,-0.01,19,10089,卖盘
1341,13:06:00,5.32,--,117,62244,买盘
1342,13:05:54,5.32,--,59,31388,买盘
1343,13:05:51,5.32,0.01,253,134596,买盘
1344,13:05:48,5.31,--,30,15929,卖盘
1345,13:05:45,5.31,--,136,72216,卖盘
1346,13:05:42,5.31,--,11,5841,卖盘
1347,13:05:36,5.31,--,18,9558,卖盘
1348,13:05:33,5.31,--,105,55754,卖盘
1349,13:05:30,5.31,--,2,1062,卖盘
1350,13:05:27,5.31,--,55,29204,卖盘
1351,13:05:21,5.31,--,14,7433,卖盘
1352,13:05:18,5.31,--,100,53099,卖盘
1353,13:05:09,5.31,--,10,5310,卖盘
1354,13:05:06,5.31,--,211,112040,卖盘
1355,13:05:03,5.31,--,15,7964,卖盘
1356,13:05:00,5.31,--,10,5310,卖盘
1357,13:04:57,5.31,--,69,36639,卖盘
1358,13:04:54,5.31,-0.01,49,26018,卖盘
1359,13:04:51,5.32,--,30,15960,买盘
1360,13:04:48,5.32,--,35,18620,买盘
1361,13:04:45,5.32,0.01,6,3192,买盘
1362,13:04:39,5.31,--,35,18585,卖盘
1363,13:04:30,5.31,--,20,10620,卖盘
1364,13:04:24,5.31,--,29,15398,卖盘
1365,13:04:21,5.31,--,13,6902,卖盘
1366,13:04:18,5.31,--,101,53630,卖盘
1367,13:04:09,5.31,--,80,42480,卖盘
1368,13:04:03,5.31,--,1,531,卖盘
1369,13:04:00,5.31,-0.01,15,7964,卖盘
1370,13:03:51,5.32,0.01,5,2660,买盘
1371,13:03:45,5.31,--,59,31328,卖盘
1372,13:03:42,5.31,-0.01,20,10620,卖盘
1373,13:03:39,5.32,0.01,80,42560,买盘
1374,13:03:36,5.31,--,36,19116,卖盘
1375,13:03:30,5.31,-0.01,50,26549,卖盘
1376,13:03:27,5.32,0.01,1,532,买盘
1377,13:03:24,5.31,--,40,21240,卖盘
1378,13:03:21,5.31,-0.01,9,4779,卖盘
1379,13:03:15,5.32,--,30,15960,买盘
1380,13:03:09,5.32,0.01,50,26600,买盘
1381,13:03:00,5.31,-0.01,60,31859,卖盘
1382,13:02:48,5.32,--,122,64904,买盘
1383,13:02:42,5.32,--,42,22344,买盘
1384,13:02:20,5.32,0.01,170,90440,买盘
1385,13:02:14,5.31,-0.01,7,3716,卖盘
1386,13:02:11,5.32,0.01,27,14364,买盘
1387,13:02:08,5.31,-0.01,100,53099,卖盘
1388,13:02:05,5.32,--,2,1064,买盘
1389,13:02:02,5.32,0.01,6,3192,买盘
1390,13:01:59,5.31,-0.01,35,18585,卖盘
1391,13:01:50,5.32,--,162,86184,买盘
1392,13:01:44,5.32,0.01,100,53200,买盘
1393,13:01:41,5.31,--,4,2124,卖盘
1394,13:01:29,5.31,--,722,383658,买盘
1395,13:01:26,5.31,0.01,18,9558,买盘
1396,13:01:23,5.3,-0.01,49,25970,卖盘
1397,13:01:17,5.31,--,453,240542,买盘
1398,13:01:14,5.31,--,170,90270,买盘
1399,13:01:11,5.31,--,199,105668,买盘
1400,13:01:05,5.31,--,16,8496,买盘
1401,13:00:53,5.31,--,100,53099,买盘
1402,13:00:50,5.31,--,37,19647,买盘
1403,13:00:44,5.31,--,25,13274,买盘
1404,13:00:41,5.31,--,41,21771,买盘
1405,13:00:38,5.31,--,11,5841,买盘
1406,13:00:32,5.31,--,110,58409,买盘
1407,13:00:29,5.31,--,100,53099,买盘
1408,13:00:26,5.31,--,20,10620,买盘
1409,13:00:23,5.31,--,283,150273,买盘
1410,13:00:20,5.31,--,51,27080,买盘
1411,13:00:17,5.31,--,11,5841,买盘
1412,13:00:14,5.31,--,21,11151,买盘
1413,13:00:11,5.31,--,306,162486,买盘
1414,13:00:08,5.31,--,1914,1016333,买盘
1415,13:00:02,5.31,0.01,839,445508,买盘
1416,11:29:58,5.3,-0.01,46,24380,卖盘
1417,11:29:49,5.31,0.01,2,1062,买盘
1418,11:29:43,5.3,--,14,7420,卖盘
1419,11:29:28,5.3,--,18,9540,卖盘
1420,11:29:25,5.3,-0.01,93,49290,卖盘
1421,11:29:22,5.31,0.01,99,52568,买盘
1422,11:29:19,5.3,-0.01,2,1060,卖盘
1423,11:29:04,5.31,--,42,22302,买盘
1424,11:28:52,5.31,--,15,7964,买盘
1425,11:28:46,5.31,--,4,2124,买盘
1426,11:28:43,5.31,0.01,20,10620,买盘
1427,11:28:37,5.3,-0.01,19,10070,卖盘
1428,11:28:34,5.31,0.01,1,531,买盘
1429,11:28:28,5.3,-0.01,73,38690,卖盘
1430,11:28:25,5.31,0.01,12,6371,买盘
1431,11:28:13,5.3,--,50,26500,卖盘
1432,11:28:07,5.3,--,13,6890,卖盘
1433,11:27:55,5.3,-0.01,11,5830,卖盘
1434,11:27:52,5.31,--,224,118943,买盘
1435,11:27:40,5.31,0.01,1,531,买盘
1436,11:27:37,5.3,--,14,7420,卖盘
1437,11:27:31,5.3,-0.01,53,28090,卖盘
1438,11:27:25,5.31,0.01,26,13805,买盘
1439,11:27:19,5.3,--,20,10600,卖盘
1440,11:27:13,5.3,--,31,16430,卖盘
1441,11:27:07,5.3,--,20,10600,卖盘
1442,11:27:04,5.3,--,30,15900,卖盘
1443,11:27:01,5.3,--,10,5300,卖盘
1444,11:26:55,5.3,-0.01,10,5300,卖盘
1445,11:26:52,5.31,0.01,359,190629,买盘
1446,11:26:37,5.3,--,30,15900,卖盘
1447,11:26:34,5.3,--,29,15370,卖盘
1448,11:26:28,5.3,--,2,1060,卖盘
1449,11:26:25,5.3,--,50,26500,卖盘
1450,11:26:16,5.3,--,12,6360,卖盘
1451,11:26:10,5.3,--,5,2650,卖盘
1452,11:26:04,5.3,--,102,54060,买盘
1453,11:26:01,5.3,--,15,7950,卖盘
1454,11:25:58,5.3,--,36,19080,卖盘
1455,11:25:52,5.3,--,20,10600,卖盘
1456,11:25:49,5.3,--,300,159000,卖盘
1457,11:25:46,5.3,--,21,11130,卖盘
1458,11:25:43,5.3,--,23,12190,卖盘
1459,11:25:28,5.3,--,8,4240,卖盘
1460,11:25:22,5.3,--,2,1060,卖盘
1461,11:25:16,5.3,--,10,5300,卖盘
1462,11:25:13,5.3,--,46,24380,卖盘
1463,11:25:07,5.3,--,21,11130,卖盘
1464,11:25:04,5.3,--,11,5830,卖盘
1465,11:24:58,5.3,--,1,530,卖盘
1466,11:24:55,5.3,--,101,53530,卖盘
1467,11:24:49,5.3,--,50,26500,卖盘
1468,11:24:40,5.3,--,59,31270,卖盘
1469,11:24:37,5.3,--,20,10600,卖盘
1470,11:24:34,5.3,--,152,80560,卖盘
1471,11:24:28,5.3,--,2,1060,卖盘
1472,11:24:22,5.3,--,10,5300,卖盘
1473,11:24:16,5.3,--,1,530,卖盘
1474,11:24:13,5.3,--,21,11130,卖盘
1475,11:24:07,5.3,-0.01,126,66780,卖盘
1476,11:24:04,5.31,0.01,1,531,买盘
1477,11:23:52,5.3,--,5,2650,卖盘
1478,11:23:40,5.3,--,58,30740,卖盘
1479,11:23:31,5.3,--,10,5300,卖盘
1480,11:23:27,5.3,--,10,5300,卖盘
1481,11:23:24,5.3,--,79,41870,卖盘
1482,11:23:09,5.3,--,1,530,卖盘
1483,11:23:06,5.3,--,1,530,卖盘
1484,11:23:03,5.3,--,1,530,卖盘
1485,11:23:00,5.3,--,12,6360,卖盘
1486,11:22:57,5.3,--,7,3710,卖盘
1487,11:22:51,5.3,--,122,64660,卖盘
1488,11:22:42,5.3,--,4,2120,卖盘
1489,11:22:36,5.3,-0.01,8,4240,卖盘
1490,11:22:33,5.31,0.01,4,2124,买盘
1491,11:22:30,5.3,--,282,149460,卖盘
1492,11:22:24,5.3,--,5,2650,卖盘
1493,11:22:21,5.3,--,20,10600,卖盘
1494,11:22:18,5.3,--,10,5300,卖盘
1495,11:22:15,5.3,--,6,3180,卖盘
1496,11:22:09,5.3,-0.01,59,31270,卖盘
1497,11:22:00,5.31,0.01,10,5310,买盘
1498,11:21:54,5.3,-0.01,23,12190,卖盘
1499,11:21:45,5.31,0.01,10,5310,买盘
1500,11:21:39,5.3,--,60,31800,卖盘
1501,11:21:30,5.3,--,10,5300,卖盘
1502,11:21:27,5.3,--,1,530,卖盘
1503,11:21:24,5.3,--,10,5300,卖盘
1504,11:21:21,5.3,--,20,10600,卖盘
1505,11:21:15,5.3,--,60,31800,卖盘
1506,11:21:09,5.3,--,200,106000,卖盘
1507,11:21:06,5.3,--,104,55120,卖盘
1508,11:21:00,5.3,--,48,25440,卖盘
1509,11:20:57,5.3,--,13,6890,卖盘
1510,11:20:54,5.3,--,15,7950,卖盘
1511,11:20:45,5.3,--,100,53000,卖盘
1512,11:20:39,5.3,--,62,32860,卖盘
1513,11:20:33,5.3,-0.01,52,27560,卖盘
1514,11:20:30,5.31,--,18,9558,买盘
1515,11:20:27,5.31,0.01,55,29204,买盘
1516,11:20:21,5.3,-0.01,20,10600,卖盘
1517,11:20:18,5.31,--,2,1062,买盘
1518,11:20:15,5.31,0.01,20,10620,买盘
1519,11:20:09,5.3,--,170,90100,卖盘
1520,11:20:00,5.3,--,5,2650,卖盘
1521,11:19:57,5.3,--,21,11130,卖盘
1522,11:19:51,5.3,--,24,12720,买盘
1523,11:19:48,5.3,-0.01,176,93280,卖盘
1524,11:19:45,5.31,0.01,10,5310,买盘
1525,11:19:42,5.3,--,4,2120,卖盘
1526,11:19:39,5.3,--,12,6360,卖盘
1527,11:19:36,5.3,--,12,6360,买盘
1528,11:19:27,5.3,--,6,3180,买盘
1529,11:19:24,5.3,--,19,10070,买盘
1530,11:19:21,5.3,--,26,13780,买盘
1531,11:19:15,5.3,0.01,147,77910,买盘
1532,11:19:12,5.29,--,24,12696,卖盘
1533,11:19:09,5.29,-0.01,5,2645,卖盘
1534,11:19:06,5.3,0.01,40,21200,买盘
1535,11:19:03,5.29,-0.01,1,529,卖盘
1536,11:19:00,5.3,--,287,152110,买盘
1537,11:18:51,5.3,0.01,35,18550,买盘
1538,11:18:42,5.29,-0.01,5,2645,卖盘
1539,11:18:39,5.3,--,1,530,买盘
1540,11:18:36,5.3,0.01,48,25440,买盘
1541,11:18:33,5.29,-0.01,1,529,卖盘
1542,11:18:30,5.3,--,30,15900,买盘
1543,11:18:27,5.3,--,14,7420,买盘
1544,11:18:09,5.3,0.01,114,60420,买盘
1545,11:18:03,5.29,-0.01,83,43907,卖盘
1546,11:18:00,5.3,--,6,3180,买盘
1547,11:17:54,5.3,--,379,200870,买盘
1548,11:17:45,5.3,--,4,2120,买盘
1549,11:17:42,5.3,--,20,10600,买盘
1550,11:17:30,5.3,--,69,36570,卖盘
1551,11:17:24,5.3,--,270,143100,卖盘
1552,11:17:21,5.3,--,300,159000,卖盘
1553,11:17:06,5.3,-0.01,476,252280,卖盘
1554,11:17:00,5.31,0.01,10,5310,买盘
1555,11:16:54,5.3,--,29,15370,卖盘
1556,11:16:45,5.3,--,5,2650,卖盘
1557,11:16:39,5.3,-0.01,11,5830,卖盘
1558,11:16:36,5.31,0.01,34,18054,买盘
1559,11:16:30,5.3,--,200,106000,卖盘
1560,11:16:24,5.3,--,20,10600,卖盘
1561,11:16:21,5.3,--,70,37100,卖盘
1562,11:16:12,5.3,--,65,34450,卖盘
1563,11:15:51,5.3,--,20,10600,卖盘
1564,11:15:45,5.3,--,20,10600,卖盘
1565,11:15:39,5.3,--,125,66250,卖盘
1566,11:15:36,5.3,-0.01,18,9540,卖盘
1567,11:15:33,5.31,0.01,16,8496,买盘
1568,11:15:30,5.3,--,50,26500,卖盘
1569,11:15:15,5.3,--,63,33390,卖盘
1570,11:15:09,5.3,--,25,13250,卖盘
1571,11:14:57,5.3,--,60,31800,卖盘
1572,11:14:51,5.3,--,12,6360,卖盘
1573,11:14:48,5.3,--,59,31270,卖盘
1574,11:14:45,5.3,--,1,530,卖盘
1575,11:14:30,5.3,--,16,8480,卖盘
1576,11:14:24,5.3,--,81,42930,买盘
1577,11:14:21,5.3,--,85,45050,买盘
1578,11:14:09,5.3,--,141,74730,买盘
1579,11:14:06,5.3,--,234,124020,买盘
1580,11:13:54,5.3,--,5,2650,买盘
1581,11:13:51,5.3,--,56,29680,买盘
1582,11:13:48,5.3,--,76,40280,买盘
1583,11:13:42,5.3,--,100,53000,买盘
1584,11:13:36,5.3,--,50,26500,买盘
1585,11:13:30,5.3,--,166,87980,买盘
1586,11:13:21,5.3,--,100,53000,买盘
1587,11:13:18,5.3,--,100,53000,买盘
1588,11:13:12,5.3,--,80,42400,买盘
1589,11:13:06,5.3,--,35,18550,买盘
1590,11:13:00,5.3,--,5,2650,买盘
1591,11:12:57,5.3,--,51,27030,买盘
1592,11:12:54,5.3,0.01,2,1060,买盘
1593,11:12:51,5.29,--,1,529,卖盘
1594,11:12:48,5.29,-0.01,1210,640090,卖盘
1595,11:12:36,5.3,--,100,53000,买盘
1596,11:12:30,5.3,0.01,431,228430,买盘
1597,11:12:24,5.29,-0.01,28,14812,卖盘
1598,11:12:21,5.3,--,734,389020,买盘
1599,11:12:18,5.3,--,10,5300,买盘
1600,11:12:15,5.3,--,1,530,买盘
1601,11:12:12,5.3,--,72,38160,买盘
1602,11:12:09,5.3,0.01,10,5300,买盘
1603,11:12:03,5.29,--,1,529,卖盘
1604,11:11:36,5.29,--,150,79350,卖盘
1605,11:11:27,5.29,-0.01,150,79350,卖盘
1606,11:11:18,5.3,--,2,1060,买盘
1607,11:11:12,5.3,--,20,10600,买盘
1608,11:11:06,5.3,--,1,530,买盘
1609,11:11:03,5.3,--,12,6360,买盘
1610,11:10:51,5.3,0.01,5,2650,买盘
1611,11:10:48,5.29,--,5,2645,卖盘
1612,11:10:30,5.29,-0.01,3,1587,卖盘
1613,11:10:18,5.3,--,1,530,买盘
1614,11:10:12,5.3,--,2,1060,买盘
1615,11:10:09,5.3,0.01,6,3180,买盘
1616,11:09:45,5.29,--,2,1058,卖盘
1617,11:09:42,5.29,--,3,1587,卖盘
1618,11:09:39,5.29,-0.01,10,5290,卖盘
1619,11:09:27,5.3,0.01,3,1590,买盘
1620,11:09:24,5.29,--,6,3174,卖盘
1621,11:09:18,5.29,--,10,5290,卖盘
1622,11:09:12,5.29,--,2,1058,卖盘
1623,11:09:06,5.29,-0.01,15,7935,卖盘
1624,11:08:57,5.3,--,151,80030,买盘
1625,11:08:51,5.3,--,5,2650,买盘
1626,11:08:48,5.3,--,61,32330,买盘
1627,11:08:42,5.3,--,1,530,买盘
1628,11:08:39,5.3,0.01,83,43990,买盘
1629,11:08:36,5.29,--,13,6877,卖盘
1630,11:08:30,5.29,--,2,1058,卖盘
1631,11:08:18,5.29,--,1,529,卖盘
1632,11:08:03,5.29,--,8,4232,卖盘
1633,11:08:00,5.29,--,300,158700,卖盘
1634,11:07:48,5.29,-0.01,25,13225,卖盘
1635,11:07:36,5.3,0.01,32,16960,买盘
1636,11:07:30,5.29,--,4,2116,卖盘
1637,11:07:27,5.29,--,99,52371,卖盘
1638,11:07:24,5.29,--,30,15870,卖盘
1639,11:07:15,5.29,--,10,5290,卖盘
1640,11:07:09,5.29,-0.01,8,4232,卖盘
1641,11:07:03,5.3,0.01,10,5300,买盘
1642,11:06:54,5.29,--,12,6348,卖盘
1643,11:06:45,5.29,--,40,21160,卖盘
1644,11:06:39,5.29,-0.01,58,30682,卖盘
1645,11:06:36,5.3,0.01,50,26500,买盘
1646,11:06:33,5.29,--,6,3174,卖盘
1647,11:06:27,5.29,--,4,2116,卖盘
1648,11:06:24,5.29,--,519,274551,卖盘
1649,11:06:21,5.29,--,19,10051,卖盘
1650,11:06:18,5.29,--,10,5290,卖盘
1651,11:06:15,5.29,--,29,15341,卖盘
1652,11:06:06,5.29,--,500,264500,卖盘
1653,11:06:00,5.29,--,10,5290,卖盘
1654,11:05:51,5.29,--,107,56603,卖盘
1655,11:05:48,5.29,--,36,19044,卖盘
1656,11:05:39,5.29,--,8,4232,卖盘
1657,11:05:30,5.29,--,20,10580,卖盘
1658,11:05:27,5.29,--,5,2645,卖盘
1659,11:05:24,5.29,--,37,19573,卖盘
1660,11:05:15,5.29,-0.01,12,6348,卖盘
1661,11:05:12,5.3,0.01,5,2650,买盘
1662,11:05:06,5.29,--,24,12696,卖盘
1663,11:05:03,5.29,--,16,8464,卖盘
1664,11:04:54,5.29,--,87,46023,卖盘
1665,11:04:51,5.29,-0.01,14,7406,卖盘
1666,11:04:45,5.3,0.01,10,5300,买盘
1667,11:04:42,5.29,--,10,5290,卖盘
1668,11:04:39,5.29,-0.01,193,102097,卖盘
1669,11:04:36,5.3,0.01,46,24380,买盘
1670,11:04:30,5.29,-0.01,60,31740,卖盘
1671,11:04:27,5.3,0.01,861,456330,买盘
1672,11:04:24,5.29,-0.01,32,16928,卖盘
1673,11:04:21,5.3,--,35,18550,买盘
1674,11:04:18,5.3,--,100,53000,买盘
1675,11:04:06,5.3,--,64,33920,买盘
1676,11:04:00,5.3,--,5,2650,买盘
1677,11:03:57,5.3,--,277,146810,卖盘
1678,11:03:54,5.3,--,1860,986245,卖盘
1679,11:03:48,5.3,--,121,64130,卖盘
1680,11:03:45,5.3,--,105,55650,卖盘
1681,11:03:42,5.3,--,14,7420,卖盘
1682,11:03:39,5.3,--,13,6890,卖盘
1683,11:03:33,5.3,-0.01,7,3710,卖盘
1684,11:03:30,5.31,0.01,10,5310,买盘
1685,11:03:27,5.3,-0.01,1,530,卖盘
1686,11:03:21,5.31,--,86,45666,买盘
1687,11:03:18,5.31,0.01,20,10620,买盘
1688,11:03:03,5.3,--,28,14840,卖盘
1689,11:03:00,5.3,--,100,53000,卖盘
1690,11:02:56,5.3,-0.01,155,82150,卖盘
1691,11:02:53,5.31,0.01,20,10620,买盘
1692,11:02:50,5.3,--,38,20140,卖盘
1693,11:02:47,5.3,--,300,159000,卖盘
1694,11:02:41,5.3,--,10,5300,卖盘
1695,11:02:35,5.3,--,52,27560,卖盘
1696,11:02:32,5.3,--,5,2650,卖盘
1697,11:02:26,5.3,--,361,191330,卖盘
1698,11:02:23,5.3,--,33,17490,卖盘
1699,11:02:20,5.3,-0.01,70,37100,卖盘
1700,11:02:17,5.31,0.01,252,133812,买盘
1701,11:02:14,5.3,--,46,24380,卖盘
1702,11:02:11,5.3,--,60,31800,卖盘
1703,11:02:05,5.3,--,36,19080,卖盘
1704,11:02:02,5.3,--,11,5830,卖盘
1705,11:01:59,5.3,--,5,2650,卖盘
1706,11:01:53,5.3,--,5,2650,卖盘
1707,11:01:50,5.3,--,13,6890,卖盘
1708,11:01:47,5.3,--,468,248421,买盘
1709,11:01:38,5.3,--,6,3180,买盘
1710,11:01:26,5.3,--,13,6890,买盘
1711,11:01:20,5.3,0.01,100,53000,买盘
1712,11:01:11,5.29,-0.01,34,17986,卖盘
1713,11:01:05,5.3,--,7,3710,买盘
1714,11:01:02,5.3,--,50,26500,买盘
1715,11:00:53,5.3,0.01,1,530,买盘
1716,11:00:50,5.29,--,273,144417,卖盘
1717,11:00:47,5.29,--,14,7406,卖盘
1718,11:00:44,5.29,-0.01,4,2116,卖盘
1719,11:00:41,5.3,0.01,8,4240,买盘
1720,11:00:38,5.29,-0.01,7,3703,卖盘
1721,11:00:35,5.3,--,114,60420,买盘
1722,11:00:32,5.3,--,9,4770,买盘
1723,11:00:23,5.3,--,2,1060,买盘
1724,11:00:20,5.3,--,370,196248,卖盘
1725,11:00:17,5.3,-0.01,94,49947,卖盘
1726,11:00:11,5.31,0.01,628,333468,买盘
1727,11:00:02,5.3,-0.01,68,36040,卖盘
1728,10:59:59,5.31,--,8,4248,买盘
1729,10:59:41,5.31,0.01,28,14867,买盘
1730,10:59:35,5.3,-0.01,3,1590,卖盘
1731,10:59:32,5.31,--,40,21240,买盘
1732,10:59:29,5.31,0.01,180,95580,买盘
1733,10:59:23,5.3,--,10,5300,卖盘
1734,10:59:20,5.3,--,200,106000,卖盘
1735,10:59:14,5.3,--,9,4770,卖盘
1736,10:59:11,5.3,--,7,3710,卖盘
1737,10:59:08,5.3,--,30,15900,卖盘
1738,10:59:05,5.3,-0.01,5,2650,卖盘
1739,10:59:02,5.31,--,1,531,买盘
1740,10:58:59,5.31,--,11,5841,买盘
1741,10:58:56,5.31,0.01,3,1592,买盘
1742,10:58:50,5.3,-0.01,6,3180,卖盘
1743,10:58:44,5.31,0.01,54,28673,买盘
1744,10:58:38,5.3,-0.01,2,1060,卖盘
1745,10:58:35,5.31,--,66,35046,买盘
1746,10:58:32,5.31,0.01,63,33453,买盘
1747,10:58:20,5.3,-0.01,50,26500,卖盘
1748,10:58:14,5.31,--,19,10089,买盘
1749,10:58:11,5.31,0.01,10,5310,买盘
1750,10:58:05,5.3,--,1,530,卖盘
1751,10:58:02,5.3,--,74,39474,卖盘
1752,10:57:59,5.3,--,80,42400,卖盘
1753,10:57:56,5.3,-0.01,80,42400,卖盘
1754,10:57:47,5.31,0.01,3,1592,买盘
1755,10:57:44,5.3,-0.01,118,62540,卖盘
1756,10:57:29,5.31,--,7,3716,买盘
1757,10:57:23,5.31,0.01,70,37170,买盘
1758,10:57:20,5.3,--,4,2120,买盘
1759,10:57:17,5.3,-0.01,323,171190,卖盘
1760,10:57:14,5.31,0.01,25,13274,买盘
1761,10:57:05,5.3,--,100,53000,卖盘
1762,10:56:56,5.3,--,20,10600,卖盘
1763,10:56:47,5.3,-0.01,26,13780,卖盘
1764,10:56:41,5.31,0.01,44,23364,买盘
1765,10:56:32,5.3,--,7,3710,卖盘
1766,10:56:29,5.3,--,125,66250,卖盘
1767,10:56:26,5.3,--,20,10600,卖盘
1768,10:56:23,5.3,--,15,7950,卖盘
1769,10:56:17,5.3,--,10,5300,卖盘
1770,10:56:14,5.3,--,71,37630,卖盘
1771,10:56:02,5.3,--,301,159530,卖盘
1772,10:55:59,5.3,--,3,1590,卖盘
1773,10:55:56,5.3,--,41,21730,卖盘
1774,10:55:53,5.3,--,36,19080,卖盘
1775,10:55:47,5.3,-0.01,2,1060,卖盘
1776,10:55:41,5.31,0.01,20,10620,买盘
1777,10:55:35,5.3,--,2,1060,卖盘
1778,10:55:32,5.3,--,30,15900,卖盘
1779,10:55:26,5.3,--,7,3710,卖盘
1780,10:55:20,5.3,--,3,1590,卖盘
1781,10:55:17,5.3,--,76,40280,卖盘
1782,10:55:14,5.3,-0.01,1,530,卖盘
1783,10:55:11,5.31,--,15,7964,买盘
1784,10:55:08,5.31,--,48,25487,买盘
1785,10:55:05,5.31,0.01,11,5841,买盘
1786,10:55:02,5.3,-0.01,40,21200,卖盘
1787,10:54:59,5.31,0.01,103,54692,买盘
1788,10:54:56,5.3,--,59,31270,卖盘
1789,10:54:47,5.3,--,10,5300,卖盘
1790,10:54:32,5.3,--,4,2120,卖盘
1791,10:54:29,5.3,--,30,15900,卖盘
1792,10:54:23,5.3,--,30,15900,卖盘
1793,10:54:14,5.3,--,20,10600,卖盘
1794,10:54:08,5.3,--,72,38160,卖盘
1795,10:54:05,5.3,-0.01,58,30740,卖盘
1796,10:53:59,5.31,--,223,118412,买盘
1797,10:53:53,5.31,0.01,22,11682,买盘
1798,10:53:47,5.3,--,10,5300,卖盘
1799,10:53:44,5.3,-0.01,10,5300,卖盘
1800,10:53:41,5.31,0.01,71,37701,买盘
1801,10:53:32,5.3,--,201,106530,卖盘
1802,10:53:26,5.3,--,57,30210,卖盘
1803,10:53:23,5.3,--,3,1590,卖盘
1804,10:53:20,5.3,--,10,5300,卖盘
1805,10:53:17,5.3,--,3,1590,卖盘
1806,10:53:14,5.3,--,32,16960,卖盘
1807,10:53:11,5.3,-0.01,48,25440,卖盘
1808,10:53:08,5.31,--,40,21240,买盘
1809,10:53:05,5.31,--,20,10620,买盘
1810,10:53:02,5.31,0.01,320,170196,买盘
1811,10:52:56,5.3,--,50,26500,卖盘
1812,10:52:53,5.3,--,17,9010,卖盘
1813,10:52:50,5.3,--,13,6890,卖盘
1814,10:52:44,5.3,--,26,13780,卖盘
1815,10:52:41,5.3,-0.01,19,10070,卖盘
1816,10:52:38,5.31,0.01,50,26549,买盘
1817,10:52:35,5.3,0.01,40,21200,买盘
1818,10:52:32,5.29,--,10,5290,卖盘
1819,10:52:29,5.29,-0.01,661,349669,卖盘
1820,10:52:26,5.3,0.01,3,1590,买盘
1821,10:52:23,5.29,-0.01,15,7935,卖盘
1822,10:52:17,5.3,--,54,28620,买盘
1823,10:52:14,5.3,0.01,34,18020,买盘
1824,10:51:59,5.29,-0.01,10,5290,卖盘
1825,10:51:56,5.3,--,103,54590,买盘
1826,10:51:53,5.3,--,159,84270,买盘
1827,10:51:50,5.3,--,201,106530,卖盘
1828,10:51:47,5.3,--,169,89570,卖盘
1829,10:51:44,5.3,--,343,181790,买盘
1830,10:51:41,5.3,--,40,21200,买盘
1831,10:51:38,5.3,--,699,370470,买盘
1832,10:51:29,5.3,--,20,10600,买盘
1833,10:51:26,5.3,0.01,5,2650,买盘
1834,10:51:23,5.29,-0.01,21,11109,卖盘
1835,10:51:20,5.3,--,76,40280,买盘
1836,10:51:17,5.3,0.01,8,4240,买盘
1837,10:51:05,5.29,-0.01,89,47081,卖盘
1838,10:51:02,5.3,--,4,2120,买盘
1839,10:50:59,5.3,--,39,20670,买盘
1840,10:50:56,5.3,--,22,11660,买盘
1841,10:50:44,5.3,--,172,91160,买盘
1842,10:50:38,5.3,0.01,20,10600,买盘
1843,10:50:29,5.29,-0.01,1,529,卖盘
1844,10:50:26,5.3,--,68,36040,买盘
1845,10:50:23,5.3,--,60,31800,买盘
1846,10:50:14,5.3,--,1,530,买盘
1847,10:50:08,5.3,0.01,77,40810,买盘
1848,10:50:05,5.29,-0.01,10,5290,卖盘
1849,10:49:59,5.3,0.01,6,3180,买盘
1850,10:49:53,5.29,--,43,22747,卖盘
1851,10:49:50,5.29,-0.01,10,5290,卖盘
1852,10:49:47,5.3,--,17,9010,买盘
1853,10:49:44,5.3,--,18,9540,买盘
1854,10:49:41,5.3,--,156,82680,买盘
1855,10:49:38,5.3,0.01,20,10600,买盘
1856,10:49:35,5.29,-0.01,21,11109,卖盘
1857,10:49:32,5.3,--,28,14840,买盘
1858,10:49:26,5.3,--,36,19080,买盘
1859,10:49:23,5.3,--,180,95400,买盘
1860,10:49:20,5.3,--,20,10600,买盘
1861,10:49:14,5.3,--,421,223130,买盘
1862,10:49:11,5.3,0.01,10,5300,买盘
1863,10:49:08,5.29,-0.01,13,6877,卖盘
1864,10:49:05,5.3,0.01,58,30740,买盘
1865,10:49:02,5.29,--,1081,571849,卖盘
1866,10:48:59,5.29,--,20,10580,卖盘
1867,10:48:53,5.29,-0.01,221,116909,卖盘
1868,10:48:50,5.3,--,14,7420,买盘
1869,10:48:47,5.3,--,10,5300,买盘
1870,10:48:44,5.3,--,369,195570,买盘
1871,10:48:41,5.3,0.01,20,10600,买盘
1872,10:48:35,5.29,-0.01,29,15341,卖盘
1873,10:48:32,5.3,0.01,3,1590,买盘
1874,10:48:29,5.29,-0.01,3,1587,卖盘
1875,10:48:26,5.3,0.01,47,24910,买盘
1876,10:48:20,5.29,-0.01,15,7935,卖盘
1877,10:48:14,5.3,--,594,314820,买盘
1878,10:48:08,5.3,--,231,122430,买盘
1879,10:48:02,5.3,--,41,21730,买盘
1880,10:47:56,5.3,--,15,7950,买盘
1881,10:47:53,5.3,--,20,10600,买盘
1882,10:47:44,5.3,--,70,37100,买盘
1883,10:47:38,5.3,--,5,2650,买盘
1884,10:47:32,5.3,--,599,317470,卖盘
1885,10:47:26,5.3,--,109,57770,卖盘
1886,10:47:20,5.3,--,29,15370,卖盘
1887,10:47:17,5.3,--,111,58830,卖盘
1888,10:47:14,5.3,--,111,58830,卖盘
1889,10:47:11,5.3,--,25,13250,卖盘
1890,10:47:08,5.3,--,183,96990,卖盘
1891,10:47:05,5.3,--,50,26500,卖盘
1892,10:47:02,5.3,--,148,78440,卖盘
1893,10:46:59,5.3,-0.01,53,28090,卖盘
1894,10:46:56,5.31,0.01,102,54161,买盘
1895,10:46:53,5.3,--,20,10600,卖盘
1896,10:46:50,5.3,--,420,222600,卖盘
1897,10:46:47,5.3,--,25,13250,卖盘
1898,10:46:44,5.3,--,54,28620,卖盘
1899,10:46:41,5.3,-0.01,18,9540,卖盘
1900,10:46:35,5.31,0.01,5,2655,买盘
1901,10:46:32,5.3,--,156,82680,卖盘
1902,10:46:26,5.3,--,54,28620,卖盘
1903,10:46:23,5.3,--,64,33920,卖盘
1904,10:46:20,5.3,--,3,1590,卖盘
1905,10:46:17,5.3,--,57,30210,卖盘
1906,10:46:14,5.3,--,10,5300,卖盘
1907,10:46:11,5.3,--,27,14310,卖盘
1908,10:46:08,5.3,--,63,33390,卖盘
1909,10:46:05,5.3,--,14,7420,卖盘
1910,10:46:02,5.3,--,51,27030,卖盘
1911,10:45:59,5.3,--,80,42400,卖盘
1912,10:45:56,5.3,--,185,98050,卖盘
1913,10:45:53,5.3,--,183,96990,卖盘
1914,10:45:50,5.3,--,36,19080,卖盘
1915,10:45:47,5.3,-0.01,1,530,卖盘
1916,10:45:44,5.31,0.01,34,18054,买盘
1917,10:45:41,5.3,-0.01,32,16960,卖盘
1918,10:45:38,5.31,0.01,11,5841,买盘
1919,10:45:32,5.3,--,27,14310,卖盘
1920,10:45:26,5.3,--,10,5300,卖盘
1921,10:45:20,5.3,--,10,5300,卖盘
1922,10:45:17,5.3,--,20,10600,卖盘
1923,10:45:13,5.3,--,222,117660,卖盘
1924,10:45:10,5.3,--,5,2650,卖盘
1925,10:45:07,5.3,--,756,400680,卖盘
1926,10:45:01,5.3,--,421,223130,卖盘
1927,10:44:58,5.3,--,82,43460,卖盘
1928,10:44:55,5.3,--,3,1590,卖盘
1929,10:44:49,5.3,-0.01,1,530,卖盘
1930,10:44:46,5.31,0.01,1,531,买盘
1931,10:44:40,5.3,--,231,122430,卖盘
1932,10:44:37,5.3,-0.01,805,426650,卖盘
1933,10:44:28,5.31,0.01,50,26549,买盘
1934,10:44:22,5.3,-0.01,4,2120,卖盘
1935,10:44:16,5.31,0.01,438,232577,买盘
1936,10:44:13,5.3,-0.01,2,1060,卖盘
1937,10:44:01,5.31,--,236,125836,卖盘
1938,10:43:58,5.31,--,2,1072,买盘
1939,10:43:52,5.31,--,43,23353,卖盘
1940,10:43:46,5.31,--,14,7444,买盘
1941,10:43:43,5.31,0.01,43,22833,买盘
1942,10:43:40,5.3,-0.01,44,23320,卖盘
1943,10:43:37,5.31,--,106,56285,买盘
1944,10:43:34,5.31,--,223,118412,买盘
1945,10:43:28,5.31,--,108,57347,买盘
1946,10:43:25,5.31,--,14,7433,买盘
1947,10:43:22,5.31,--,14,7954,卖盘
1948,10:43:19,5.31,--,346,183726,卖盘
1949,10:43:16,5.31,-0.01,10,5310,卖盘
1950,10:43:13,5.32,--,1,532,买盘
1951,10:43:04,5.32,0.01,4,2128,买盘
1952,10:43:01,5.31,--,4,2124,卖盘
1953,10:42:58,5.31,--,147,78067,买盘
1954,10:42:55,5.31,--,13,6902,买盘
1955,10:42:52,5.31,--,16,8496,买盘
1956,10:42:49,5.31,--,37,19647,买盘
1957,10:42:40,5.31,--,200,106720,卖盘
1958,10:42:37,5.31,--,100,53099,卖盘
1959,10:42:28,5.31,-0.01,307,163017,卖盘
1960,10:42:16,5.32,0.01,2,1064,买盘
1961,10:42:10,5.31,--,18,9558,卖盘
1962,10:41:58,5.31,--,28,14867,卖盘
1963,10:41:52,5.31,--,23,12213,卖盘
1964,10:41:49,5.31,--,10,5310,卖盘
1965,10:41:46,5.31,--,10,5310,卖盘
1966,10:41:37,5.31,--,97,51506,卖盘
1967,10:41:31,5.31,--,38,20178,卖盘
1968,10:41:28,5.31,--,7,3716,卖盘
1969,10:41:25,5.31,--,202,107261,卖盘
1970,10:41:22,5.31,--,45,23895,卖盘
1971,10:41:19,5.31,0.01,217,115237,中性盘
1972,10:41:13,5.3,-0.02,5,2650,卖盘
1973,10:41:10,5.32,0.01,220,117040,买盘
1974,10:41:07,5.31,--,25,13274,买盘
1975,10:40:58,5.31,0.01,85,45135,买盘
1976,10:40:52,5.3,-0.01,922,488660,卖盘
1977,10:40:49,5.31,--,14,7433,卖盘
1978,10:40:46,5.31,--,100,53099,卖盘
1979,10:40:43,5.31,0.01,451,239480,买盘
1980,10:40:40,5.3,-0.01,7,3710,卖盘
1981,10:40:37,5.31,--,60,31859,买盘
1982,10:40:34,5.31,--,60,31859,买盘
1983,10:40:31,5.31,0.01,374,198593,买盘
1984,10:40:28,5.3,-0.01,20,10600,卖盘
1985,10:40:22,5.31,0.01,14,7433,买盘
1986,10:40:19,5.3,-0.01,5,2650,卖盘
1987,10:40:16,5.31,0.01,1000,531000,买盘
1988,10:40:10,5.3,-0.01,57,30210,卖盘
1989,10:40:07,5.31,0.01,10,5310,买盘
1990,10:40:04,5.3,-0.01,57,30210,卖盘
1991,10:40:01,5.31,--,30,15929,买盘
1992,10:39:58,5.31,0.01,40,21240,买盘
1993,10:39:52,5.3,-0.01,13,6890,卖盘
1994,10:39:43,5.31,0.01,1,531,买盘
1995,10:39:37,5.3,-0.01,101,53530,卖盘
1996,10:39:34,5.31,0.01,220,116819,买盘
1997,10:39:31,5.3,-0.01,66,34980,卖盘
1998,10:39:25,5.31,--,59,31328,买盘
1999,10:39:22,5.31,--,186,98766,买盘
2000,10:39:16,5.31,0.01,5,2655,买盘
2001,10:39:13,5.3,--,11,5830,卖盘
2002,10:39:10,5.3,--,3,1590,卖盘
2003,10:39:07,5.3,-0.01,37,19610,卖盘
2004,10:39:04,5.31,--,29,15398,买盘
2005,10:39:01,5.31,0.01,15,7964,买盘
2006,10:38:58,5.3,--,10,5300,卖盘
2007,10:38:55,5.3,--,153,81090,卖盘
2008,10:38:52,5.3,-0.01,95,50350,卖盘
2009,10:38:49,5.31,--,55,29204,买盘
2010,10:38:43,5.31,0.01,198,105137,买盘
2011,10:38:40,5.3,-0.01,35,18550,卖盘
2012,10:38:34,5.31,--,20,10620,买盘
2013,10:38:31,5.31,--,123,65312,买盘
2014,10:38:25,5.31,--,381,202310,卖盘
2015,10:38:22,5.31,--,103,54692,卖盘
2016,10:38:19,5.31,--,132,70092,卖盘
2017,10:38:16,5.31,--,10,5310,卖盘
2018,10:38:13,5.31,--,214,113633,卖盘
2019,10:38:10,5.31,--,35,18585,卖盘
2020,10:38:07,5.31,-0.01,33,17523,卖盘
2021,10:38:04,5.32,0.01,156,82992,买盘
2022,10:38:01,5.31,--,2,1062,卖盘
2023,10:37:58,5.31,--,306,162486,卖盘
2024,10:37:55,5.31,--,244,129563,卖盘
2025,10:37:52,5.31,--,14,7433,卖盘
2026,10:37:46,5.31,--,90,47790,卖盘
2027,10:37:43,5.31,--,80,42480,卖盘
2028,10:37:37,5.31,--,8,4248,卖盘
2029,10:37:34,5.31,--,60,31859,卖盘
2030,10:37:31,5.31,--,116,61595,卖盘
2031,10:37:25,5.31,--,13,6902,卖盘
2032,10:37:22,5.31,--,381,202310,卖盘
2033,10:37:19,5.31,--,39,20709,卖盘
2034,10:37:16,5.31,--,12,6371,卖盘
2035,10:37:13,5.31,-0.01,56,29735,卖盘
2036,10:37:10,5.32,0.01,20,10640,买盘
2037,10:37:07,5.31,--,21,11151,卖盘
2038,10:37:01,5.31,-0.01,640,339840,卖盘
2039,10:36:58,5.32,--,11,5852,买盘
2040,10:36:52,5.32,--,184,97888,买盘
2041,10:36:43,5.32,--,2,1064,买盘
2042,10:36:28,5.32,--,77,41038,卖盘
2043,10:36:25,5.32,--,425,226100,卖盘
2044,10:36:22,5.32,--,111,59052,卖盘
2045,10:36:16,5.32,-0.01,383,204213,卖盘
2046,10:36:13,5.33,0.01,20,10660,买盘
2047,10:36:10,5.32,--,127,67564,卖盘
2048,10:36:04,5.32,--,30,15960,卖盘
2049,10:36:01,5.32,-0.01,91,48412,卖盘
2050,10:35:55,5.33,--,120,63960,买盘
2051,10:35:52,5.33,--,109,58097,买盘
2052,10:35:49,5.33,0.01,17,9061,买盘
2053,10:35:43,5.32,--,35,18620,卖盘
2054,10:35:40,5.32,--,41,21812,卖盘
2055,10:35:37,5.32,--,74,39368,卖盘
2056,10:35:31,5.32,--,50,26600,卖盘
2057,10:35:28,5.32,--,20,10640,卖盘
2058,10:35:25,5.32,--,24,12768,卖盘
2059,10:35:22,5.32,--,10,5320,卖盘
2060,10:35:19,5.32,--,83,44156,卖盘
2061,10:35:16,5.32,--,203,107996,卖盘
2062,10:35:07,5.32,--,17,9044,卖盘
2063,10:35:04,5.32,--,6,3192,卖盘
2064,10:34:58,5.32,--,20,10640,卖盘
2065,10:34:55,5.32,--,15,7980,卖盘
2066,10:34:49,5.32,--,10,5320,卖盘
2067,10:34:43,5.32,--,70,37240,卖盘
2068,10:34:40,5.32,-0.01,10,5320,卖盘
2069,10:34:37,5.33,--,340,181220,买盘
2070,10:34:31,5.33,--,17,9061,买盘
2071,10:34:28,5.33,--,16,8528,买盘
2072,10:34:22,5.33,0.01,15,7995,买盘
2073,10:34:19,5.32,-0.01,245,130340,卖盘
2074,10:34:13,5.33,0.01,21,11193,买盘
2075,10:34:07,5.32,-0.01,20,10640,卖盘
2076,10:34:04,5.33,0.01,38,20254,买盘
2077,10:33:58,5.32,-0.01,7,3724,卖盘
2078,10:33:55,5.33,0.01,51,27183,买盘
2079,10:33:49,5.32,--,2140,1138480,卖盘
2080,10:33:43,5.32,--,10,5320,卖盘
2081,10:33:40,5.32,--,8,4256,卖盘
2082,10:33:34,5.32,--,6,3192,卖盘
2083,10:33:28,5.32,--,40,21280,卖盘
2084,10:33:25,5.32,-0.01,232,123424,卖盘
2085,10:33:22,5.33,--,66,35178,买盘
2086,10:33:19,5.33,0.01,20,10660,买盘
2087,10:33:16,5.32,-0.01,847,450604,卖盘
2088,10:33:13,5.33,--,30,15990,买盘
2089,10:33:10,5.33,0.01,41,21853,买盘
2090,10:33:04,5.32,--,7,3724,卖盘
2091,10:33:01,5.32,-0.01,61,32452,卖盘
2092,10:32:55,5.33,--,73,38909,买盘
2093,10:32:49,5.33,--,1377,733941,买盘
2094,10:32:46,5.33,--,229,122057,买盘
2095,10:32:40,5.33,--,80,42640,买盘
2096,10:32:34,5.33,--,408,217464,买盘
2097,10:32:31,5.33,--,83,44239,买盘
2098,10:32:28,5.33,--,50,26650,买盘
2099,10:32:25,5.33,0.01,45,23985,买盘
2100,10:32:22,5.32,-0.01,1090,579880,卖盘
2101,10:32:16,5.33,--,41,21853,买盘
2102,10:32:13,5.33,0.01,42,22386,买盘
2103,10:32:07,5.32,-0.01,7,3724,卖盘
2104,10:32:04,5.33,0.01,2,1066,买盘
2105,10:32:01,5.32,--,158,84056,卖盘
2106,10:31:55,5.32,--,10,5320,卖盘
2107,10:31:52,5.32,--,147,78204,卖盘
2108,10:31:43,5.32,--,87,46284,卖盘
2109,10:31:40,5.32,-0.01,1,532,卖盘
2110,10:31:37,5.33,0.01,2,1066,买盘
2111,10:31:31,5.32,--,41,21812,卖盘
2112,10:31:28,5.32,--,11,5852,卖盘
2113,10:31:22,5.32,--,53,28196,卖盘
2114,10:31:16,5.32,--,1,532,卖盘
2115,10:31:13,5.32,--,25,13300,卖盘
2116,10:31:07,5.32,--,47,25004,卖盘
2117,10:31:04,5.32,--,54,28728,卖盘
2118,10:31:01,5.32,-0.01,3,1596,卖盘
2119,10:30:58,5.33,0.01,498,265434,买盘
2120,10:30:55,5.32,0.01,10,5320,买盘
2121,10:30:52,5.31,-0.01,237,125846,卖盘
2122,10:30:49,5.32,--,40,21280,买盘
2123,10:30:46,5.32,0.01,30,15960,买盘
2124,10:30:43,5.31,--,5,2655,卖盘
2125,10:30:40,5.31,-0.01,10,5310,卖盘
2126,10:30:31,5.32,--,193,102676,买盘
2127,10:30:28,5.32,--,1,532,买盘
2128,10:30:25,5.32,--,5,2660,买盘
2129,10:30:22,5.32,0.01,112,59584,买盘
2130,10:30:19,5.31,--,8,4248,卖盘
2131,10:30:16,5.31,--,30,15929,卖盘
2132,10:30:13,5.31,-0.01,3,1592,卖盘
2133,10:30:10,5.32,0.01,244,129808,买盘
2134,10:30:07,5.31,--,5,2655,卖盘
2135,10:30:04,5.31,--,498,264438,卖盘
2136,10:30:01,5.31,--,2,1062,卖盘
2137,10:29:58,5.31,-0.01,148,78588,卖盘
2138,10:29:49,5.32,--,50,26600,买盘
2139,10:29:46,5.32,--,15,7980,买盘
2140,10:29:43,5.32,--,155,82460,买盘
2141,10:29:40,5.32,0.01,52,27664,买盘
2142,10:29:34,5.31,-0.01,69,36639,卖盘
2143,10:29:31,5.32,--,377,200564,买盘
2144,10:29:22,5.32,--,594,316008,买盘
2145,10:29:13,5.32,0.01,9,4788,买盘
2146,10:29:10,5.31,--,22,11682,卖盘
2147,10:29:07,5.31,--,5,2655,卖盘
2148,10:29:01,5.31,-0.01,20,10620,卖盘
2149,10:28:58,5.32,--,1,532,买盘
2150,10:28:55,5.32,0.01,180,95760,买盘
2151,10:28:52,5.31,-0.01,94,49913,卖盘
2152,10:28:49,5.32,--,2,1064,买盘
2153,10:28:46,5.32,--,3,1596,买盘
2154,10:28:43,5.32,--,117,62244,买盘
2155,10:28:40,5.32,--,8,4256,买盘
2156,10:28:31,5.32,--,15,7980,买盘
2157,10:28:22,5.32,--,110,58520,买盘
2158,10:28:13,5.32,--,230,122360,买盘
2159,10:28:07,5.32,0.01,38,20216,买盘
2160,10:28:04,5.31,-0.01,10,5310,卖盘
2161,10:28:01,5.32,--,14,7448,卖盘
2162,10:27:58,5.32,--,97,51604,卖盘
2163,10:27:55,5.32,--,20,10640,卖盘
2164,10:27:52,5.32,-0.01,120,63840,卖盘
2165,10:27:49,5.33,0.01,20,10660,买盘
2166,10:27:46,5.32,--,455,242060,卖盘
2167,10:27:43,5.32,-0.01,238,126616,卖盘
2168,10:27:37,5.33,0.01,42,22386,买盘
2169,10:27:34,5.32,-0.01,51,27132,卖盘
2170,10:27:28,5.33,--,63,33579,买盘
2171,10:27:25,5.33,--,5,2665,买盘
2172,10:27:22,5.33,--,70,37310,买盘
2173,10:27:19,5.33,--,12,6396,买盘
2174,10:27:16,5.33,--,312,166296,买盘
2175,10:27:13,5.33,--,52,27716,买盘
2176,10:27:07,5.33,--,13,6929,卖盘
2177,10:27:04,5.33,-0.01,167,89011,卖盘
2178,10:26:58,5.34,0.01,65,34710,买盘
2179,10:26:55,5.33,--,50,26650,卖盘
2180,10:26:52,5.33,-0.01,64,34112,卖盘
2181,10:26:49,5.34,0.01,155,82770,买盘
2182,10:26:46,5.33,-0.01,55,29315,卖盘
2183,10:26:43,5.34,--,198,105732,买盘
2184,10:26:40,5.34,--,404,215736,买盘
2185,10:26:34,5.34,0.01,32,17088,买盘
2186,10:26:31,5.33,-0.01,101,53833,卖盘
2187,10:26:28,5.34,0.01,44,23496,买盘
2188,10:26:25,5.33,--,604,321932,卖盘
2189,10:26:22,5.33,--,189,100737,卖盘
2190,10:26:19,5.33,-0.01,649,345917,卖盘
2191,10:26:16,5.34,0.01,19,10146,买盘
2192,10:26:13,5.33,--,6,3198,卖盘
2193,10:26:10,5.33,--,81,43173,卖盘
2194,10:26:06,5.33,--,98,52234,卖盘
2195,10:26:03,5.33,--,90,47970,卖盘
2196,10:25:57,5.33,0.01,453,241449,买盘
2197,10:25:51,5.32,--,926,492632,卖盘
2198,10:25:48,5.32,-0.01,310,164920,卖盘
2199,10:25:45,5.33,--,11,5863,买盘
2200,10:25:42,5.33,--,121,64493,买盘
2201,10:25:39,5.33,0.01,40,21320,买盘
2202,10:25:36,5.32,--,51,27132,卖盘
2203,10:25:33,5.32,-0.01,215,114380,卖盘
2204,10:25:27,5.33,--,8,4264,买盘
2205,10:25:24,5.33,0.01,3831,2041923,买盘
2206,10:25:21,5.32,--,20,10640,买盘
2207,10:25:18,5.32,--,2223,1182636,买盘
2208,10:25:12,5.32,0.01,763,405916,买盘
2209,10:25:09,5.31,-0.01,11,5841,卖盘
2210,10:25:06,5.32,--,699,371868,买盘
2211,10:25:03,5.32,--,43,23269,买盘
2212,10:24:57,5.32,0.01,18,9576,买盘
2213,10:24:54,5.31,--,209,110978,卖盘
2214,10:24:45,5.31,-0.01,2,1062,卖盘
2215,10:24:42,5.32,--,191,101612,买盘
2216,10:24:39,5.32,0.01,33,17556,买盘
2217,10:24:36,5.31,-0.01,10,5310,卖盘
2218,10:24:33,5.32,0.01,11,5852,买盘
2219,10:24:30,5.31,--,18,9558,卖盘
2220,10:24:27,5.31,--,12,6371,卖盘
2221,10:24:24,5.31,--,6,3185,卖盘
2222,10:24:15,5.31,--,75,39825,卖盘
2223,10:24:12,5.31,-0.01,120,63719,卖盘
2224,10:24:09,5.32,0.01,18,9576,买盘
2225,10:23:54,5.31,0.01,147,78057,买盘
2226,10:23:51,5.3,-0.01,41,21730,卖盘
2227,10:23:48,5.31,--,249,132219,买盘
2228,10:23:45,5.31,--,1135,602685,买盘
2229,10:23:39,5.31,0.01,120,63719,买盘
2230,10:23:36,5.3,-0.01,6,3180,卖盘
2231,10:23:33,5.31,--,95,50444,买盘
2232,10:23:30,5.31,0.01,130,69030,买盘
2233,10:23:27,5.3,--,31,16430,卖盘
2234,10:23:24,5.3,-0.01,14,7420,卖盘
2235,10:23:21,5.31,--,140,74340,买盘
2236,10:23:18,5.31,--,172,91332,买盘
2237,10:23:15,5.31,0.01,28,14867,买盘
2238,10:23:12,5.3,-0.01,32,16960,卖盘
2239,10:23:09,5.31,0.01,50,26549,买盘
2240,10:23:03,5.3,-0.01,10,5300,卖盘
2241,10:23:00,5.31,0.01,251,133281,买盘
2242,10:22:57,5.3,-0.01,20,10600,卖盘
2243,10:22:54,5.31,0.01,5,2655,买盘
2244,10:22:51,5.3,--,3,1590,卖盘
2245,10:22:42,5.3,--,120,63600,卖盘
2246,10:22:39,5.3,--,73,38690,卖盘
2247,10:22:33,5.3,--,37,19610,卖盘
2248,10:22:30,5.3,--,12,6360,卖盘
2249,10:22:27,5.3,--,14,7420,卖盘
2250,10:22:24,5.3,--,16,8480,卖盘
2251,10:22:18,5.3,--,25,13250,卖盘
2252,10:22:15,5.3,-0.01,1,530,卖盘
2253,10:22:12,5.31,0.01,197,104606,买盘
2254,10:22:06,5.3,--,45,23903,买盘
2255,10:22:03,5.3,--,10,5300,买盘
2256,10:21:57,5.3,--,536,284557,卖盘
2257,10:21:54,5.3,-0.01,106,56180,卖盘
2258,10:21:48,5.31,0.01,4,2124,买盘
2259,10:21:45,5.3,--,28,14840,卖盘
2260,10:21:42,5.3,--,54,28620,卖盘
2261,10:21:39,5.3,--,24,12720,卖盘
2262,10:21:36,5.3,--,92,48760,卖盘
2263,10:21:33,5.3,--,110,58353,卖盘
2264,10:21:30,5.3,--,100,53000,卖盘
2265,10:21:24,5.3,--,61,32330,卖盘
2266,10:21:21,5.3,--,25,13250,卖盘
2267,10:21:18,5.3,--,213,112890,卖盘
2268,10:21:15,5.3,--,10,5300,卖盘
2269,10:21:09,5.3,--,11,5830,卖盘
2270,10:21:00,5.3,-0.01,230,121900,卖盘
2271,10:20:51,5.31,--,23,12213,买盘
2272,10:20:45,5.31,-0.01,212,112571,买盘
2273,10:20:42,5.32,0.01,434,230888,买盘
2274,10:20:36,5.31,--,28,14867,卖盘
2275,10:20:33,5.31,--,43,22833,卖盘
2276,10:20:30,5.31,--,624,331344,卖盘
2277,10:20:27,5.31,-0.01,35,18585,卖盘
2278,10:20:24,5.32,--,3,1596,买盘
2279,10:20:21,5.32,0.01,206,109592,买盘
2280,10:20:18,5.31,-0.01,764,405683,卖盘
2281,10:20:12,5.32,0.01,59,31388,买盘
2282,10:20:06,5.31,-0.01,5,2655,卖盘
2283,10:20:03,5.32,0.01,68,36176,买盘
2284,10:20:00,5.31,--,105,55754,卖盘
2285,10:19:57,5.31,--,32,16992,卖盘
2286,10:19:54,5.31,-0.01,15,7964,卖盘
2287,10:19:51,5.32,0.01,30,15960,买盘
2288,10:19:48,5.31,--,80,42480,卖盘
2289,10:19:45,5.31,-0.01,58,30797,卖盘
2290,10:19:42,5.32,0.01,20,10640,买盘
2291,10:19:36,5.31,-0.01,54,28673,卖盘
2292,10:19:33,5.32,0.01,25,13300,买盘
2293,10:19:30,5.31,--,80,42480,卖盘
2294,10:19:27,5.31,--,48,25487,卖盘
2295,10:19:24,5.31,--,29,15398,卖盘
2296,10:19:21,5.31,--,124,65844,卖盘
2297,10:19:18,5.31,--,105,55754,卖盘
2298,10:19:06,5.31,--,28,14867,卖盘
2299,10:19:03,5.31,--,100,53099,卖盘
2300,10:19:00,5.31,--,128,67968,买盘
2301,10:18:54,5.31,--,8,4248,买盘
2302,10:18:51,5.31,--,49,26018,卖盘
2303,10:18:45,5.31,--,60,31859,卖盘
2304,10:18:42,5.31,--,59,31328,卖盘
2305,10:18:39,5.31,--,57,30266,卖盘
2306,10:18:36,5.31,--,444,235763,卖盘
2307,10:18:30,5.31,--,35,18585,卖盘
2308,10:18:27,5.31,-0.01,93,49383,卖盘
2309,10:18:24,5.32,0.01,26,13832,买盘
2310,10:18:21,5.31,-0.01,108,57347,卖盘
2311,10:18:18,5.32,0.01,210,111720,买盘
2312,10:18:15,5.31,--,26,13805,卖盘
2313,10:18:12,5.31,--,12,6371,卖盘
2314,10:18:09,5.31,--,3,1592,卖盘
2315,10:18:06,5.31,--,57,30266,卖盘
2316,10:18:03,5.31,--,95,50444,卖盘
2317,10:17:57,5.31,-0.01,27,14336,卖盘
2318,10:17:54,5.32,0.01,23,12236,买盘
2319,10:17:51,5.31,-0.01,15,7964,卖盘
2320,10:17:45,5.32,0.01,30,15960,买盘
2321,10:17:42,5.31,-0.01,48,25487,卖盘
2322,10:17:39,5.32,0.01,66,35112,买盘
2323,10:17:36,5.31,-0.01,118,62657,卖盘
2324,10:17:33,5.32,0.01,86,45752,买盘
2325,10:17:27,5.31,--,92,48852,卖盘
2326,10:17:24,5.31,--,40,21240,卖盘
2327,10:17:21,5.31,--,31,16461,卖盘
2328,10:17:15,5.31,--,130,69030,卖盘
2329,10:17:12,5.31,-0.01,724,384444,卖盘
2330,10:17:09,5.32,--,22,11704,买盘
2331,10:17:06,5.32,0.01,177,94164,买盘
2332,10:17:03,5.31,--,7,3716,卖盘
2333,10:17:00,5.31,-0.01,27,14336,卖盘
2334,10:16:57,5.32,--,16,8512,买盘
2335,10:16:51,5.32,0.01,568,302176,买盘
2336,10:16:48,5.31,-0.01,225,119474,卖盘
2337,10:16:42,5.32,0.01,288,153216,买盘
2338,10:16:36,5.31,-0.01,8,4248,卖盘
2339,10:16:33,5.32,--,41,21812,买盘
2340,10:16:27,5.32,--,282,150024,卖盘
2341,10:16:24,5.32,-0.01,81,43092,卖盘
2342,10:16:21,5.33,--,144,76752,买盘
2343,10:16:18,5.33,--,163,86879,买盘
2344,10:16:12,5.33,--,94,50102,买盘
2345,10:16:09,5.33,0.01,199,106067,买盘
2346,10:16:06,5.32,--,33,17556,卖盘
2347,10:16:03,5.32,-0.02,65,34580,卖盘
2348,10:16:00,5.34,0.01,1992,1063728,买盘
2349,10:15:57,5.33,--,36,19188,买盘
2350,10:15:54,5.33,--,21,11193,买盘
2351,10:15:51,5.33,--,59,31447,买盘
2352,10:15:48,5.33,--,22,11779,买盘
2353,10:15:42,5.33,--,2641,1408063,卖盘
2354,10:15:39,5.33,-0.01,210,111930,卖盘
2355,10:15:36,5.34,0.01,125,66750,买盘
2356,10:15:33,5.33,--,77,41041,卖盘
2357,10:15:30,5.33,--,183,97539,卖盘
2358,10:15:27,5.33,--,84,44772,卖盘
2359,10:15:24,5.33,--,83,44239,卖盘
2360,10:15:21,5.33,--,30,15990,卖盘
2361,10:15:18,5.33,--,162,86346,卖盘
2362,10:15:15,5.33,--,57,30381,卖盘
2363,10:15:12,5.33,--,477,254241,卖盘
2364,10:15:09,5.33,0.01,6169,3288199,买盘
2365,10:15:06,5.32,--,5,2660,买盘
2366,10:15:03,5.32,--,916,487726,卖盘
2367,10:15:00,5.32,--,501,266532,卖盘
2368,10:14:57,5.32,--,345,183540,卖盘
2369,10:14:51,5.32,--,37,19684,卖盘
2370,10:14:48,5.32,--,193,102676,卖盘
2371,10:14:45,5.32,--,106,56392,卖盘
2372,10:14:42,5.32,-0.01,54,28728,卖盘
2373,10:14:39,5.33,0.01,35,18655,买盘
2374,10:14:33,5.32,--,119,63308,卖盘
2375,10:14:30,5.32,-0.01,97,51604,卖盘
2376,10:14:27,5.33,0.01,38,20254,买盘
2377,10:14:24,5.32,--,86,45752,卖盘
2378,10:14:21,5.32,--,21,11172,卖盘
2379,10:14:18,5.32,--,61,32452,卖盘
2380,10:14:15,5.32,-0.01,196,104272,卖盘
2381,10:14:12,5.33,0.01,413,220129,买盘
2382,10:14:09,5.32,-0.01,59,31388,卖盘
2383,10:14:06,5.33,0.01,4,2132,买盘
2384,10:14:03,5.32,-0.01,855,454860,卖盘
2385,10:14:00,5.33,--,589,313937,买盘
2386,10:13:57,5.33,--,196,104468,买盘
2387,10:13:54,5.33,--,96,51168,买盘
2388,10:13:51,5.33,0.01,268,142844,买盘
2389,10:13:45,5.32,-0.01,50,26600,卖盘
2390,10:13:42,5.33,0.01,236,125788,买盘
2391,10:13:39,5.32,-0.01,468,248976,卖盘
2392,10:13:36,5.33,0.01,166,88478,买盘
2393,10:13:33,5.32,-0.01,551,293132,卖盘
2394,10:13:30,5.33,--,150,79950,买盘
2395,10:13:24,5.33,--,423,225459,买盘
2396,10:13:21,5.33,--,48,25584,买盘
2397,10:13:18,5.33,--,263,140179,买盘
2398,10:13:15,5.33,--,299,159367,买盘
2399,10:13:12,5.33,--,149,79417,买盘
2400,10:13:09,5.33,--,40,21320,买盘
2401,10:13:06,5.33,0.01,416,221728,买盘
2402,10:13:03,5.32,-0.01,30,15960,卖盘
2403,10:13:00,5.33,0.01,52,27716,买盘
2404,10:12:57,5.32,--,425,226100,卖盘
2405,10:12:54,5.32,-0.01,195,103740,卖盘
2406,10:12:51,5.33,0.01,165,87945,买盘
2407,10:12:48,5.32,0.01,308,163973,买盘
2408,10:12:42,5.31,-0.01,633,336537,卖盘
2409,10:12:36,5.32,--,5,2660,卖盘
2410,10:12:33,5.32,--,75,40017,买盘
2411,10:12:30,5.32,--,709,377188,买盘
2412,10:12:27,5.32,0.01,246,130872,买盘
2413,10:12:24,5.31,-0.01,260,138060,卖盘
2414,10:12:21,5.32,--,705,375060,买盘
2415,10:12:15,5.32,--,2,1064,买盘
2416,10:12:12,5.32,0.01,147,78204,买盘
2417,10:12:09,5.31,--,5,2655,卖盘
2418,10:12:06,5.31,-0.01,785,416834,卖盘
2419,10:12:03,5.32,0.01,1392,740544,买盘
2420,10:12:00,5.31,-0.01,74,39294,卖盘
2421,10:11:54,5.32,0.01,217,115444,买盘
2422,10:11:48,5.31,0.01,1218,646758,买盘
2423,10:11:42,5.3,-0.01,14,7420,卖盘
2424,10:11:39,5.31,0.01,1004,533124,买盘
2425,10:11:24,5.3,--,13,6890,卖盘
2426,10:11:21,5.3,--,311,164830,卖盘
2427,10:11:18,5.3,--,42,22260,卖盘
2428,10:11:15,5.3,--,53,28090,卖盘
2429,10:11:12,5.3,--,40,21200,卖盘
2430,10:11:06,5.3,--,85,45050,卖盘
2431,10:11:03,5.3,--,80,42400,卖盘
2432,10:10:57,5.3,--,165,87450,买盘
2433,10:10:57,5.3,--,43,22790,买盘
2434,10:10:54,5.3,--,2478,1313340,买盘
2435,10:10:48,5.3,0.01,87,46110,买盘
2436,10:10:45,5.29,-0.01,122,64538,卖盘
2437,10:10:42,5.3,--,1,530,买盘
2438,10:10:39,5.3,--,220,116600,买盘
2439,10:10:36,5.3,--,267,141510,买盘
2440,10:10:30,5.3,--,497,263558,卖盘
2441,10:10:27,5.3,--,44,23320,卖盘
2442,10:10:24,5.3,--,51,27030,卖盘
2443,10:10:21,5.3,-0.01,100,53000,卖盘
2444,10:10:18,5.31,0.01,7,3716,买盘
2445,10:10:15,5.3,--,11,5830,卖盘
2446,10:10:12,5.3,--,4173,2212071,买盘
2447,10:10:09,5.3,0.01,172,91160,买盘
2448,10:10:06,5.29,-0.01,11,5819,卖盘
2449,10:10:03,5.3,0.01,61,32330,买盘
2450,10:09:57,5.29,-0.01,45,23805,卖盘
2451,10:09:54,5.3,0.01,307,162710,买盘
2452,10:09:51,5.29,--,20,10580,卖盘
2453,10:09:48,5.29,-0.01,420,222180,卖盘
2454,10:09:45,5.3,--,141,74730,买盘
2455,10:09:39,5.3,--,50,26500,买盘
2456,10:09:36,5.3,0.01,98,51940,买盘
2457,10:09:33,5.29,-0.01,117,61893,卖盘
2458,10:09:30,5.3,--,54,28620,买盘
2459,10:09:27,5.3,0.01,212,112360,买盘
2460,10:09:24,5.29,-0.01,113,59777,卖盘
2461,10:09:21,5.3,--,16,8480,买盘
2462,10:09:18,5.3,--,8,4240,买盘
2463,10:09:15,5.3,0.01,1,530,买盘
2464,10:09:12,5.29,--,41,21689,卖盘
2465,10:09:09,5.29,--,27,14283,卖盘
2466,10:09:06,5.29,-0.01,28,14812,卖盘
2467,10:09:03,5.3,--,35,18550,买盘
2468,10:09:00,5.3,0.01,60,31800,买盘
2469,10:08:57,5.29,-0.01,138,73002,卖盘
2470,10:08:54,5.3,--,10,5300,买盘
2471,10:08:48,5.3,0.01,82,43460,买盘
2472,10:08:39,5.29,-0.01,110,58190,卖盘
2473,10:08:36,5.3,0.01,103,54590,买盘
2474,10:08:33,5.29,-0.01,406,214774,卖盘
2475,10:08:27,5.3,0.01,62,32860,买盘
2476,10:08:24,5.29,--,3,1587,卖盘
2477,10:08:21,5.29,--,155,81995,卖盘
2478,10:08:18,5.29,--,121,64009,卖盘
2479,10:08:15,5.29,-0.01,100,52900,卖盘
2480,10:08:12,5.3,--,397,210410,买盘
2481,10:08:09,5.3,--,200,106000,买盘
2482,10:08:06,5.3,--,29,15370,买盘
2483,10:08:03,5.3,0.01,272,144160,买盘
2484,10:08:00,5.29,-0.01,753,398337,卖盘
2485,10:07:57,5.3,--,19,10070,买盘
2486,10:07:54,5.3,--,53,28090,买盘
2487,10:07:51,5.3,--,44,23320,买盘
2488,10:07:48,5.3,0.01,50,26500,买盘
2489,10:07:45,5.29,--,35,18515,卖盘
2490,10:07:39,5.29,--,5,2645,卖盘
2491,10:07:36,5.29,-0.01,19,10051,卖盘
2492,10:07:33,5.3,0.01,143,75790,买盘
2493,10:07:27,5.29,--,20,10580,卖盘
2494,10:07:24,5.29,--,21,11109,卖盘
2495,10:07:21,5.29,0.01,85,44965,买盘
2496,10:07:18,5.28,-0.01,5,2640,卖盘
2497,10:07:15,5.29,--,962,508898,买盘
2498,10:07:12,5.29,--,50,26450,买盘
2499,10:07:09,5.29,--,51,26979,买盘
2500,10:07:03,5.29,--,957,506253,买盘
2501,10:06:57,5.29,0.01,1030,544870,买盘
2502,10:06:51,5.28,--,15,7920,卖盘
2503,10:06:48,5.28,--,34,17952,卖盘
2504,10:06:39,5.28,--,2,1056,卖盘
2505,10:06:35,5.28,--,3,1584,卖盘
2506,10:06:29,5.28,--,30,15840,卖盘
2507,10:06:26,5.28,-0.01,111,58608,卖盘
2508,10:06:23,5.29,0.01,41,21689,买盘
2509,10:06:20,5.28,--,25,13200,卖盘
2510,10:06:17,5.28,--,21,11088,卖盘
2511,10:06:14,5.28,--,142,74976,卖盘
2512,10:06:11,5.28,-0.01,80,42240,卖盘
2513,10:06:08,5.29,0.01,5,2645,买盘
2514,10:06:05,5.28,--,100,52800,卖盘
2515,10:06:02,5.28,--,15,7920,卖盘
2516,10:05:59,5.28,--,150,79200,卖盘
2517,10:05:56,5.28,--,8,4224,卖盘
2518,10:05:53,5.28,-0.01,13,6864,卖盘
2519,10:05:47,5.29,0.01,30,15870,买盘
2520,10:05:44,5.28,--,60,31680,卖盘
2521,10:05:41,5.28,-0.01,14,7392,卖盘
2522,10:05:38,5.29,0.01,1,529,买盘
2523,10:05:35,5.28,-0.01,50,26400,卖盘
2524,10:05:29,5.29,0.01,60,31740,买盘
2525,10:05:23,5.28,--,30,15840,卖盘
2526,10:05:20,5.28,-0.01,3,1584,卖盘
2527,10:05:17,5.29,--,5,2645,买盘
2528,10:05:14,5.29,0.01,765,404685,买盘
2529,10:05:11,5.28,-0.01,79,41712,卖盘
2530,10:05:08,5.29,0.01,13,6877,买盘
2531,10:05:02,5.28,-0.01,2072,1094016,卖盘
2532,10:04:59,5.29,0.01,31,16399,买盘
2533,10:04:56,5.28,-0.01,20,10560,卖盘
2534,10:04:53,5.29,0.01,5,2645,买盘
2535,10:04:50,5.28,-0.01,140,73920,卖盘
2536,10:04:47,5.29,--,108,57132,买盘
2537,10:04:44,5.29,--,72,38088,买盘
2538,10:04:41,5.29,-0.01,36,19044,买盘
2539,10:04:35,5.3,0.02,303,160590,买盘
2540,10:04:32,5.28,-0.01,205,108240,卖盘
2541,10:04:26,5.29,--,103,54746,卖盘
2542,10:04:23,5.29,--,683,361576,买盘
2543,10:04:20,5.29,--,294,155526,卖盘
2544,10:04:14,5.29,--,1214,642206,买盘
2545,10:04:11,5.29,0.01,105,55545,买盘
2546,10:04:08,5.28,-0.01,1794,947232,卖盘
2547,10:04:05,5.29,--,26,13754,买盘
2548,10:03:59,5.29,--,50,26450,买盘
2549,10:03:56,5.29,--,5,2645,买盘
2550,10:03:53,5.29,--,345,182505,买盘
2551,10:03:50,5.29,0.01,111,58719,买盘
2552,10:03:47,5.28,--,500,264000,卖盘
2553,10:03:44,5.28,-0.01,172,90816,卖盘
2554,10:03:41,5.29,--,20,10580,买盘
2555,10:03:38,5.29,-0.01,71,37559,买盘
2556,10:03:32,5.3,0.01,889,471170,买盘
2557,10:03:29,5.29,--,191,101039,卖盘
2558,10:03:26,5.29,--,145,76705,卖盘
2559,10:03:23,5.29,--,90,47610,卖盘
2560,10:03:17,5.29,--,158,83582,卖盘
2561,10:03:14,5.29,--,24,12696,卖盘
2562,10:03:11,5.29,--,74,39146,卖盘
2563,10:03:05,5.29,--,487,257623,买盘
2564,10:03:02,5.29,--,31,16399,买盘
2565,10:02:59,5.29,--,11,5819,买盘
2566,10:02:53,5.29,--,163,86227,买盘
2567,10:02:50,5.29,--,77,40733,买盘
2568,10:02:47,5.29,0.01,398,210542,买盘
2569,10:02:44,5.28,-0.01,5,2640,卖盘
2570,10:02:41,5.29,--,65,34385,买盘
2571,10:02:38,5.29,--,373,197317,买盘
2572,10:02:32,5.29,--,514,271906,买盘
2573,10:02:29,5.29,--,84,44436,买盘
2574,10:02:26,5.29,--,101,53429,买盘
2575,10:02:20,5.29,--,104,55016,买盘
2576,10:02:17,5.29,--,84,44436,买盘
2577,10:02:14,5.29,0.01,10,5290,买盘
2578,10:02:11,5.28,-0.01,1029,543312,卖盘
2579,10:02:08,5.29,0.01,225,119025,买盘
2580,10:02:02,5.28,-0.01,99,52272,卖盘
2581,10:01:56,5.29,0.01,20,10580,买盘
2582,10:01:53,5.28,-0.01,448,236544,卖盘
2583,10:01:47,5.29,--,27,14283,买盘
2584,10:01:44,5.29,0.01,32,16928,买盘
2585,10:01:41,5.28,--,151,79728,卖盘
2586,10:01:38,5.28,--,35,18480,卖盘
2587,10:01:35,5.28,--,170,89760,卖盘
2588,10:01:29,5.28,--,400,211200,买盘
2589,10:01:26,5.28,--,27,14256,买盘
2590,10:01:23,5.28,--,53,27984,买盘
2591,10:01:20,5.28,--,59,31152,买盘
2592,10:01:17,5.28,0.01,1280,675840,买盘
2593,10:01:14,5.27,--,60,31619,卖盘
2594,10:01:11,5.27,-0.01,974,513297,卖盘
2595,10:01:02,5.28,--,108,57024,买盘
2596,10:00:59,5.28,0.01,50,26400,买盘
2597,10:00:56,5.27,--,57,30038,卖盘
2598,10:00:47,5.27,--,10,5270,卖盘
2599,10:00:44,5.27,--,195,102764,卖盘
2600,10:00:41,5.27,--,1050,553350,卖盘
2601,10:00:35,5.27,--,10,5270,卖盘
2602,10:00:32,5.27,--,51,26876,卖盘
2603,10:00:29,5.27,--,510,268770,卖盘
2604,10:00:26,5.27,--,182,95913,买盘
2605,10:00:23,5.27,0.01,312,164424,买盘
2606,10:00:17,5.26,-0.01,1,526,卖盘
2607,10:00:14,5.27,0.01,196,103291,买盘
2608,10:00:11,5.26,-0.01,114,59964,卖盘
2609,10:00:05,5.27,-0.01,110,57969,中性盘
2610,09:59:59,5.28,0.01,60,31680,买盘
2611,09:59:56,5.27,--,40,21080,卖盘
2612,09:59:53,5.27,--,26,13701,卖盘
2613,09:59:50,5.27,-0.01,32,16864,卖盘
2614,09:59:47,5.28,0.01,65,34320,买盘
2615,09:59:44,5.27,-0.01,50,26349,卖盘
2616,09:59:38,5.28,0.01,20,10560,买盘
2617,09:59:35,5.27,--,231,121736,买盘
2618,09:59:29,5.27,--,2,1054,买盘
2619,09:59:26,5.27,-0.01,22,11593,中性盘
2620,09:59:23,5.28,--,310,163680,买盘
2621,09:59:20,5.28,0.01,2,1056,买盘
2622,09:59:17,5.27,--,34,17918,卖盘
2623,09:59:11,5.27,0.01,884,465867,买盘
2624,09:59:08,5.26,-0.01,5,2630,卖盘
2625,09:59:05,5.27,--,1,527,买盘
2626,09:59:02,5.27,--,43,22660,买盘
2627,09:58:59,5.27,--,100,52699,买盘
2628,09:58:53,5.27,--,32,16864,买盘
2629,09:58:50,5.27,--,80,42160,买盘
2630,09:58:47,5.27,0.01,271,142817,买盘
2631,09:58:44,5.26,-0.01,20,10520,卖盘
2632,09:58:41,5.27,--,55,28984,买盘
2633,09:58:38,5.27,--,434,228717,买盘
2634,09:58:35,5.27,--,22,11593,买盘
2635,09:58:32,5.27,--,34,17918,买盘
2636,09:58:26,5.27,--,35,18445,买盘
2637,09:58:23,5.27,--,62,32673,买盘
2638,09:58:20,5.27,--,20,10540,买盘
2639,09:58:17,5.27,--,22,11593,买盘
2640,09:58:14,5.27,--,83,43741,买盘
2641,09:58:11,5.27,--,143,75361,买盘
2642,09:58:08,5.27,--,5,2635,卖盘
2643,09:58:05,5.27,--,235,123844,卖盘
2644,09:58:02,5.27,-0.01,733,386290,卖盘
2645,09:57:59,5.28,0.01,204,107712,买盘
2646,09:57:56,5.27,--,148,77996,卖盘
2647,09:57:53,5.27,--,247,130168,卖盘
2648,09:57:50,5.27,--,391,206056,卖盘
2649,09:57:47,5.27,-0.01,402,211853,卖盘
2650,09:57:41,5.28,--,77,40656,买盘
2651,09:57:38,5.28,--,29,15312,买盘
2652,09:57:35,5.28,--,20,10560,买盘
2653,09:57:29,5.28,--,169,89232,买盘
2654,09:57:26,5.28,--,26,13728,买盘
2655,09:57:20,5.28,--,334,176827,卖盘
2656,09:57:17,5.28,--,65,34320,卖盘
2657,09:57:14,5.28,-0.01,522,275616,卖盘
2658,09:57:11,5.29,0.01,106,56074,买盘
2659,09:57:08,5.28,--,165,87120,卖盘
2660,09:57:05,5.28,-0.01,126,66528,卖盘
2661,09:57:02,5.29,--,555,293595,买盘
2662,09:56:59,5.29,--,384,203136,卖盘
2663,09:56:53,5.29,--,389,205781,卖盘
2664,09:56:50,5.29,0.01,417,220593,中性盘
2665,09:56:47,5.28,-0.01,213,112464,卖盘
2666,09:56:44,5.29,--,2151,1137931,买盘
2667,09:56:41,5.29,--,54,28566,买盘
2668,09:56:38,5.29,0.01,1374,726846,买盘
2669,09:56:35,5.28,--,404,213312,卖盘
2670,09:56:32,5.28,--,315,166320,卖盘
2671,09:56:29,5.28,--,100,52800,卖盘
2672,09:56:26,5.28,-0.01,204,107712,买盘
2673,09:56:23,5.29,0.01,331,175575,买盘
2674,09:56:20,5.28,--,1113,587716,买盘
2675,09:56:11,5.28,-0.01,817,431376,卖盘
2676,09:56:08,5.29,--,326,172454,买盘
2677,09:56:05,5.29,0.01,86,45494,买盘
2678,09:56:02,5.28,0.01,110,58080,买盘
2679,09:55:56,5.27,0.01,50,26349,中性盘
2680,09:55:50,5.26,-0.04,25,13150,中性盘
2681,09:55:47,5.3,0.05,4056,2149680,买盘
2682,09:55:44,5.25,-0.01,4,2100,卖盘
2683,09:55:41,5.26,0.01,9,4734,买盘
2684,09:55:38,5.25,--,3,1575,卖盘
2685,09:55:35,5.25,--,51,26775,卖盘
2686,09:55:32,5.25,--,9095,4774875,卖盘
2687,09:55:26,5.25,--,15,7875,卖盘
2688,09:55:23,5.25,--,775,406875,买盘
2689,09:55:20,5.25,--,52,27300,买盘
2690,09:55:17,5.25,--,1051,551775,买盘
2691,09:55:14,5.25,0.01,511,268275,买盘
2692,09:55:11,5.24,-0.01,185,96940,卖盘
2693,09:55:08,5.25,--,72,37800,买盘
2694,09:55:02,5.25,--,13,6825,买盘
2695,09:54:56,5.25,0.01,37,19425,买盘
2696,09:54:53,5.24,-0.01,10,5240,卖盘
2697,09:54:50,5.25,--,56,29400,买盘
2698,09:54:47,5.25,--,51,26775,买盘
2699,09:54:44,5.25,--,158,82950,买盘
2700,09:54:41,5.25,0.01,23,12075,买盘
2701,09:54:35,5.24,--,36,18864,卖盘
2702,09:54:32,5.24,0.01,168,88089,买盘
2703,09:54:26,5.23,-0.01,597,312231,卖盘
2704,09:54:20,5.24,--,9,4716,买盘
2705,09:54:17,5.24,0.01,1396,731504,买盘
2706,09:54:11,5.23,-0.01,209,109307,卖盘
2707,09:54:08,5.24,0.01,196,102704,买盘
2708,09:54:05,5.23,-0.01,3,1569,卖盘
2709,09:54:02,5.24,0.01,3,1572,买盘
2710,09:53:59,5.23,--,10,5230,卖盘
2711,09:53:53,5.23,-0.01,4,2092,卖盘
2712,09:53:50,5.24,--,10,5240,买盘
2713,09:53:47,5.24,--,222,116328,买盘
2714,09:53:44,5.24,0.01,12,6288,买盘
2715,09:53:38,5.23,-0.01,70,36610,卖盘
2716,09:53:29,5.24,--,95,49780,买盘
2717,09:53:23,5.24,--,101,52924,买盘
2718,09:53:20,5.24,--,10,5240,买盘
2719,09:53:17,5.24,--,487,255188,买盘
2720,09:53:14,5.24,--,202,105848,买盘
2721,09:53:11,5.24,0.01,30,15720,买盘
2722,09:53:08,5.23,-0.01,130,67990,卖盘
2723,09:53:05,5.24,0.01,170,89080,买盘
2724,09:53:02,5.23,-0.01,35,18305,卖盘
2725,09:52:59,5.24,--,56,29344,买盘
2726,09:52:56,5.24,0.01,7,3668,买盘
2727,09:52:53,5.23,--,20,10460,卖盘
2728,09:52:50,5.23,--,14,7322,卖盘
2729,09:52:41,5.23,--,21,10983,卖盘
2730,09:52:38,5.23,--,74,38702,卖盘
2731,09:52:35,5.23,--,546,285558,卖盘
2732,09:52:26,5.23,-0.01,100,52300,卖盘
2733,09:52:23,5.24,0.01,168,88032,买盘
2734,09:52:17,5.23,--,10,5230,卖盘
2735,09:51:59,5.23,-0.01,30,15690,卖盘
2736,09:51:56,5.24,--,1,524,买盘
2737,09:51:50,5.24,0.01,123,64452,买盘
2738,09:51:38,5.23,--,125,65375,卖盘
2739,09:51:32,5.23,--,29,15167,卖盘
2740,09:51:29,5.23,--,60,31380,卖盘
2741,09:51:26,5.23,--,35,18305,卖盘
2742,09:51:23,5.23,-0.01,7,3661,卖盘
2743,09:51:20,5.24,--,23,12052,买盘
2744,09:51:17,5.24,0.01,47,24628,买盘
2745,09:51:14,5.23,-0.01,100,52300,卖盘
2746,09:51:11,5.24,--,104,54496,买盘
2747,09:51:08,5.24,0.01,314,164536,买盘
2748,09:51:05,5.23,--,10,5230,卖盘
2749,09:51:02,5.23,-0.01,20,10460,卖盘
2750,09:50:59,5.24,--,95,49780,买盘
2751,09:50:53,5.24,0.01,218,114232,买盘
2752,09:50:47,5.23,--,3,1569,卖盘
2753,09:50:38,5.23,-0.01,8,4184,卖盘
2754,09:50:35,5.24,--,14,7336,买盘
2755,09:50:29,5.24,--,63,33012,买盘
2756,09:50:26,5.24,--,31,16244,买盘
2757,09:50:23,5.24,0.01,22,11528,买盘
2758,09:50:20,5.23,--,82,42886,卖盘
2759,09:50:14,5.23,-0.01,143,74789,卖盘
2760,09:50:11,5.24,--,77,40348,买盘
2761,09:50:08,5.24,0.01,57,29868,买盘
2762,09:50:05,5.23,-0.01,11,5753,卖盘
2763,09:50:02,5.24,0.01,17,8908,买盘
2764,09:49:59,5.23,-0.01,217,113491,卖盘
2765,09:49:53,5.24,--,41,21484,买盘
2766,09:49:47,5.24,0.01,6,3144,买盘
2767,09:49:44,5.23,-0.01,100,52300,卖盘
2768,09:49:41,5.24,--,20,10480,买盘
2769,09:49:38,5.24,--,40,20960,买盘
2770,09:49:35,5.24,0.01,22,11528,买盘
2771,09:49:32,5.23,--,235,122905,卖盘
2772,09:49:29,5.23,--,34,17782,卖盘
2773,09:49:26,5.23,--,33,17259,卖盘
2774,09:49:17,5.23,--,48,25104,卖盘
2775,09:49:14,5.23,--,11,5753,卖盘
2776,09:49:11,5.23,--,27,14121,卖盘
2777,09:49:05,5.23,--,665,347795,卖盘
2778,09:49:02,5.23,-0.01,45,23535,卖盘
2779,09:48:59,5.24,--,410,214840,买盘
2780,09:48:56,5.24,--,176,92224,买盘
2781,09:48:53,5.24,0.01,50,26200,买盘
2782,09:48:50,5.23,--,15,7845,卖盘
2783,09:48:47,5.23,-0.01,102,53346,卖盘
2784,09:48:41,5.24,0.01,74,38776,买盘
2785,09:48:38,5.23,-0.01,121,63283,卖盘
2786,09:48:35,5.24,--,103,53972,买盘
2787,09:48:29,5.24,--,27,14148,买盘
2788,09:48:26,5.24,--,580,303920,买盘
2789,09:48:23,5.24,--,12,6288,买盘
2790,09:48:17,5.24,0.01,24,12576,买盘
2791,09:48:11,5.23,--,12,6276,卖盘
2792,09:48:08,5.23,-0.01,74,38702,卖盘
2793,09:48:02,5.24,0.01,32,16768,买盘
2794,09:47:59,5.23,--,48,25104,卖盘
2795,09:47:53,5.23,--,12,6276,卖盘
2796,09:47:41,5.23,--,49,25799,买盘
2797,09:47:38,5.23,--,239,124997,买盘
2798,09:47:35,5.23,0.01,1,523,买盘
2799,09:47:32,5.22,-0.01,483,252126,卖盘
2800,09:47:29,5.23,--,492,257666,卖盘
2801,09:47:23,5.23,-0.01,11,5753,卖盘
2802,09:47:20,5.24,0.01,258,135364,买盘
2803,09:47:17,5.23,--,50,26150,买盘
2804,09:47:14,5.23,--,53,27719,买盘
2805,09:47:11,5.23,0.01,80,41840,买盘
2806,09:47:08,5.22,--,65,33930,卖盘
2807,09:47:01,5.22,-0.01,325,169650,卖盘
2808,09:46:58,5.23,--,254,132842,买盘
2809,09:46:55,5.23,--,5,2615,买盘
2810,09:46:52,5.23,--,801,418923,买盘
2811,09:46:49,5.23,--,10,5230,买盘
2812,09:46:46,5.23,--,37,19351,买盘
2813,09:46:43,5.23,--,36,18828,买盘
2814,09:46:40,5.23,0.01,87,45501,买盘
2815,09:46:34,5.22,-0.01,10,5220,卖盘
2816,09:46:31,5.23,0.01,10,5230,买盘
2817,09:46:28,5.22,--,80,41760,卖盘
2818,09:46:25,5.22,--,183,95526,卖盘
2819,09:46:22,5.22,--,200,104400,卖盘
2820,09:46:19,5.22,-0.01,20,10440,卖盘
2821,09:46:16,5.23,0.01,305,159515,买盘
2822,09:46:13,5.22,--,18,9698,买盘
2823,09:46:10,5.22,--,20,10440,买盘
2824,09:46:07,5.22,--,16,8352,买盘
2825,09:46:01,5.22,--,179,93657,卖盘
2826,09:45:52,5.22,-0.01,31,16182,卖盘
2827,09:45:49,5.23,0.01,95,49988,买盘
2828,09:45:46,5.22,--,72,37584,买盘
2829,09:45:43,5.22,--,25,13050,买盘
2830,09:45:40,5.22,--,377,197013,卖盘
2831,09:45:37,5.22,--,10,5220,卖盘
2832,09:45:34,5.22,-0.01,10,5220,卖盘
2833,09:45:31,5.23,0.01,238,124474,买盘
2834,09:45:25,5.22,--,315,164430,卖盘
2835,09:45:16,5.22,--,100,52200,卖盘
2836,09:45:13,5.22,--,42,21924,卖盘
2837,09:45:10,5.22,--,49,25880,买盘
2838,09:45:07,5.22,--,169,88218,买盘
2839,09:45:04,5.22,--,1091,569721,卖盘
2840,09:45:01,5.22,--,24,12528,卖盘
2841,09:44:52,5.22,--,30,15660,卖盘
2842,09:44:43,5.22,--,1746,911714,买盘
2843,09:44:40,5.22,--,192,100224,买盘
2844,09:44:31,5.22,--,43,22446,买盘
2845,09:44:25,5.22,0.01,10,5220,买盘
2846,09:44:22,5.21,-0.01,113,58873,卖盘
2847,09:44:19,5.22,--,3,1566,买盘
2848,09:44:16,5.22,0.01,25,13050,买盘
2849,09:44:10,5.21,-0.01,55,28655,卖盘
2850,09:44:04,5.22,--,44,22968,买盘
2851,09:44:01,5.22,0.01,40,20880,买盘
2852,09:43:58,5.21,-0.01,105,54705,卖盘
2853,09:43:55,5.22,--,31,16182,买盘
2854,09:43:52,5.22,--,3,1566,买盘
2855,09:43:43,5.22,--,65,33930,买盘
2856,09:43:40,5.22,--,4,2088,买盘
2857,09:43:34,5.22,--,1,522,买盘
2858,09:43:28,5.22,0.01,86,44892,买盘
2859,09:43:25,5.21,--,5,2605,卖盘
2860,09:43:22,5.21,-0.01,55,28655,卖盘
2861,09:43:19,5.22,0.01,21,10962,买盘
2862,09:43:13,5.21,-0.01,20,10420,卖盘
2863,09:43:10,5.22,--,429,223938,买盘
2864,09:43:07,5.22,--,1,522,买盘
2865,09:43:04,5.22,--,1,522,买盘
2866,09:43:01,5.22,--,4,2088,买盘
2867,09:42:58,5.22,--,41,21402,买盘
2868,09:42:55,5.22,--,129,67338,买盘
2869,09:42:46,5.22,0.01,2,1044,买盘
2870,09:42:43,5.21,--,15,7815,卖盘
2871,09:42:37,5.21,--,31,16151,卖盘
2872,09:42:34,5.21,-0.01,63,32823,卖盘
2873,09:42:31,5.22,--,10,5220,买盘
2874,09:42:22,5.22,--,6,3132,买盘
2875,09:42:19,5.22,--,38,19836,买盘
2876,09:42:16,5.22,0.01,49,25578,买盘
2877,09:42:13,5.21,-0.01,37,19277,卖盘
2878,09:42:07,5.22,--,600,313591,卖盘
2879,09:42:04,5.22,--,174,90828,卖盘
2880,09:42:01,5.22,-0.01,404,210945,卖盘
2881,09:41:58,5.23,--,46,24058,买盘
2882,09:41:52,5.23,0.01,35,18305,买盘
2883,09:41:49,5.22,--,5,2610,卖盘
2884,09:41:46,5.22,--,43,22446,卖盘
2885,09:41:37,5.22,--,204,106488,卖盘
2886,09:41:34,5.22,-0.01,80,41760,卖盘
2887,09:41:31,5.23,--,87,45501,买盘
2888,09:41:25,5.23,0.01,10,5230,买盘
2889,09:41:22,5.22,--,98,51229,买盘
2890,09:41:16,5.22,--,53,28114,卖盘
2891,09:41:13,5.22,--,97,50707,买盘
2892,09:41:10,5.22,--,71,37062,买盘
2893,09:41:07,5.22,--,198,103804,卖盘
2894,09:41:01,5.22,-0.01,12,6264,卖盘
2895,09:40:55,5.23,0.01,55,28765,买盘
2896,09:40:52,5.22,-0.01,131,68382,卖盘
2897,09:40:49,5.23,--,74,38702,买盘
2898,09:40:46,5.23,0.01,162,84726,买盘
2899,09:40:43,5.22,-0.01,162,84564,卖盘
2900,09:40:40,5.23,0.01,100,52300,买盘
2901,09:40:31,5.22,-0.01,163,85086,卖盘
2902,09:40:28,5.23,0.01,59,30857,买盘
2903,09:40:25,5.22,--,141,73602,卖盘
2904,09:40:19,5.22,-0.01,277,144594,卖盘
2905,09:40:16,5.23,--,268,140164,买盘
2906,09:40:10,5.23,--,162,84726,买盘
2907,09:40:04,5.23,--,246,129008,卖盘
2908,09:39:58,5.23,--,317,165791,卖盘
2909,09:39:55,5.23,--,292,152716,卖盘
2910,09:39:52,5.23,--,333,174159,卖盘
2911,09:39:49,5.23,--,214,111922,卖盘
2912,09:39:46,5.23,--,444,232212,卖盘
2913,09:39:43,5.23,--,146,76358,卖盘
2914,09:39:40,5.23,--,424,221752,卖盘
2915,09:39:37,5.23,--,449,234827,卖盘
2916,09:39:34,5.23,-0.01,63,32949,卖盘
2917,09:39:31,5.24,--,128,67072,买盘
2918,09:39:28,5.24,--,114,59736,买盘
2919,09:39:25,5.24,--,59,30916,买盘
2920,09:39:19,5.24,--,791,414484,买盘
2921,09:39:16,5.24,-0.01,1003,525572,卖盘
2922,09:39:13,5.25,0.01,516,270900,买盘
