,time,price,change,volume,amount,type
0,15:00:21,6.81,-0.01,3683,2508123,卖盘
1,14:58:05,6.82,--,0,0,卖盘
2,14:56:59,6.82,--,1010,688820,卖盘
3,14:56:50,6.82,--,10,6820,卖盘
4,14:56:47,6.82,--,31,21142,卖盘
5,14:56:44,6.82,-0.03,53,36146,卖盘
6,14:56:41,6.85,--,3,2055,卖盘
7,14:56:38,6.85,--,315,216055,卖盘
8,14:56:35,6.85,0.05,1003,687603,买盘
9,14:56:32,6.8,--,199,135320,买盘
10,14:56:26,6.8,--,10,6800,买盘
11,14:56:23,6.8,-0.02,420,285600,卖盘
12,14:56:20,6.82,0.01,5,3410,买盘
13,14:56:17,6.81,-0.02,10,6810,卖盘
14,14:56:11,6.83,--,78,53676,卖盘
15,14:56:08,6.83,--,20,13660,卖盘
16,14:55:59,6.83,0.02,153,104779,买盘
17,14:55:56,6.81,--,221,150501,卖盘
18,14:55:53,6.81,--,23,15663,卖盘
19,14:55:50,6.81,--,28,19068,卖盘
20,14:55:47,6.81,--,2,1362,卖盘
21,14:55:44,6.81,0.01,27,18387,买盘
22,14:55:41,6.8,--,27,18360,卖盘
23,14:55:38,6.8,-0.01,10,6800,卖盘
24,14:55:32,6.81,--,322,219282,买盘
25,14:55:29,6.81,--,1,681,买盘
26,14:55:26,6.81,-0.02,531,361611,卖盘
27,14:55:20,6.83,0.01,290,198070,买盘
28,14:55:14,6.82,-0.01,21,14322,卖盘
29,14:55:11,6.83,--,318,217194,卖盘
30,14:55:08,6.83,0.01,206,140698,卖盘
31,14:55:05,6.82,-0.02,200,136400,卖盘
32,14:55:02,6.84,0.01,18,12312,买盘
33,14:54:53,6.83,-0.02,220,150260,卖盘
34,14:54:50,6.85,0.01,2,1370,买盘
35,14:54:47,6.84,--,64,43776,卖盘
36,14:54:41,6.84,-0.01,191,130644,卖盘
37,14:54:32,6.85,0.01,108,73980,买盘
38,14:54:26,6.84,--,5,3420,卖盘
39,14:54:23,6.84,-0.01,63,43092,卖盘
40,14:54:20,6.85,--,56,38360,买盘
41,14:54:14,6.85,-0.01,80,54800,中性盘
42,14:54:02,6.86,0.02,50,34300,买盘
43,14:53:53,6.84,-0.01,7,4788,买盘
44,14:53:50,6.85,--,166,113710,卖盘
45,14:53:38,6.85,0.01,16,10960,卖盘
46,14:53:35,6.84,-0.01,1278,874152,卖盘
47,14:53:32,6.85,--,244,167140,买盘
48,14:53:29,6.85,--,37,25345,买盘
49,14:53:26,6.85,--,1,685,买盘
50,14:53:20,6.85,--,16,10960,买盘
51,14:53:05,6.85,--,30,20550,买盘
52,14:53:02,6.85,--,269,184265,卖盘
53,14:52:59,6.85,--,21,14385,卖盘
54,14:52:56,6.85,--,18,12330,卖盘
55,14:52:47,6.85,--,372,254820,买盘
56,14:52:44,6.85,--,124,84940,买盘
57,14:52:32,6.85,0.01,50,34250,买盘
58,14:52:29,6.84,--,304,207936,卖盘
59,14:52:26,6.84,--,33,22572,卖盘
60,14:52:23,6.84,-0.01,8,5472,卖盘
61,14:52:11,6.85,0.01,138,94530,买盘
62,14:52:08,6.84,-0.01,100,68400,卖盘
63,14:51:59,6.85,-0.01,178,121930,买盘
64,14:51:56,6.86,0.02,531,364266,买盘
65,14:51:50,6.84,-0.01,223,152532,卖盘
66,14:51:44,6.85,--,25,17125,卖盘
67,14:51:41,6.85,--,752,515120,买盘
68,14:51:35,6.85,--,30,20550,买盘
69,14:51:29,6.85,0.01,101,69185,买盘
70,14:51:23,6.84,--,30,20520,卖盘
71,14:51:17,6.84,--,4,2736,卖盘
72,14:51:11,6.84,-0.01,137,93708,卖盘
73,14:51:08,6.85,--,2,1370,卖盘
74,14:51:05,6.85,--,20,13700,卖盘
75,14:51:02,6.85,--,28,19180,卖盘
76,14:50:59,6.85,0.01,85,58225,买盘
77,14:50:56,6.84,--,15,10260,卖盘
78,14:50:47,6.84,--,20,13680,卖盘
79,14:50:44,6.84,-0.01,60,41040,卖盘
80,14:50:41,6.85,--,45,30825,买盘
81,14:50:32,6.85,--,25,17125,卖盘
82,14:50:29,6.85,--,425,291125,卖盘
83,14:50:26,6.85,--,29,19865,卖盘
84,14:50:20,6.85,--,18,12330,卖盘
85,14:50:14,6.85,--,18,12330,卖盘
86,14:50:11,6.85,--,175,119875,卖盘
87,14:50:08,6.85,--,3,2055,卖盘
88,14:50:05,6.85,--,118,80830,卖盘
89,14:49:59,6.85,--,31,21235,卖盘
90,14:49:56,6.85,0.01,93,63705,买盘
91,14:49:47,6.84,-0.01,18,12312,卖盘
92,14:49:44,6.85,0.01,252,172620,买盘
93,14:49:41,6.84,--,38,25992,卖盘
94,14:49:38,6.84,--,18,12312,卖盘
95,14:49:35,6.84,--,18,12312,卖盘
96,14:49:32,6.84,0.01,27,18468,中性盘
97,14:49:29,6.83,-0.02,18,12294,卖盘
98,14:49:26,6.85,0.02,543,371955,买盘
99,14:49:23,6.83,-0.01,18,12294,卖盘
100,14:49:20,6.84,--,20,13680,买盘
101,14:49:17,6.84,--,218,149112,卖盘
102,14:49:11,6.84,--,36,24624,卖盘
103,14:49:05,6.84,-0.01,36,24624,卖盘
104,14:48:59,6.85,--,5,3425,买盘
105,14:48:53,6.85,--,222,152070,卖盘
106,14:48:50,6.85,--,2,1370,卖盘
107,14:48:44,6.85,--,60,41100,卖盘
108,14:48:38,6.85,--,10,6850,卖盘
109,14:48:32,6.85,--,30,20550,卖盘
110,14:48:29,6.85,--,1,685,卖盘
111,14:48:26,6.85,0.01,258,176730,买盘
112,14:48:23,6.84,--,10,6840,卖盘
113,14:48:17,6.84,0.01,45,30780,买盘
114,14:48:14,6.83,--,18,12294,卖盘
115,14:48:05,6.83,--,19,12977,卖盘
116,14:47:44,6.83,-0.01,22,15026,中性盘
117,14:47:35,6.84,--,394,269496,卖盘
118,14:47:11,6.84,-0.02,9,6156,卖盘
119,14:46:44,6.86,0.01,50,34300,买盘
120,14:46:38,6.85,--,1,685,买盘
121,14:46:35,6.85,--,323,221255,卖盘
122,14:46:23,6.85,-0.01,10,6850,卖盘
123,14:46:17,6.86,0.01,6,4116,中性盘
124,14:46:14,6.85,--,458,313730,卖盘
125,14:46:11,6.85,-0.01,38,26030,卖盘
126,14:46:08,6.86,0.01,216,148176,买盘
127,14:46:05,6.85,--,18,12330,卖盘
128,14:45:59,6.85,--,5,3425,卖盘
129,14:45:56,6.85,--,10,6850,卖盘
130,14:45:50,6.85,--,3,2055,买盘
131,14:45:44,6.85,-0.01,20,13700,买盘
132,14:45:38,6.86,0.01,40,27440,买盘
133,14:45:35,6.85,--,32,21920,卖盘
134,14:45:32,6.85,--,22,15070,卖盘
135,14:45:29,6.85,--,16,10960,卖盘
136,14:45:20,6.85,--,20,13700,卖盘
137,14:45:11,6.85,--,1,685,卖盘
138,14:45:08,6.85,-0.01,18,12330,卖盘
139,14:45:05,6.86,0.01,302,207172,买盘
140,14:44:56,6.85,-0.01,171,117135,卖盘
141,14:44:50,6.86,0.01,222,152292,买盘
142,14:44:47,6.85,-0.01,18,12330,卖盘
143,14:44:38,6.86,--,91,62426,买盘
144,14:44:32,6.86,0.01,50,34300,买盘
145,14:44:29,6.85,-0.01,10,6850,卖盘
146,14:44:26,6.86,--,264,181104,买盘
147,14:44:23,6.86,0.02,152,104272,买盘
148,14:44:20,6.84,-0.01,164,112176,卖盘
149,14:44:14,6.85,-0.01,7,4795,中性盘
150,14:43:59,6.86,0.01,298,204428,买盘
151,14:43:53,6.85,--,50,34250,买盘
152,14:43:50,6.85,--,124,84940,买盘
153,14:43:44,6.85,0.03,1255,859675,买盘
154,14:43:23,6.82,--,8,5456,卖盘
155,14:43:20,6.82,-0.03,32,21824,卖盘
156,14:43:14,6.85,0.01,725,496625,买盘
157,14:43:05,6.84,--,30,20520,卖盘
158,14:43:02,6.84,--,50,34200,卖盘
159,14:42:47,6.84,0.01,42,28728,卖盘
160,14:42:38,6.83,--,26,17758,买盘
161,14:42:35,6.83,0.01,10,6830,买盘
162,14:42:32,6.82,--,1,682,卖盘
163,14:42:26,6.82,--,18,12276,卖盘
164,14:42:14,6.82,--,339,231198,卖盘
165,14:41:53,6.82,-0.03,31,21142,中性盘
166,14:41:38,6.85,0.03,525,359625,买盘
167,14:41:35,6.82,--,100,68200,买盘
168,14:41:32,6.82,--,8,5456,买盘
169,14:41:29,6.82,--,533,363506,卖盘
170,14:41:23,6.82,--,18,12276,卖盘
171,14:41:20,6.82,--,1,682,卖盘
172,14:41:08,6.82,-0.03,13,8866,买盘
173,14:41:02,6.85,0.03,118,80830,买盘
174,14:40:59,6.82,--,5,3410,卖盘
175,14:40:56,6.82,--,5,3410,卖盘
176,14:40:53,6.82,--,18,12276,卖盘
177,14:40:47,6.82,--,18,12276,卖盘
178,14:40:38,6.82,-0.03,104,70928,卖盘
179,14:40:20,6.85,--,473,324005,卖盘
180,14:40:14,6.85,--,14,9590,卖盘
181,14:40:08,6.85,--,25,17125,卖盘
182,14:39:59,6.85,--,5,3425,卖盘
183,14:39:56,6.85,--,120,82200,卖盘
184,14:39:44,6.85,--,83,56855,卖盘
185,14:39:41,6.85,--,20,13700,卖盘
186,14:39:35,6.85,--,5,3425,卖盘
187,14:39:29,6.85,--,20,13700,卖盘
188,14:39:23,6.85,0.04,274,187690,买盘
189,14:39:20,6.81,-0.01,4,2724,卖盘
190,14:39:14,6.82,0.01,5,3410,买盘
191,14:39:11,6.81,-0.01,20,13620,卖盘
192,14:38:52,6.82,--,166,113212,卖盘
193,14:38:49,6.82,--,40,27280,卖盘
194,14:38:46,6.82,--,1,682,卖盘
195,14:38:43,6.82,--,107,72974,卖盘
196,14:38:40,6.82,--,10,6820,卖盘
197,14:38:37,6.82,--,22,15004,卖盘
198,14:38:34,6.82,--,12,8184,卖盘
199,14:38:31,6.82,-0.01,18,12276,卖盘
200,14:38:13,6.83,--,1164,795012,卖盘
201,14:38:10,6.83,--,30,20490,卖盘
202,14:38:07,6.83,--,86,58738,卖盘
203,14:38:04,6.83,--,30,20490,卖盘
204,14:38:01,6.83,-0.01,23,15709,卖盘
205,14:37:52,6.84,0.01,115,78660,买盘
206,14:37:49,6.83,--,18,12294,卖盘
207,14:37:43,6.83,--,25,17075,卖盘
208,14:37:37,6.83,-0.01,32,21856,卖盘
209,14:37:25,6.84,--,124,84816,买盘
210,14:37:22,6.84,--,78,53352,买盘
211,14:37:16,6.84,--,135,92340,卖盘
212,14:37:13,6.84,--,5,3420,卖盘
213,14:36:49,6.84,--,50,34200,卖盘
214,14:36:31,6.84,--,5,3420,卖盘
215,14:36:28,6.84,-0.01,20,13680,卖盘
216,14:36:10,6.85,-0.01,6,4110,卖盘
217,14:36:04,6.86,0.01,63,43218,买盘
218,14:36:01,6.85,--,40,27400,卖盘
219,14:35:49,6.85,--,41,28085,卖盘
220,14:35:43,6.85,--,30,20550,卖盘
221,14:35:37,6.85,--,543,371955,买盘
222,14:35:34,6.85,0.01,1,685,买盘
223,14:35:19,6.84,--,65,44460,卖盘
224,14:35:16,6.84,0.01,30,20520,卖盘
225,14:35:01,6.83,-0.02,22,15026,卖盘
226,14:34:55,6.85,--,193,132205,卖盘
227,14:34:43,6.85,--,10,6850,卖盘
228,14:34:40,6.85,-0.01,80,54800,卖盘
229,14:34:37,6.86,0.01,56,38416,买盘
230,14:34:34,6.85,--,33,22605,卖盘
231,14:34:28,6.85,--,20,13700,卖盘
232,14:34:22,6.85,--,5,3425,卖盘
233,14:34:16,6.85,--,5,3425,卖盘
234,14:34:13,6.85,-0.01,38,26030,卖盘
235,14:34:07,6.86,0.01,28,19208,买盘
236,14:34:04,6.85,--,37,25345,卖盘
237,14:34:01,6.85,--,47,32195,卖盘
238,14:33:52,6.85,--,96,65760,卖盘
239,14:33:49,6.85,--,117,80145,卖盘
240,14:33:43,6.85,--,106,72610,卖盘
241,14:33:40,6.85,--,20,13700,卖盘
242,14:33:37,6.85,--,50,34250,卖盘
243,14:33:34,6.85,--,7,4795,卖盘
244,14:33:19,6.85,0.02,882,604170,买盘
245,14:33:13,6.83,-0.01,535,365405,卖盘
246,14:32:55,6.84,--,430,294120,卖盘
247,14:32:46,6.84,-0.01,1340,916560,卖盘
248,14:32:37,6.85,--,190,130150,卖盘
249,14:32:34,6.85,--,13,8905,卖盘
250,14:32:28,6.85,--,69,47265,买盘
251,14:32:16,6.85,0.02,50,34250,中性盘
252,14:31:55,6.83,--,20,13660,卖盘
253,14:31:52,6.83,0.01,10,6830,买盘
254,14:31:49,6.82,--,3,2046,卖盘
255,14:31:46,6.82,--,3,2046,卖盘
256,14:31:37,6.82,--,1244,848408,卖盘
257,14:31:34,6.82,-0.01,20,13640,卖盘
258,14:31:19,6.83,--,28,19124,卖盘
259,14:31:04,6.83,--,12,8196,卖盘
260,14:31:01,6.83,--,110,75130,卖盘
261,14:30:58,6.83,--,12,8196,卖盘
262,14:30:43,6.83,--,120,81960,卖盘
263,14:30:40,6.83,-0.01,31,21173,卖盘
264,14:30:25,6.84,--,23,15732,卖盘
265,14:30:22,6.84,--,34,23256,卖盘
266,14:30:19,6.84,-0.01,18,12312,卖盘
267,14:30:16,6.85,0.01,39,26715,买盘
268,14:30:07,6.84,-0.01,16,10944,卖盘
269,14:30:01,6.85,--,3,2055,买盘
270,14:29:55,6.85,--,115,78775,卖盘
271,14:29:52,6.85,--,100,68500,卖盘
272,14:29:46,6.85,--,3,2055,卖盘
273,14:29:46,6.85,--,10,6850,卖盘
274,14:29:37,6.85,0.04,197,134945,买盘
275,14:29:34,6.81,-0.01,10,6810,卖盘
276,14:29:28,6.82,--,32,21824,买盘
277,14:29:22,6.82,-0.03,360,245520,卖盘
278,14:29:19,6.85,0.02,352,241120,买盘
279,14:29:10,6.83,--,143,97669,卖盘
280,14:29:07,6.83,--,20,13660,卖盘
281,14:29:01,6.83,--,130,88790,卖盘
282,14:28:58,6.83,-0.01,239,163237,卖盘
283,14:28:40,6.84,--,9,6156,买盘
284,14:28:28,6.84,-0.01,188,128592,卖盘
285,14:28:16,6.85,0.01,125,85625,买盘
286,14:28:04,6.84,-0.01,27,18468,卖盘
287,14:28:01,6.85,-0.01,85,58225,卖盘
288,14:27:52,6.86,--,60,41160,买盘
289,14:27:46,6.86,0.01,7,4802,买盘
290,14:27:43,6.85,--,5,3425,卖盘
291,14:27:40,6.85,--,26,17810,卖盘
292,14:27:37,6.85,--,39,26715,卖盘
293,14:27:34,6.85,--,18,12330,卖盘
294,14:27:28,6.85,0.01,271,185772,买盘
295,14:27:16,6.84,-0.01,18,12312,卖盘
296,14:27:04,6.85,-0.01,3,2603,卖盘
297,14:26:58,6.86,0.01,20,13720,买盘
298,14:26:52,6.85,-0.01,5,3425,卖盘
299,14:26:46,6.86,0.01,42,28949,买盘
300,14:26:37,6.85,--,50,34250,卖盘
301,14:26:34,6.85,--,5,3425,卖盘
302,14:26:25,6.85,-0.01,340,232900,卖盘
303,14:26:07,6.86,0.01,31,21266,买盘
304,14:26:07,6.85,-0.01,1,685,卖盘
305,14:25:46,6.86,0.01,73,50078,买盘
306,14:25:25,6.85,--,1,685,卖盘
307,14:25:19,6.85,--,5,3425,卖盘
308,14:25:13,6.85,--,20,13700,卖盘
309,14:25:10,6.85,--,108,73980,买盘
310,14:24:52,6.85,--,120,82200,买盘
311,14:24:25,6.85,-0.01,30,20550,卖盘
312,14:24:22,6.86,--,25,17150,买盘
313,14:24:04,6.86,--,5,3430,买盘
314,14:23:49,6.86,0.01,74,50764,买盘
315,14:23:40,6.85,--,23,15755,卖盘
316,14:23:25,6.85,--,11,7535,卖盘
317,14:23:16,6.85,-0.01,9,6165,卖盘
318,14:23:13,6.86,0.02,25,17150,买盘
319,14:23:10,6.84,-0.02,1,684,卖盘
320,14:23:04,6.86,0.02,100,68600,买盘
321,14:22:58,6.84,-0.01,281,192204,卖盘
322,14:22:52,6.85,0.01,247,169195,买盘
323,14:22:43,6.84,--,26,17784,卖盘
324,14:22:37,6.84,-0.01,67,45828,卖盘
325,14:22:31,6.85,--,60,41100,买盘
326,14:22:28,6.85,0.01,24,16440,买盘
327,14:22:22,6.84,-0.01,4,2736,卖盘
328,14:22:19,6.85,0.01,16,10960,买盘
329,14:22:16,6.84,-0.01,100,68400,卖盘
330,14:22:13,6.85,--,154,105490,买盘
331,14:22:07,6.85,-0.01,185,126725,中性盘
332,14:22:01,6.86,--,84,57624,买盘
333,14:21:58,6.86,0.01,76,52136,买盘
334,14:21:55,6.85,--,252,172620,买盘
335,14:21:49,6.85,--,50,34250,买盘
336,14:21:34,6.85,--,163,111655,卖盘
337,14:21:25,6.85,-0.01,50,34250,卖盘
338,14:21:22,6.86,0.01,148,101528,买盘
339,14:21:19,6.85,-0.01,10,6850,卖盘
340,14:21:07,6.86,0.01,134,91924,买盘
341,14:21:01,6.85,-0.01,92,63020,卖盘
342,14:20:58,6.86,--,92,63112,卖盘
343,14:20:52,6.86,0.01,10,6860,买盘
344,14:20:46,6.85,-0.01,300,205500,卖盘
345,14:20:40,6.86,--,39,26754,卖盘
346,14:20:34,6.86,--,18,12348,卖盘
347,14:20:28,6.86,-0.01,13,8918,卖盘
348,14:20:22,6.87,--,38,26106,买盘
349,14:20:16,6.87,-0.01,55,37785,中性盘
350,14:20:06,6.88,--,104,71552,买盘
351,14:20:03,6.88,0.02,104,71552,买盘
352,14:20:00,6.86,-0.01,10,6860,卖盘
353,14:19:57,6.87,0.01,384,263808,买盘
354,14:19:54,6.86,--,29,19894,买盘
355,14:19:51,6.86,--,22,15092,买盘
356,14:19:48,6.86,--,10,6860,买盘
357,14:19:45,6.86,0.01,37,25382,买盘
358,14:19:30,6.85,-0.01,5,3425,卖盘
359,14:19:27,6.86,0.01,188,128968,买盘
360,14:19:21,6.85,-0.01,47,32195,中性盘
361,14:19:12,6.86,0.01,38,26068,买盘
362,14:19:09,6.85,--,30,20550,卖盘
363,14:18:54,6.85,0.02,170,116450,买盘
364,14:18:39,6.83,0.01,249,170067,买盘
365,14:18:36,6.82,-0.01,15,10230,卖盘
366,14:18:30,6.83,--,74,50542,买盘
367,14:18:27,6.83,0.01,15,10245,买盘
368,14:18:24,6.82,-0.01,100,68200,卖盘
369,14:18:15,6.83,--,10,6830,买盘
370,14:18:09,6.83,--,13,8879,买盘
371,14:18:06,6.83,0.01,152,103816,买盘
372,14:18:00,6.82,--,150,102300,买盘
373,14:17:57,6.82,--,60,40920,卖盘
374,14:17:54,6.82,-0.01,2,1364,卖盘
375,14:17:45,6.83,--,25,17075,买盘
376,14:17:39,6.83,0.02,11,7513,买盘
377,14:17:36,6.81,-0.02,22,14982,卖盘
378,14:17:33,6.83,-0.02,48,32784,买盘
379,14:17:30,6.85,0.02,2200,1507000,买盘
380,14:17:27,6.83,--,74,50542,买盘
381,14:17:21,6.83,--,74,50542,买盘
382,14:17:18,6.83,--,18,12294,买盘
383,14:17:00,6.83,--,32,21856,买盘
384,14:16:24,6.83,--,11,7513,卖盘
385,14:16:21,6.83,--,3,2049,卖盘
386,14:16:18,6.83,--,7,4781,卖盘
387,14:16:12,6.83,0.02,759,518397,买盘
388,14:16:03,6.81,--,4,2724,买盘
389,14:15:27,6.81,-0.01,95,64694,卖盘
390,14:15:24,6.82,--,6,4092,卖盘
391,14:15:21,6.82,--,200,136400,卖盘
392,14:15:18,6.82,0.01,580,395560,买盘
393,14:15:12,6.81,--,1,681,卖盘
394,14:15:09,6.81,0.01,190,129389,买盘
395,14:15:06,6.8,--,1,680,卖盘
396,14:15:00,6.8,--,5,3400,卖盘
397,14:14:54,6.8,-0.01,100,68000,卖盘
398,14:14:48,6.81,--,1,681,买盘
399,14:14:39,6.81,--,38,25878,买盘
400,14:14:33,6.81,0.03,74,50394,买盘
401,14:14:15,6.78,-0.03,339,229842,卖盘
402,14:14:06,6.81,0.01,76,51756,买盘
403,14:13:57,6.8,--,8,5440,中性盘
404,14:13:48,6.8,--,10,6800,买盘
405,14:13:27,6.8,--,10,6800,买盘
406,14:13:18,6.8,--,18,12240,卖盘
407,14:13:15,6.8,-0.01,205,139400,卖盘
408,14:13:06,6.81,--,38,25878,买盘
409,14:13:03,6.81,0.01,38,25878,买盘
410,14:12:57,6.8,--,297,201960,买盘
411,14:12:54,6.8,0.02,74,50320,买盘
412,14:12:33,6.78,-0.02,3,2034,卖盘
413,14:12:00,6.8,0.01,541,367880,买盘
414,14:11:30,6.79,--,74,50246,买盘
415,14:11:09,6.79,--,74,50246,买盘
416,14:11:06,6.79,0.01,47,32524,买盘
417,14:10:54,6.78,--,12,8203,卖盘
418,14:10:39,6.78,--,35,23730,卖盘
419,14:10:33,6.78,--,90,61020,卖盘
420,14:10:03,6.78,--,291,197908,买盘
421,14:09:42,6.78,--,145,98377,卖盘
422,14:09:36,6.78,--,37,25086,卖盘
423,14:09:33,6.78,--,173,117294,卖盘
424,14:09:09,6.78,--,80,54240,卖盘
425,14:08:42,6.78,--,23,15594,卖盘
426,14:08:21,6.78,--,3,2034,卖盘
427,14:08:15,6.78,--,50,33900,卖盘
428,14:07:42,6.78,-0.01,5,3390,卖盘
429,14:07:24,6.79,0.01,93,63147,买盘
430,14:06:39,6.78,--,22,14916,卖盘
431,14:06:21,6.78,--,13,8814,卖盘
432,14:06:03,6.78,0.01,280,190450,买盘
433,14:05:57,6.77,-0.01,6,4061,卖盘
434,14:05:39,6.78,--,328,222451,卖盘
435,14:05:21,6.78,--,14,9492,卖盘
436,14:05:18,6.78,-0.01,20,13560,卖盘
437,14:05:12,6.79,--,30,20370,买盘
438,14:04:33,6.79,0.01,3,2037,买盘
439,14:04:15,6.78,-0.01,51,34578,卖盘
440,14:03:42,6.79,--,1,679,买盘
441,14:03:33,6.79,0.01,1,679,买盘
442,14:02:48,6.78,-0.01,3,2034,卖盘
443,14:02:00,6.79,0.01,32,21728,买盘
444,14:01:54,6.78,--,124,84072,卖盘
445,14:01:36,6.78,--,13,8814,卖盘
446,14:00:51,6.78,--,20,13560,卖盘
447,14:00:39,6.78,--,1,678,卖盘
448,14:00:27,6.78,--,42,28476,卖盘
449,14:00:11,6.78,--,22,14916,卖盘
450,13:59:59,6.78,--,105,71190,卖盘
451,13:59:26,6.78,--,40,27730,买盘
452,13:59:02,6.78,-0.01,413,280081,卖盘
453,13:58:32,6.79,--,1,679,买盘
454,13:57:41,6.79,-0.01,45,30555,中性盘
455,13:57:35,6.8,0.01,50,34000,买盘
456,13:57:23,6.79,--,49,33271,卖盘
457,13:57:02,6.79,--,67,45493,买盘
458,13:56:47,6.79,--,12,8148,买盘
459,13:56:26,6.79,--,9,6111,买盘
460,13:56:17,6.79,0.01,360,244440,买盘
461,13:55:35,6.78,-0.01,10,6780,卖盘
462,13:55:32,6.79,0.01,100,67900,买盘
463,13:55:08,6.78,--,10,6780,卖盘
464,13:54:38,6.78,-0.01,33,22374,卖盘
465,13:54:20,6.79,0.01,66,44814,买盘
466,13:53:56,6.78,0.01,223,151804,买盘
467,13:53:53,6.77,-0.01,22,14893,卖盘
468,13:53:44,6.78,-0.01,194,131599,卖盘
469,13:53:41,6.79,0.01,4,2716,买盘
470,13:53:26,6.78,-0.01,2,1356,卖盘
471,13:53:23,6.79,--,10,6790,买盘
472,13:53:08,6.79,--,131,88949,买盘
473,13:52:38,6.79,--,3,2037,买盘
474,13:52:35,6.79,--,51,34629,买盘
475,13:52:29,6.79,--,7,4753,卖盘
476,13:52:26,6.79,--,10,6790,卖盘
477,13:52:20,6.79,--,42,28518,卖盘
478,13:52:11,6.79,--,4,2716,卖盘
479,13:52:02,6.79,-0.01,56,38024,卖盘
480,13:51:20,6.8,0.01,50,34000,买盘
481,13:50:44,6.79,--,50,33950,卖盘
482,13:50:35,6.79,--,125,84875,卖盘
483,13:50:17,6.79,-0.01,4,2716,卖盘
484,13:50:05,6.8,--,20,13600,买盘
485,13:49:47,6.8,-0.01,6,4080,中性盘
486,13:49:44,6.81,0.01,50,34050,买盘
487,13:49:35,6.8,0.01,20,13600,买盘
488,13:49:05,6.79,-0.01,5,3395,卖盘
489,13:48:59,6.8,--,128,87040,买盘
490,13:48:53,6.8,0.01,5,3400,买盘
491,13:48:38,6.79,-0.01,1,679,卖盘
492,13:48:35,6.8,--,10,6800,买盘
493,13:48:17,6.8,0.02,1,680,买盘
494,13:48:05,6.78,-0.01,295,200010,卖盘
495,13:47:50,6.79,--,1,679,卖盘
496,13:47:47,6.79,0.01,3,2037,中性盘
497,13:47:41,6.78,--,48,32544,卖盘
498,13:47:26,6.78,--,9,6102,卖盘
499,13:46:53,6.78,-0.01,97,65766,卖盘
500,13:46:38,6.79,-0.02,87,59073,卖盘
501,13:46:20,6.81,--,20,13620,买盘
502,13:45:35,6.81,0.01,41,27921,买盘
503,13:45:32,6.8,--,11,7480,卖盘
504,13:45:14,6.8,0.01,7,4760,买盘
505,13:44:53,6.79,-0.01,40,27160,卖盘
506,13:44:44,6.8,0.02,22,14960,买盘
507,13:44:32,6.78,--,42,28476,卖盘
508,13:44:26,6.78,-0.02,125,84750,卖盘
509,13:44:23,6.8,--,241,163880,卖盘
510,13:43:56,6.8,--,22,14960,卖盘
511,13:43:50,6.8,-0.01,8,5440,卖盘
512,13:43:38,6.81,--,34,23154,买盘
513,13:43:35,6.81,0.01,65,44265,买盘
514,13:43:32,6.8,--,10,6800,买盘
515,13:43:26,6.8,--,28,19040,买盘
516,13:43:23,6.8,--,35,23800,买盘
517,13:43:11,6.8,0.01,34,23120,买盘
518,13:43:02,6.79,--,10,6790,买盘
519,13:42:59,6.79,--,6,4074,卖盘
520,13:42:44,6.79,-0.01,24,16296,卖盘
521,13:42:38,6.8,--,54,36720,买盘
522,13:42:26,6.8,0.02,124,84320,买盘
523,13:42:17,6.78,--,5,3783,卖盘
524,13:42:14,6.78,--,46,31404,买盘
525,13:42:04,6.78,-0.01,284,193013,卖盘
526,13:42:01,6.79,0.01,30,20370,买盘
527,13:41:58,6.78,--,12,8136,卖盘
528,13:41:55,6.78,--,80,54240,卖盘
529,13:41:43,6.78,--,9,6102,卖盘
530,13:41:37,6.78,--,22,14916,卖盘
531,13:41:25,6.78,-0.01,200,135600,卖盘
532,13:41:19,6.79,--,10,6790,卖盘
533,13:41:04,6.79,-0.01,200,135800,卖盘
534,13:40:58,6.8,--,51,34680,买盘
535,13:40:52,6.8,-0.01,162,110160,卖盘
536,13:40:25,6.81,-0.01,129,88121,卖盘
537,13:39:31,6.82,0.01,4,2728,买盘
538,13:39:19,6.81,--,30,20430,卖盘
539,13:39:10,6.81,-0.01,50,34050,卖盘
540,13:39:07,6.82,0.01,43,29326,买盘
541,13:39:01,6.81,-0.01,10,6810,卖盘
542,13:38:22,6.82,--,6,4092,买盘
543,13:38:07,6.82,-0.01,6,4092,中性盘
544,13:37:43,6.83,--,94,64202,卖盘
545,13:37:37,6.83,--,22,15026,卖盘
546,13:37:34,6.83,-0.01,24,16392,卖盘
547,13:37:31,6.84,--,16,10944,买盘
548,13:37:22,6.84,--,7,4788,买盘
549,13:37:19,6.84,--,15,10260,买盘
550,13:37:13,6.84,0.01,4,2736,买盘
551,13:37:07,6.83,--,12,8196,卖盘
552,13:37:01,6.83,--,25,17075,买盘
553,13:36:55,6.83,-0.01,4,2732,中性盘
554,13:36:43,6.84,--,3,2052,买盘
555,13:36:37,6.84,--,10,6840,买盘
556,13:36:22,6.84,0.02,1794,1227096,买盘
557,13:36:19,6.82,--,50,34100,卖盘
558,13:36:01,6.82,0.01,286,195052,买盘
559,13:35:55,6.81,0.01,0,408,买盘
560,13:35:52,6.8,-0.01,22,14960,卖盘
561,13:35:46,6.81,0.01,83,56523,买盘
562,13:35:25,6.8,-0.01,12,8160,中性盘
563,13:35:04,6.81,0.02,124,84444,买盘
564,13:35:01,6.79,-0.01,224,152096,卖盘
565,13:34:40,6.8,-0.01,50,34000,卖盘
566,13:33:55,6.81,--,51,34731,买盘
567,13:33:16,6.81,--,92,62652,卖盘
568,13:32:49,6.81,-0.01,30,20430,卖盘
569,13:32:46,6.82,0.01,20,13640,买盘
570,13:32:22,6.81,--,6,4085,卖盘
571,13:32:16,6.81,-0.01,0,272,卖盘
572,13:32:10,6.82,0.01,60,40920,买盘
573,13:32:04,6.81,--,5,3405,卖盘
574,13:31:58,6.81,-0.01,16,10896,卖盘
575,13:31:55,6.82,--,141,96162,买盘
576,13:31:49,6.82,--,40,27280,买盘
577,13:31:43,6.82,--,40,27280,买盘
578,13:31:31,6.82,--,28,19096,买盘
579,13:31:28,6.82,--,27,18414,买盘
580,13:31:25,6.82,0.01,100,68200,买盘
581,13:31:22,6.81,--,6,4085,卖盘
582,13:31:13,6.81,--,30,20430,卖盘
583,13:31:10,6.81,-0.01,70,47670,卖盘
584,13:31:07,6.82,0.01,30,20460,买盘
585,13:30:58,6.81,--,46,31326,卖盘
586,13:30:31,6.81,-0.01,2,1362,卖盘
587,13:30:13,6.82,0.01,9,6138,买盘
588,13:30:04,6.81,-0.01,5,3405,卖盘
589,13:30:01,6.82,--,27,18414,买盘
590,13:29:43,6.82,--,3,2046,买盘
591,13:29:31,6.82,--,109,74338,卖盘
592,13:29:22,6.82,--,13,8866,卖盘
593,13:29:10,6.82,--,118,80476,卖盘
594,13:29:07,6.82,0.01,748,510136,买盘
595,13:29:01,6.81,0.02,252,171612,买盘
596,13:28:52,6.79,--,15,10185,卖盘
597,13:28:43,6.79,--,22,14938,卖盘
598,13:28:40,6.79,--,5,3395,卖盘
599,13:28:10,6.79,-0.01,22,14938,卖盘
600,13:28:07,6.8,-0.01,84,57120,卖盘
601,13:27:55,6.81,--,10,6810,买盘
602,13:27:52,6.81,--,106,72186,卖盘
603,13:27:40,6.81,--,200,136200,卖盘
604,13:27:25,6.81,-0.01,353,240393,卖盘
605,13:27:16,6.82,--,31,21142,卖盘
606,13:27:10,6.82,0.01,846,576972,买盘
607,13:27:07,6.81,--,132,89892,卖盘
608,13:27:01,6.81,--,15,10215,卖盘
609,13:26:58,6.81,0.01,388,264228,买盘
610,13:26:52,6.8,-0.01,80,54400,卖盘
611,13:26:49,6.81,0.01,51,34731,买盘
612,13:26:43,6.8,--,23,15640,卖盘
613,13:26:40,6.8,-0.01,50,34000,卖盘
614,13:26:25,6.81,--,405,275805,卖盘
615,13:26:19,6.81,--,45,30645,卖盘
616,13:26:16,6.81,--,100,68100,卖盘
617,13:26:13,6.81,--,30,20430,卖盘
618,13:26:04,6.81,--,310,211110,卖盘
619,13:25:55,6.81,--,10,6810,卖盘
620,13:25:52,6.81,0.01,300,204300,买盘
621,13:25:40,6.8,--,4,2720,卖盘
622,13:25:31,6.8,-0.01,150,102000,卖盘
623,13:25:28,6.81,0.01,105,71722,买盘
624,13:25:16,6.8,0.01,5,3400,买盘
625,13:25:13,6.79,--,672,456288,卖盘
626,13:25:04,6.79,-0.01,22,14938,卖盘
627,13:25:01,6.8,0.01,1,680,买盘
628,13:24:58,6.79,--,2,1358,卖盘
629,13:24:28,6.79,-0.01,22,14938,卖盘
630,13:24:01,6.8,--,17,11560,卖盘
631,13:23:55,6.8,--,41,27880,卖盘
632,13:23:34,6.8,--,50,34000,卖盘
633,13:23:28,6.8,-0.01,20,13600,卖盘
634,13:23:16,6.81,--,20,13620,买盘
635,13:23:10,6.81,--,50,34050,买盘
636,13:22:55,6.81,0.01,19,12939,买盘
637,13:22:52,6.8,--,80,54400,卖盘
638,13:22:40,6.8,--,5,3400,卖盘
639,13:22:34,6.8,--,12,8160,卖盘
640,13:22:31,6.8,--,37,25160,卖盘
641,13:22:28,6.8,--,3,2040,卖盘
642,13:22:25,6.8,--,15,10200,卖盘
643,13:22:16,6.8,--,3,2040,卖盘
644,13:22:07,6.8,0.01,30,20400,买盘
645,13:22:04,6.79,--,4,2716,卖盘
646,13:21:43,6.79,-0.02,1,679,卖盘
647,13:21:40,6.81,--,38,25878,买盘
648,13:21:37,6.81,0.01,38,25878,买盘
649,13:21:34,6.8,-0.01,3,2040,中性盘
650,13:21:24,6.81,0.01,38,25878,买盘
651,13:21:18,6.8,--,38,25840,买盘
652,13:21:12,6.8,--,6,4080,买盘
653,13:21:03,6.8,0.01,120,81600,买盘
654,13:20:57,6.79,--,24,16296,卖盘
655,13:20:48,6.79,-0.01,20,13580,卖盘
656,13:20:33,6.8,0.01,100,68000,买盘
657,13:20:18,6.79,-0.01,10,6790,卖盘
658,13:20:09,6.8,0.01,20,13600,买盘
659,13:20:03,6.79,--,68,46172,卖盘
660,13:19:54,6.79,--,8,5432,卖盘
661,13:19:48,6.79,-0.01,8,5432,卖盘
662,13:19:30,6.8,0.01,30,20400,买盘
663,13:19:09,6.79,--,50,33950,卖盘
664,13:18:57,6.79,--,68,46172,卖盘
665,13:18:42,6.79,-0.01,2,1358,卖盘
666,13:18:33,6.8,0.01,2,1360,买盘
667,13:18:21,6.79,--,1,679,卖盘
668,13:18:15,6.79,-0.01,22,14938,卖盘
669,13:18:12,6.8,--,14,9520,买盘
670,13:18:06,6.8,--,40,27200,买盘
671,13:17:48,6.8,0.01,70,47600,买盘
672,13:17:39,6.79,--,122,82838,卖盘
673,13:17:33,6.79,--,81,54999,买盘
674,13:17:27,6.79,-0.01,69,46851,卖盘
675,13:17:21,6.8,--,13,8840,买盘
676,13:17:06,6.8,0.01,30,20400,买盘
677,13:17:03,6.79,--,111,75369,卖盘
678,13:16:57,6.79,--,2,1358,卖盘
679,13:16:54,6.79,--,30,20370,卖盘
680,13:16:42,6.79,-0.01,4,2716,卖盘
681,13:16:39,6.8,0.01,52,35360,买盘
682,13:16:33,6.79,--,4,2716,卖盘
683,13:16:27,6.79,--,100,67900,卖盘
684,13:15:45,6.79,--,72,48888,买盘
685,13:15:42,6.79,--,25,16975,买盘
686,13:15:39,6.79,--,20,13580,买盘
687,13:15:24,6.79,0.01,22,14938,买盘
688,13:15:21,6.78,-0.01,100,67800,卖盘
689,13:15:15,6.79,0.01,11,7469,买盘
690,13:15:12,6.78,-0.01,7,4746,卖盘
691,13:15:09,6.79,--,41,27839,买盘
692,13:15:03,6.79,0.01,50,33950,买盘
693,13:14:45,6.78,--,10,6780,卖盘
694,13:14:33,6.78,--,67,45426,卖盘
695,13:14:12,6.78,-0.01,10,6780,卖盘
696,13:14:09,6.79,0.01,2,1358,买盘
697,13:13:57,6.78,--,83,56274,买盘
698,13:13:36,6.78,--,2,1356,买盘
699,13:13:27,6.78,-0.02,195,132210,卖盘
700,13:13:12,6.8,--,52,35360,买盘
701,13:12:36,6.8,--,2,1822,卖盘
702,13:12:30,6.8,0.02,69,47137,买盘
703,13:12:21,6.78,-0.02,22,14916,卖盘
704,13:12:18,6.8,--,61,41480,买盘
705,13:12:09,6.8,--,10,6800,买盘
706,13:11:57,6.8,--,10,7262,卖盘
707,13:11:51,6.8,--,5,3400,卖盘
708,13:11:42,6.8,--,278,189040,卖盘
709,13:11:33,6.8,-0.01,30,20400,卖盘
710,13:11:27,6.81,--,15,10215,买盘
711,13:11:24,6.81,0.01,120,81720,买盘
712,13:11:21,6.8,--,25,17000,卖盘
713,13:11:18,6.8,--,422,286960,卖盘
714,13:11:09,6.8,-0.01,30,20400,卖盘
715,13:11:06,6.81,--,75,51075,买盘
716,13:11:03,6.81,--,4,2724,买盘
717,13:10:57,6.81,--,106,72186,买盘
718,13:10:54,6.81,0.01,18,12258,买盘
719,13:10:48,6.8,-0.01,23,15640,卖盘
720,13:10:45,6.81,--,100,68100,买盘
721,13:10:33,6.81,--,100,68100,买盘
722,13:10:30,6.81,--,83,56523,买盘
723,13:10:27,6.81,-0.01,66,44946,卖盘
724,13:10:24,6.82,0.01,208,141856,买盘
725,13:10:18,6.81,--,23,15663,卖盘
726,13:10:15,6.81,-0.01,16,10896,卖盘
727,13:10:12,6.82,--,428,291896,买盘
728,13:10:06,6.82,--,25,17050,买盘
729,13:10:03,6.82,0.01,280,190960,买盘
730,13:09:57,6.81,-0.01,50,34050,卖盘
731,13:09:54,6.82,0.01,380,259160,买盘
732,13:09:45,6.81,-0.01,184,125304,卖盘
733,13:09:42,6.82,0.01,69,47058,买盘
734,13:09:33,6.81,--,184,125304,买盘
735,13:09:24,6.81,0.01,100,68100,买盘
736,13:09:21,6.8,--,360,244800,卖盘
737,13:09:12,6.8,0.03,6399,4351537,买盘
738,13:09:06,6.77,0.01,30,20310,卖盘
739,13:09:03,6.76,-0.01,10,6760,卖盘
740,13:08:54,6.77,--,88,59575,买盘
741,13:08:45,6.77,0.01,650,440050,买盘
742,13:08:21,6.76,--,22,14872,卖盘
743,13:08:03,6.76,--,5,3380,卖盘
744,13:08:00,6.76,-0.01,22,14872,卖盘
745,13:07:54,6.77,0.01,21,14217,买盘
746,13:07:45,6.76,--,3,2028,卖盘
747,13:07:39,6.76,--,20,13520,卖盘
748,13:07:36,6.76,--,6,4056,卖盘
749,13:07:30,6.76,-0.01,71,47996,卖盘
750,13:07:24,6.77,0.01,79,53483,买盘
751,13:07:18,6.76,-0.01,100,67600,卖盘
752,13:07:12,6.77,--,31,20987,买盘
753,13:07:03,6.77,--,1,677,买盘
754,13:06:51,6.77,-0.01,532,360164,卖盘
755,13:06:45,6.78,--,50,33900,买盘
756,13:06:39,6.78,0.01,50,33900,买盘
757,13:06:33,6.77,--,35,23695,卖盘
758,13:06:18,6.77,--,123,83271,卖盘
759,13:06:06,6.77,--,29,19633,卖盘
760,13:05:54,6.77,--,22,14893,卖盘
761,13:05:51,6.77,-0.01,10,6770,卖盘
762,13:05:48,6.78,--,10,6780,买盘
763,13:05:42,6.78,--,2,1356,买盘
764,13:05:39,6.78,0.01,50,33900,买盘
765,13:05:24,6.77,--,110,74470,卖盘
766,13:05:21,6.77,--,12,8123,卖盘
767,13:05:18,6.77,-0.01,10,6770,卖盘
768,13:05:15,6.78,0.01,50,33900,买盘
769,13:05:12,6.77,--,50,33850,卖盘
770,13:04:57,6.77,0.01,358,242365,买盘
771,13:04:45,6.76,0.01,431,291356,买盘
772,13:04:33,6.75,0.02,227,153765,买盘
773,13:04:24,6.73,--,22,14806,卖盘
774,13:04:15,6.73,0.01,181,121813,买盘
775,13:04:06,6.72,--,20,13440,卖盘
776,13:04:00,6.72,-0.01,50,33600,卖盘
777,13:03:57,6.73,0.01,38,25574,买盘
778,13:03:18,6.72,-0.01,30,20160,卖盘
779,13:03:06,6.73,0.01,102,68646,买盘
780,13:03:00,6.72,--,90,60480,卖盘
781,13:02:54,6.72,-0.01,22,14784,卖盘
782,13:02:51,6.73,--,1,673,买盘
783,13:02:36,6.73,--,11,7403,买盘
784,13:02:29,6.73,--,10,6730,买盘
785,13:02:05,6.73,0.02,63,42399,买盘
786,13:01:56,6.71,-0.02,768,515744,卖盘
787,13:01:14,6.73,--,8,5384,买盘
788,13:01:11,6.73,-0.01,1586,1067378,卖盘
789,13:00:38,6.74,-0.01,10,6740,卖盘
790,13:00:35,6.75,--,10,6750,买盘
791,13:00:08,6.75,0.02,2077,1401975,买盘
792,11:29:49,6.73,0.01,39,26247,买盘
793,11:28:31,6.72,-0.01,45,30240,卖盘
794,11:28:22,6.73,--,70,47110,买盘
795,11:28:10,6.73,0.01,71,47783,买盘
796,11:28:01,6.72,-0.01,4,2688,卖盘
797,11:27:52,6.73,0.01,24,16152,买盘
798,11:27:43,6.72,--,5,3360,卖盘
799,11:26:52,6.72,--,22,14784,卖盘
800,11:26:34,6.72,-0.01,21,14112,卖盘
801,11:26:16,6.73,0.01,3,2019,卖盘
802,11:25:58,6.72,-0.01,8,5376,卖盘
803,11:25:52,6.73,0.01,8,5384,买盘
804,11:25:49,6.72,-0.01,46,30912,卖盘
805,11:25:40,6.73,0.01,20,13460,中性盘
806,11:25:16,6.72,-0.01,23,15456,卖盘
807,11:25:07,6.73,0.01,6,4038,买盘
808,11:25:04,6.72,-0.01,30,20160,卖盘
809,11:24:55,6.73,0.01,100,67300,买盘
810,11:24:31,6.72,--,2,1344,卖盘
811,11:24:13,6.72,--,28,18816,卖盘
812,11:24:04,6.72,--,23,15456,卖盘
813,11:23:34,6.72,--,22,14784,卖盘
814,11:23:27,6.72,--,18,12096,卖盘
815,11:23:18,6.72,--,10,6720,卖盘
816,11:22:54,6.72,-0.01,13,8736,卖盘
817,11:22:42,6.73,--,5,3365,卖盘
818,11:22:36,6.73,0.01,85,57205,买盘
819,11:22:24,6.72,--,23,15456,卖盘
820,11:22:06,6.72,--,9,6048,卖盘
821,11:21:45,6.72,-0.01,10,6720,卖盘
822,11:21:33,6.73,--,1,673,买盘
823,11:21:18,6.73,--,105,70665,买盘
824,11:21:06,6.73,0.01,13,8749,买盘
825,11:21:03,6.72,--,21,14112,卖盘
826,11:20:57,6.72,-0.01,22,14784,卖盘
827,11:20:51,6.73,--,5,3365,买盘
828,11:20:42,6.73,0.01,3,2019,买盘
829,11:20:39,6.72,-0.01,78,52416,卖盘
830,11:20:15,6.73,--,10,6730,买盘
831,11:20:06,6.73,--,4,2692,买盘
832,11:20:03,6.73,--,20,13460,买盘
833,11:19:57,6.73,--,200,134600,买盘
834,11:19:42,6.73,0.01,39,26247,买盘
835,11:19:30,6.72,-0.01,23,15456,卖盘
836,11:19:27,6.73,--,2,1346,买盘
837,11:19:24,6.73,--,20,13460,买盘
838,11:19:15,6.73,--,98,65954,卖盘
839,11:19:12,6.73,-0.01,30,20190,卖盘
840,11:19:03,6.74,0.01,31,20894,买盘
841,11:18:33,6.73,--,226,152098,买盘
842,11:18:21,6.73,--,10,6730,买盘
843,11:18:03,6.73,--,10,6730,买盘
844,11:17:51,6.73,--,170,114410,卖盘
845,11:17:24,6.73,--,30,20190,卖盘
846,11:17:21,6.73,--,5,3365,卖盘
847,11:17:15,6.73,--,29,19517,卖盘
848,11:17:06,6.73,--,25,16825,卖盘
849,11:16:15,6.73,-0.01,22,14806,卖盘
850,11:16:06,6.74,0.01,142,95708,买盘
851,11:15:51,6.73,-0.01,10,6730,卖盘
852,11:15:42,6.74,0.01,9,6066,买盘
853,11:15:24,6.73,--,28,18844,卖盘
854,11:15:09,6.73,-0.01,249,167577,卖盘
855,11:15:03,6.74,0.01,65,43810,买盘
856,11:15:00,6.73,--,10,6730,卖盘
857,11:14:57,6.73,--,1,673,卖盘
858,11:14:18,6.73,--,10,6730,卖盘
859,11:14:15,6.73,--,53,35669,买盘
860,11:14:09,6.73,--,1,673,买盘
861,11:14:00,6.73,--,150,100950,买盘
862,11:13:54,6.73,--,100,67300,买盘
863,11:13:48,6.73,0.01,30,20190,买盘
864,11:13:21,6.72,-0.01,77,51744,卖盘
865,11:13:18,6.73,--,27,18171,买盘
866,11:13:00,6.73,0.01,20,13460,买盘
867,11:12:54,6.72,-0.01,100,67200,卖盘
868,11:12:48,6.73,0.01,27,18171,买盘
869,11:12:21,6.72,-0.01,100,67200,卖盘
870,11:12:06,6.73,0.01,20,13460,买盘
871,11:12:03,6.72,-0.01,100,67200,卖盘
872,11:11:45,6.73,0.01,52,34996,买盘
873,11:11:39,6.72,--,4,3312,卖盘
874,11:11:21,6.72,--,22,14784,买盘
875,11:11:09,6.72,--,21,14112,卖盘
876,11:11:03,6.72,--,59,39648,买盘
877,11:10:42,6.72,--,54,36288,卖盘
878,11:10:30,6.72,--,14,9408,卖盘
879,11:09:48,6.72,--,5,3360,卖盘
880,11:09:45,6.72,--,92,61824,买盘
881,11:09:33,6.72,-0.02,88,59136,卖盘
882,11:09:27,6.74,0.02,149,100426,买盘
883,11:09:24,6.72,-0.01,10,6720,卖盘
884,11:09:09,6.73,-0.01,29,19517,中性盘
885,11:08:39,6.74,0.02,38,25612,买盘
886,11:08:27,6.72,-0.02,58,38976,卖盘
887,11:08:18,6.74,0.01,65,43810,买盘
888,11:08:06,6.73,--,18,12114,买盘
889,11:07:51,6.73,--,5,3365,买盘
890,11:07:48,6.73,0.01,10,6730,买盘
891,11:07:36,6.72,-0.01,22,14784,卖盘
892,11:07:30,6.73,--,11,7403,买盘
893,11:07:15,6.73,--,15,10095,买盘
894,11:06:54,6.73,--,31,20863,买盘
895,11:06:45,6.73,0.01,5,3365,买盘
896,11:06:39,6.72,-0.01,200,134400,卖盘
897,11:06:30,6.73,0.01,1,673,买盘
898,11:06:21,6.72,--,175,117600,卖盘
899,11:05:57,6.72,--,22,14784,卖盘
900,11:05:54,6.72,-0.01,1,672,卖盘
901,11:05:48,6.73,0.01,4,2692,中性盘
902,11:05:39,6.72,-0.01,20,13440,卖盘
903,11:05:30,6.73,--,15,10095,中性盘
904,11:05:18,6.73,--,83,55859,买盘
905,11:05:12,6.73,--,72,48456,卖盘
906,11:05:03,6.73,--,42,28266,买盘
907,11:05:00,6.73,--,285,191805,买盘
908,11:04:42,6.73,--,173,116429,卖盘
909,11:04:39,6.73,--,14,9422,卖盘
910,11:04:24,6.73,--,4,2692,卖盘
911,11:04:21,6.73,--,3,2019,卖盘
912,11:04:12,6.73,--,125,84125,卖盘
913,11:03:33,6.73,-0.01,29,19517,卖盘
914,11:03:24,6.74,--,10,6740,买盘
915,11:02:44,6.74,--,9,6066,买盘
916,11:02:32,6.74,--,44,29656,买盘
917,11:02:29,6.74,--,7,4718,买盘
918,11:02:17,6.74,0.01,10,6740,买盘
919,11:02:11,6.73,-0.01,23,15479,卖盘
920,11:02:08,6.74,-0.01,105,70770,卖盘
921,11:02:02,6.75,0.01,34,22950,买盘
922,11:01:59,6.74,--,22,14828,卖盘
923,11:01:53,6.74,-0.01,20,13480,卖盘
924,11:01:32,6.75,0.01,4,2700,买盘
925,11:01:11,6.74,--,1,674,卖盘
926,11:01:05,6.74,-0.01,22,14828,卖盘
927,11:00:53,6.75,--,54,36450,卖盘
928,11:00:38,6.75,-0.01,22,14850,卖盘
929,11:00:05,6.76,0.01,33,22308,买盘
930,11:00:02,6.75,--,3,2025,卖盘
931,10:59:56,6.75,--,72,48600,卖盘
932,10:59:53,6.75,--,5,3375,卖盘
933,10:59:41,6.75,-0.01,23,15525,卖盘
934,10:59:23,6.76,0.01,32,21632,买盘
935,10:59:05,6.75,-0.01,22,14850,卖盘
936,10:58:56,6.76,--,67,45292,买盘
937,10:58:50,6.76,--,57,38532,买盘
938,10:58:44,6.76,0.01,200,135200,买盘
939,10:58:32,6.75,--,19,12825,卖盘
940,10:58:26,6.75,-0.01,10,6750,卖盘
941,10:58:17,6.76,--,11,7436,买盘
942,10:57:29,6.76,0.01,17,11492,买盘
943,10:57:20,6.75,--,23,15525,卖盘
944,10:57:14,6.75,-0.01,30,20250,卖盘
945,10:56:59,6.76,0.01,27,18252,买盘
946,10:56:53,6.75,--,55,37125,卖盘
947,10:56:47,6.75,-0.01,10,6750,卖盘
948,10:56:41,6.76,0.01,30,20280,买盘
949,10:56:32,6.75,-0.01,2,1350,卖盘
950,10:56:29,6.76,0.01,10,6760,买盘
951,10:56:20,6.75,--,3,2025,卖盘
952,10:56:02,6.75,--,804,542700,买盘
953,10:55:59,6.75,0.01,20,13500,买盘
954,10:55:56,6.74,-0.01,60,40440,卖盘
955,10:55:26,6.75,0.01,1,675,买盘
956,10:55:11,6.74,--,10,6740,卖盘
957,10:55:05,6.74,-0.01,47,31678,卖盘
958,10:55:02,6.75,0.01,50,33750,买盘
959,10:54:56,6.74,--,40,26960,卖盘
960,10:54:35,6.74,--,300,202200,卖盘
961,10:54:23,6.74,--,75,50550,卖盘
962,10:54:20,6.74,--,56,37744,卖盘
963,10:54:17,6.74,--,15,10110,卖盘
964,10:53:59,6.74,--,24,16176,卖盘
965,10:53:32,6.74,--,10,6740,卖盘
966,10:52:56,6.74,--,3,2022,卖盘
967,10:52:47,6.74,--,14,9436,买盘
968,10:52:38,6.74,--,8,5392,卖盘
969,10:52:35,6.74,0.01,10,6740,中性盘
970,10:52:14,6.73,-0.01,175,117775,卖盘
971,10:51:56,6.74,0.01,124,83576,买盘
972,10:51:44,6.73,-0.01,5,3365,卖盘
973,10:51:41,6.74,--,15,10110,买盘
974,10:51:32,6.74,0.01,30,20220,买盘
975,10:51:29,6.73,-0.01,24,16152,卖盘
976,10:51:26,6.74,--,20,13480,买盘
977,10:51:05,6.74,--,33,22242,卖盘
978,10:50:53,6.74,--,2,1348,卖盘
979,10:50:50,6.74,--,200,134800,卖盘
980,10:50:47,6.74,--,23,15502,卖盘
981,10:50:38,6.74,-0.01,2,1348,卖盘
982,10:50:29,6.75,--,65,43875,卖盘
983,10:50:05,6.75,--,30,20250,卖盘
984,10:49:47,6.75,--,25,16875,买盘
985,10:49:38,6.75,0.01,7,4725,买盘
986,10:49:35,6.74,--,9,6066,卖盘
987,10:49:26,6.74,-0.02,23,15502,卖盘
988,10:49:02,6.76,0.02,20,13520,买盘
989,10:48:56,6.74,--,20,13480,卖盘
990,10:48:47,6.74,--,11,7414,卖盘
991,10:48:35,6.74,-0.01,50,33700,卖盘
992,10:48:29,6.75,--,7,4725,买盘
993,10:48:14,6.75,--,14,9450,买盘
994,10:48:05,6.75,0.01,39,26325,买盘
995,10:48:02,6.74,--,32,21568,卖盘
996,10:47:56,6.74,-0.01,147,99078,卖盘
997,10:47:53,6.75,--,13,8775,买盘
998,10:47:44,6.75,--,14,9450,买盘
999,10:47:26,6.75,--,3,2025,买盘
1000,10:47:20,6.75,--,6,4050,卖盘
1001,10:47:14,6.75,-0.01,23,15525,卖盘
1002,10:47:11,6.76,0.01,39,26364,买盘
1003,10:47:08,6.75,--,10,6750,卖盘
1004,10:47:05,6.75,-0.01,20,13500,卖盘
1005,10:46:44,6.76,--,44,29744,买盘
1006,10:46:41,6.76,--,35,23660,买盘
1007,10:46:35,6.76,--,34,22984,买盘
1008,10:46:26,6.76,0.02,47,31772,买盘
1009,10:46:20,6.74,-0.02,5,3370,卖盘
1010,10:46:11,6.76,--,17,11492,买盘
1011,10:46:02,6.76,--,20,13520,买盘
1012,10:45:59,6.76,--,35,23660,买盘
1013,10:45:47,6.76,0.01,54,36504,买盘
1014,10:45:41,6.75,-0.01,78,52650,卖盘
1015,10:45:35,6.76,--,34,22984,买盘
1016,10:45:29,6.76,0.01,36,24336,买盘
1017,10:45:26,6.75,-0.01,57,38475,卖盘
1018,10:45:23,6.76,--,7,4732,买盘
1019,10:45:10,6.76,--,35,23660,买盘
1020,10:45:07,6.76,--,13,8788,买盘
1021,10:45:01,6.76,-0.01,2,1352,卖盘
1022,10:44:58,6.77,--,34,23018,买盘
1023,10:44:52,6.77,--,35,23695,买盘
1024,10:44:46,6.77,--,34,23018,买盘
1025,10:44:40,6.77,--,35,23695,买盘
1026,10:44:37,6.77,0.01,42,28434,买盘
1027,10:44:25,6.76,--,34,22984,买盘
1028,10:44:16,6.76,--,73,49348,买盘
1029,10:44:04,6.76,--,34,22984,买盘
1030,10:43:58,6.76,--,122,82472,买盘
1031,10:43:49,6.76,--,34,22984,买盘
1032,10:43:43,6.76,--,42,28392,买盘
1033,10:43:40,6.76,-0.01,97,65572,卖盘
1034,10:43:28,6.77,--,35,23695,买盘
1035,10:43:22,6.77,0.02,166,112382,买盘
1036,10:43:16,6.75,-0.02,22,14850,卖盘
1037,10:43:13,6.77,--,35,23695,买盘
1038,10:43:10,6.77,0.01,38,25726,买盘
1039,10:43:07,6.76,0.01,34,22984,买盘
1040,10:42:58,6.75,--,45,30375,卖盘
1041,10:42:55,6.75,-0.01,4,2700,卖盘
1042,10:42:49,6.76,--,56,37856,买盘
1043,10:42:37,6.76,--,21,14196,买盘
1044,10:42:28,6.76,--,26,17576,卖盘
1045,10:42:19,6.76,--,22,14872,卖盘
1046,10:42:16,6.76,0.01,17,11492,买盘
1047,10:42:10,6.75,-0.01,22,14850,卖盘
1048,10:42:04,6.76,--,20,13520,卖盘
1049,10:42:01,6.76,-0.01,10,6760,卖盘
1050,10:41:49,6.77,0.01,29,19633,中性盘
1051,10:41:10,6.76,-0.02,10,6760,卖盘
1052,10:41:07,6.78,0.02,1,678,买盘
1053,10:40:52,6.76,-0.02,10,6760,卖盘
1054,10:40:34,6.78,0.02,50,33900,买盘
1055,10:40:19,6.76,-0.02,23,15548,中性盘
1056,10:39:22,6.78,--,10,6780,买盘
1057,10:39:07,6.78,0.02,70,47460,买盘
1058,10:39:04,6.76,--,5,3380,买盘
1059,10:39:01,6.76,--,143,97073,卖盘
1060,10:38:58,6.76,--,144,97344,卖盘
1061,10:38:46,6.76,-0.02,22,14872,卖盘
1062,10:38:40,6.78,--,38,25764,买盘
1063,10:38:22,6.78,0.02,43,29154,买盘
1064,10:38:07,6.76,--,3,2028,卖盘
1065,10:38:04,6.76,-0.02,18,12168,卖盘
1066,10:38:01,6.78,--,200,135600,买盘
1067,10:37:58,6.78,--,46,31188,买盘
1068,10:37:46,6.78,--,35,23730,买盘
1069,10:37:43,6.78,--,64,43392,买盘
1070,10:37:34,6.78,--,37,25086,买盘
1071,10:37:31,6.78,--,35,23730,买盘
1072,10:37:25,6.78,--,34,23052,买盘
1073,10:37:22,6.78,--,35,23730,买盘
1074,10:37:10,6.78,--,34,23052,买盘
1075,10:37:04,6.78,0.01,35,23730,买盘
1076,10:37:01,6.77,--,19,12863,买盘
1077,10:36:58,6.77,-0.01,98,66346,卖盘
1078,10:36:55,6.78,--,4,2712,买盘
1079,10:36:52,6.78,--,35,23730,买盘
1080,10:36:46,6.78,--,77,52206,买盘
1081,10:36:43,6.78,--,35,23730,买盘
1082,10:36:40,6.78,0.01,34,23052,买盘
1083,10:36:31,6.77,-0.01,2,1354,卖盘
1084,10:36:25,6.78,--,40,27120,买盘
1085,10:36:19,6.78,0.01,34,23052,买盘
1086,10:36:16,6.77,--,317,214609,买盘
1087,10:36:13,6.77,0.01,15,10155,买盘
1088,10:35:49,6.76,-0.01,50,33800,卖盘
1089,10:35:28,6.77,--,15,10155,买盘
1090,10:35:25,6.77,--,5,3385,买盘
1091,10:35:16,6.77,--,9,6093,买盘
1092,10:35:13,6.77,0.01,10,6770,买盘
1093,10:35:10,6.76,--,1,676,卖盘
1094,10:34:52,6.76,-0.01,1,676,卖盘
1095,10:34:37,6.77,-0.01,185,125244,卖盘
1096,10:34:13,6.78,0.01,38,25764,买盘
1097,10:34:10,6.77,-0.01,22,14893,卖盘
1098,10:34:07,6.78,--,223,151194,卖盘
1099,10:34:04,6.78,--,2,1356,卖盘
1100,10:34:01,6.78,-0.01,13,8814,卖盘
1101,10:33:52,6.79,0.01,5,3395,买盘
1102,10:33:49,6.78,--,2,1356,卖盘
1103,10:33:43,6.78,--,10,6780,卖盘
1104,10:33:34,6.78,--,22,14916,卖盘
1105,10:33:31,6.78,-0.01,1,678,卖盘
1106,10:33:10,6.79,--,6,4074,买盘
1107,10:33:07,6.79,0.01,35,23765,买盘
1108,10:33:04,6.78,-0.01,10,6780,卖盘
1109,10:33:01,6.79,--,39,26481,买盘
1110,10:32:52,6.79,--,77,52283,买盘
1111,10:32:49,6.79,--,30,20370,买盘
1112,10:32:43,6.79,0.01,36,24444,买盘
1113,10:32:28,6.78,-0.01,8,5424,卖盘
1114,10:32:22,6.79,0.01,42,28518,买盘
1115,10:32:13,6.78,--,5,3390,卖盘
1116,10:32:10,6.78,-0.01,10,6780,卖盘
1117,10:32:01,6.79,0.01,14,9506,买盘
1118,10:31:55,6.78,-0.01,2,1356,卖盘
1119,10:31:43,6.79,0.01,20,13580,买盘
1120,10:31:34,6.78,-0.01,3,2034,卖盘
1121,10:31:22,6.79,0.01,5,3395,买盘
1122,10:31:04,6.78,--,8,5424,买盘
1123,10:31:01,6.78,--,128,86784,买盘
1124,10:30:46,6.78,--,16,10848,买盘
1125,10:30:43,6.78,0.01,1,678,买盘
1126,10:30:37,6.77,--,5,3385,卖盘
1127,10:30:19,6.77,-0.01,33,22341,卖盘
1128,10:30:16,6.78,0.01,9,6102,买盘
1129,10:30:10,6.77,--,4,2708,卖盘
1130,10:30:01,6.77,--,12,8123,卖盘
1131,10:29:58,6.77,--,233,157741,卖盘
1132,10:29:25,6.77,0.01,193,130660,买盘
1133,10:29:22,6.76,--,96,64896,卖盘
1134,10:29:19,6.76,--,42,28392,卖盘
1135,10:29:10,6.76,-0.01,5,3380,卖盘
1136,10:29:07,6.77,0.01,9,6093,买盘
1137,10:29:01,6.76,-0.01,85,57730,卖盘
1138,10:28:58,6.77,0.01,3,2030,买盘
1139,10:28:46,6.76,-0.01,90,60840,卖盘
1140,10:28:43,6.77,--,10,6770,买盘
1141,10:28:28,6.77,--,500,338500,买盘
1142,10:28:16,6.77,0.01,9,6093,买盘
1143,10:28:13,6.76,0.01,229,154804,买盘
1144,10:28:04,6.75,--,100,67500,卖盘
1145,10:27:55,6.75,-0.01,50,33750,卖盘
1146,10:27:37,6.76,-0.01,49,33124,卖盘
1147,10:27:34,6.77,0.01,107,72439,买盘
1148,10:27:31,6.76,-0.01,22,14872,卖盘
1149,10:27:28,6.77,0.01,1,677,买盘
1150,10:27:25,6.76,-0.01,5,3380,卖盘
1151,10:27:22,6.77,--,85,57545,买盘
1152,10:27:13,6.77,--,35,23695,买盘
1153,10:27:04,6.77,0.01,34,23018,买盘
1154,10:26:55,6.76,-0.01,20,13520,卖盘
1155,10:26:49,6.77,--,54,36558,买盘
1156,10:26:43,6.77,0.01,34,23018,买盘
1157,10:26:40,6.76,0.01,27,18252,买盘
1158,10:26:31,6.75,0.01,122,82350,卖盘
1159,10:26:19,6.74,--,132,88968,卖盘
1160,10:26:03,6.74,-0.02,23,15502,卖盘
1161,10:25:57,6.76,0.02,26,17576,中性盘
1162,10:25:33,6.74,-0.03,697,469778,卖盘
1163,10:25:30,6.77,0.01,18,12186,买盘
1164,10:25:27,6.76,--,100,67600,卖盘
1165,10:25:24,6.76,--,10,6760,卖盘
1166,10:25:12,6.76,--,10,6760,卖盘
1167,10:25:09,6.76,-0.01,18,12168,卖盘
1168,10:24:45,6.77,--,46,31141,买盘
1169,10:24:42,6.77,0.01,9,6093,买盘
1170,10:24:27,6.76,--,19,13276,买盘
1171,10:24:24,6.76,0.01,187,126412,买盘
1172,10:24:15,6.75,-0.01,5,3375,中性盘
1173,10:24:09,6.76,0.02,9,6084,买盘
1174,10:24:00,6.74,-0.02,6,4044,卖盘
1175,10:23:51,6.76,0.01,81,54756,买盘
1176,10:23:48,6.75,0.01,9,6075,买盘
1177,10:23:39,6.74,-0.01,5,3370,卖盘
1178,10:23:33,6.75,0.01,30,20250,买盘
1179,10:23:21,6.74,-0.02,61,41114,卖盘
1180,10:23:12,6.76,0.01,62,41912,买盘
1181,10:23:06,6.75,-0.01,6,4050,中性盘
1182,10:23:00,6.76,0.02,12,8112,买盘
1183,10:22:57,6.74,-0.02,23,15502,卖盘
1184,10:22:54,6.76,0.02,35,23660,买盘
1185,10:22:51,6.74,-0.01,300,202200,卖盘
1186,10:22:48,6.75,-0.01,26,17550,卖盘
1187,10:22:45,6.76,--,45,30420,买盘
1188,10:22:42,6.76,--,34,22984,买盘
1189,10:22:33,6.76,--,46,31096,买盘
1190,10:22:27,6.76,0.02,34,22984,买盘
1191,10:22:24,6.74,--,50,33700,卖盘
1192,10:22:18,6.74,-0.01,43,28982,卖盘
1193,10:22:15,6.75,--,92,62100,买盘
1194,10:22:06,6.75,--,34,22950,买盘
1195,10:22:00,6.75,--,35,23625,买盘
1196,10:21:57,6.75,-0.01,55,37125,卖盘
1197,10:21:54,6.76,--,34,22984,买盘
1198,10:21:51,6.76,0.01,34,22984,买盘
1199,10:21:48,6.75,-0.01,50,33750,卖盘
1200,10:21:45,6.76,--,10,6760,买盘
1201,10:21:39,6.76,0.01,35,23660,买盘
1202,10:21:36,6.75,--,13,8775,卖盘
1203,10:21:33,6.75,-0.01,5,3375,卖盘
1204,10:21:30,6.76,0.01,34,22984,买盘
1205,10:21:24,6.75,-0.01,40,27000,卖盘
1206,10:21:21,6.76,--,35,23660,买盘
1207,10:21:18,6.76,0.01,9,6084,买盘
1208,10:21:15,6.75,--,144,97200,卖盘
1209,10:21:09,6.75,-0.01,100,67500,卖盘
1210,10:21:00,6.76,0.01,69,46644,买盘
1211,10:20:54,6.75,-0.01,43,29025,卖盘
1212,10:20:51,6.76,--,35,23660,买盘
1213,10:20:48,6.76,0.01,34,22984,买盘
1214,10:20:45,6.75,-0.01,5,3375,卖盘
1215,10:20:42,6.76,--,43,29068,买盘
1216,10:20:36,6.76,--,35,23660,买盘
1217,10:20:33,6.76,0.01,9,6084,买盘
1218,10:20:30,6.75,-0.01,11,7425,卖盘
1219,10:20:27,6.76,--,134,90584,买盘
1220,10:20:21,6.76,--,35,23660,买盘
1221,10:20:18,6.76,0.01,34,22984,买盘
1222,10:20:12,6.75,-0.01,2,1350,卖盘
1223,10:20:09,6.76,0.01,35,23660,买盘
1224,10:20:00,6.75,-0.01,23,15525,卖盘
1225,10:19:51,6.76,--,41,27716,买盘
1226,10:19:48,6.76,--,34,22984,买盘
1227,10:19:42,6.76,--,128,86528,买盘
1228,10:19:33,6.76,--,9,6084,买盘
1229,10:19:30,6.76,0.01,10,6760,买盘
1230,10:19:21,6.75,-0.01,8,5400,卖盘
1231,10:19:18,6.76,--,67,45292,买盘
1232,10:18:57,6.76,--,50,33800,买盘
1233,10:18:45,6.76,--,20,13520,买盘
1234,10:18:39,6.76,--,29,19604,买盘
1235,10:18:36,6.76,--,9,6084,买盘
1236,10:18:30,6.76,0.02,20,13520,买盘
1237,10:18:24,6.74,-0.02,4,2696,中性盘
1238,10:18:12,6.76,0.03,104,70304,买盘
1239,10:18:06,6.73,-0.03,5,3365,卖盘
1240,10:18:03,6.76,--,34,22984,买盘
1241,10:17:54,6.76,0.01,58,39208,买盘
1242,10:17:51,6.75,0.02,34,22950,买盘
1243,10:17:42,6.73,--,30,20190,卖盘
1244,10:17:39,6.73,--,37,24901,卖盘
1245,10:17:36,6.73,-0.02,6,4038,卖盘
1246,10:17:33,6.75,--,34,22950,买盘
1247,10:17:30,6.75,--,73,49275,买盘
1248,10:17:27,6.75,--,30,20250,买盘
1249,10:17:21,6.75,--,35,23625,买盘
1250,10:17:18,6.75,--,34,22950,买盘
1251,10:17:12,6.75,--,45,30375,买盘
1252,10:17:09,6.75,--,15,10125,买盘
1253,10:17:06,6.75,--,34,22950,买盘
1254,10:17:03,6.75,--,6,4050,买盘
1255,10:17:00,6.75,0.01,9,6075,买盘
1256,10:16:57,6.74,-0.01,10,6740,卖盘
1257,10:16:51,6.75,--,14,9450,买盘
1258,10:16:42,6.75,--,9,6075,买盘
1259,10:16:36,6.75,0.02,128,86400,买盘
1260,10:16:30,6.73,-0.01,126,84798,卖盘
1261,10:16:18,6.74,0.01,9,6066,买盘
1262,10:15:57,6.73,-0.02,22,14806,卖盘
1263,10:15:54,6.75,0.01,9,6075,买盘
1264,10:15:51,6.74,-0.01,52,35048,卖盘
1265,10:15:42,6.75,0.01,10,6750,买盘
1266,10:15:39,6.74,--,10,6740,卖盘
1267,10:15:36,6.74,--,10,6740,卖盘
1268,10:15:27,6.74,--,20,13480,卖盘
1269,10:15:18,6.74,-0.01,10,6740,卖盘
1270,10:15:15,6.75,--,30,20250,买盘
1271,10:15:12,6.75,0.01,43,29025,买盘
1272,10:15:09,6.74,--,100,67400,卖盘
1273,10:15:03,6.74,-0.01,2,1348,卖盘
1274,10:15:00,6.75,0.01,3,2025,买盘
1275,10:14:57,6.74,--,492,331608,卖盘
1276,10:14:48,6.74,-0.01,20,13480,卖盘
1277,10:14:45,6.75,--,9,6075,买盘
1278,10:14:42,6.75,0.01,15,10125,买盘
1279,10:14:39,6.74,--,30,20220,卖盘
1280,10:14:27,6.74,--,22,14828,卖盘
1281,10:14:18,6.74,-0.01,15,10110,卖盘
1282,10:14:03,6.75,--,10,6750,买盘
1283,10:14:00,6.75,--,10,6750,买盘
1284,10:13:54,6.75,--,428,288900,买盘
1285,10:13:51,6.75,--,128,86400,买盘
1286,10:13:36,6.75,0.01,40,27000,买盘
1287,10:13:30,6.74,--,294,198156,买盘
1288,10:13:21,6.74,-0.01,252,169848,卖盘
1289,10:13:18,6.75,--,18,12150,买盘
1290,10:13:15,6.75,--,20,13500,买盘
1291,10:13:09,6.75,0.01,18,12150,买盘
1292,10:13:03,6.74,--,114,77078,卖盘
1293,10:12:54,6.74,-0.01,10,6740,卖盘
1294,10:12:42,6.75,0.01,130,87750,买盘
1295,10:12:36,6.74,0.02,84,57047,买盘
1296,10:12:33,6.72,-0.01,23,15456,卖盘
1297,10:12:27,6.73,--,18,12114,买盘
1298,10:12:21,6.73,--,468,314964,卖盘
1299,10:12:12,6.73,-0.01,10,6730,卖盘
1300,10:12:09,6.74,0.02,45,30330,买盘
1301,10:11:39,6.72,-0.02,300,201600,卖盘
1302,10:11:33,6.74,0.01,14,9436,买盘
1303,10:11:15,6.73,-0.01,50,33650,卖盘
1304,10:11:12,6.74,--,18,12132,买盘
1305,10:11:09,6.74,--,38,25612,买盘
1306,10:11:06,6.74,--,9,6066,买盘
1307,10:11:03,6.74,--,24,16176,买盘
1308,10:10:39,6.74,--,9,6066,买盘
1309,10:10:36,6.74,0.01,44,29656,买盘
1310,10:10:21,6.73,-0.01,39,26247,卖盘
1311,10:10:15,6.74,--,18,12132,买盘
1312,10:10:12,6.74,--,34,22916,买盘
1313,10:10:06,6.74,0.01,43,28982,买盘
1314,10:09:54,6.73,--,115,77395,卖盘
1315,10:09:45,6.73,-0.01,23,15479,卖盘
1316,10:09:39,6.74,--,31,20894,买盘
1317,10:09:30,6.74,--,73,49202,买盘
1318,10:09:27,6.74,--,18,12132,买盘
1319,10:09:15,6.74,0.01,65,43810,买盘
1320,10:09:12,6.73,--,46,30958,买盘
1321,10:09:09,6.73,--,8,5384,买盘
1322,10:09:03,6.73,--,20,13460,买盘
1323,10:08:33,6.73,--,14,9422,买盘
1324,10:08:21,6.73,--,35,23555,买盘
1325,10:08:15,6.73,--,34,22882,买盘
1326,10:08:12,6.73,--,35,23555,买盘
1327,10:08:09,6.73,--,34,22882,买盘
1328,10:08:00,6.73,--,34,22882,买盘
1329,10:07:57,6.73,--,35,23555,买盘
1330,10:07:48,6.73,--,34,22882,买盘
1331,10:07:39,6.73,0.02,35,23555,买盘
1332,10:07:36,6.71,-0.02,1,671,卖盘
1333,10:07:27,6.73,--,50,33650,买盘
1334,10:07:24,6.73,--,35,23555,买盘
1335,10:07:12,6.73,--,34,22882,买盘
1336,10:07:09,6.73,--,35,23555,买盘
1337,10:07:00,6.73,--,34,22882,买盘
1338,10:06:57,6.73,0.02,235,158155,买盘
1339,10:06:48,6.71,-0.02,139,93510,卖盘
1340,10:06:42,6.73,--,34,22882,买盘
1341,10:06:39,6.73,0.01,30,20190,买盘
1342,10:06:35,6.72,-0.01,60,40320,卖盘
1343,10:06:29,6.73,--,35,23555,买盘
1344,10:06:17,6.73,0.01,34,22882,买盘
1345,10:06:14,6.72,--,10,6720,卖盘
1346,10:06:05,6.72,--,18,12096,卖盘
1347,10:05:59,6.72,--,14,9408,卖盘
1348,10:05:50,6.72,-0.01,34,22848,卖盘
1349,10:05:41,6.73,0.01,32,21536,买盘
1350,10:05:38,6.72,--,200,134400,卖盘
1351,10:05:23,6.72,--,73,49056,卖盘
1352,10:05:02,6.72,-0.01,3,2016,卖盘
1353,10:04:56,6.73,0.01,87,58551,买盘
1354,10:04:50,6.72,-0.01,5,3360,卖盘
1355,10:04:38,6.73,0.01,53,35669,买盘
1356,10:04:35,6.72,-0.01,2,1344,卖盘
1357,10:04:17,6.73,0.01,25,16825,买盘
1358,10:04:05,6.72,-0.01,22,14784,卖盘
1359,10:03:56,6.73,0.01,67,45091,中性盘
1360,10:03:44,6.72,--,22,14784,卖盘
1361,10:03:41,6.72,-0.02,132,88704,卖盘
1362,10:03:38,6.74,--,2,1348,买盘
1363,10:03:29,6.74,--,35,23590,买盘
1364,10:03:23,6.74,--,35,23590,买盘
1365,10:03:17,6.74,--,34,22916,买盘
1366,10:03:14,6.74,0.02,10,6740,买盘
1367,10:03:11,6.72,-0.01,407,273504,卖盘
1368,10:03:08,6.73,-0.01,35,23555,中性盘
1369,10:03:02,6.74,--,77,51898,买盘
1370,10:02:47,6.74,--,57,38418,买盘
1371,10:02:41,6.74,0.02,35,23590,买盘
1372,10:02:38,6.72,-0.02,100,67200,卖盘
1373,10:02:29,6.74,0.01,35,23590,买盘
1374,10:02:26,6.73,0.01,2,1346,买盘
1375,10:02:20,6.72,-0.02,50,33600,卖盘
1376,10:02:17,6.74,0.01,155,104470,买盘
1377,10:02:14,6.73,--,125,84125,卖盘
1378,10:02:08,6.73,-0.01,10,6730,卖盘
1379,10:02:05,6.74,--,34,22916,买盘
1380,10:01:59,6.74,--,99,66726,买盘
1381,10:01:53,6.74,0.02,35,23590,买盘
1382,10:01:41,6.72,--,52,34944,卖盘
1383,10:01:38,6.72,-0.01,57,38304,卖盘
1384,10:01:29,6.73,0.01,40,26920,买盘
1385,10:01:20,6.72,--,64,43008,卖盘
1386,10:01:17,6.72,-0.01,27,18144,卖盘
1387,10:01:14,6.73,0.01,10,6730,买盘
1388,10:01:11,6.72,-0.01,20,13440,卖盘
1389,10:01:05,6.73,0.01,35,23555,买盘
1390,10:01:02,6.72,-0.01,18,12096,卖盘
1391,10:00:56,6.73,--,17,11441,买盘
1392,10:00:53,6.73,0.01,34,22882,买盘
1393,10:00:47,6.72,--,10,6720,卖盘
1394,10:00:32,6.72,--,7,4704,卖盘
1395,10:00:29,6.72,--,1,672,卖盘
1396,10:00:05,6.72,--,1,672,卖盘
1397,09:59:41,6.72,-0.01,19,12768,卖盘
1398,09:59:08,6.73,--,6,4038,买盘
1399,09:59:05,6.73,--,34,22882,买盘
1400,09:58:35,6.73,0.01,58,39034,买盘
1401,09:58:32,6.72,-0.01,8,5376,卖盘
1402,09:58:23,6.73,--,34,22882,买盘
1403,09:58:11,6.73,0.01,46,30958,买盘
1404,09:58:08,6.72,--,15,10510,买盘
1405,09:57:56,6.72,-0.01,61,41233,卖盘
1406,09:57:53,6.73,0.01,34,22882,买盘
1407,09:57:47,6.72,-0.01,104,69888,卖盘
1408,09:57:35,6.73,--,35,23555,买盘
1409,09:57:29,6.73,0.01,100,67300,买盘
1410,09:57:20,6.72,--,48,32256,卖盘
1411,09:57:14,6.72,--,9,6048,卖盘
1412,09:57:08,6.72,-0.01,10,6720,卖盘
1413,09:57:05,6.73,0.01,35,23555,买盘
1414,09:56:59,6.72,--,16,10752,卖盘
1415,09:56:50,6.72,-0.02,22,14784,卖盘
1416,09:56:47,6.74,--,35,23590,买盘
1417,09:56:44,6.74,0.02,352,237248,买盘
1418,09:56:38,6.72,-0.02,10,6720,卖盘
1419,09:56:35,6.74,0.01,80,54351,买盘
1420,09:56:32,6.73,-0.01,4,2692,卖盘
1421,09:56:29,6.74,0.02,28,18872,买盘
1422,09:56:26,6.72,--,23,15456,卖盘
1423,09:56:23,6.72,-0.01,134,90048,卖盘
1424,09:56:20,6.73,-0.01,18,12114,卖盘
1425,09:56:11,6.74,--,35,23590,买盘
1426,09:56:05,6.74,--,27,18198,买盘
1427,09:55:59,6.74,--,27,18198,买盘
1428,09:55:56,6.74,--,61,41114,买盘
1429,09:55:47,6.74,0.02,35,23590,买盘
1430,09:55:41,6.72,--,8,5376,卖盘
1431,09:55:38,6.72,--,18,12096,卖盘
1432,09:55:35,6.72,-0.01,56,37632,卖盘
1433,09:55:32,6.73,--,103,69319,卖盘
1434,09:55:23,6.73,-0.01,14,9422,卖盘
1435,09:55:14,6.74,--,30,20220,买盘
1436,09:55:08,6.74,--,9,6066,买盘
1437,09:54:59,6.74,--,38,25612,买盘
1438,09:54:44,6.74,--,8,5392,卖盘
1439,09:54:38,6.74,-0.01,50,33700,中性盘
1440,09:54:26,6.75,0.01,14,9450,买盘
1441,09:54:20,6.74,--,25,16850,卖盘
1442,09:54:11,6.74,--,100,67400,卖盘
1443,09:54:02,6.74,--,10,6740,卖盘
1444,09:53:59,6.74,--,250,168500,卖盘
1445,09:53:56,6.74,-0.01,10,6740,卖盘
1446,09:53:53,6.75,0.01,85,57375,买盘
1447,09:53:50,6.74,--,74,49876,买盘
1448,09:53:44,6.74,0.01,50,33700,买盘
1449,09:53:41,6.73,--,2,1346,卖盘
1450,09:53:29,6.73,--,34,22882,卖盘
1451,09:53:20,6.73,-0.01,10,6730,卖盘
1452,09:53:14,6.74,0.01,125,84250,买盘
1453,09:53:11,6.73,--,10,6730,卖盘
1454,09:53:08,6.73,--,20,13460,卖盘
1455,09:53:05,6.73,--,45,30285,卖盘
1456,09:52:44,6.73,0.01,202,135946,买盘
1457,09:52:29,6.72,-0.01,40,26880,卖盘
1458,09:52:17,6.73,0.01,7,4711,买盘
1459,09:51:59,6.72,--,15,10080,卖盘
1460,09:51:56,6.72,--,50,33600,卖盘
1461,09:51:26,6.72,0.01,81,54432,买盘
1462,09:51:20,6.71,-0.01,95,63745,卖盘
1463,09:51:17,6.72,--,370,248640,买盘
1464,09:51:14,6.72,--,200,134400,买盘
1465,09:51:11,6.72,--,47,31584,买盘
1466,09:51:08,6.72,0.01,27,18144,买盘
1467,09:51:05,6.71,--,1,671,卖盘
1468,09:51:02,6.71,--,110,73810,卖盘
1469,09:50:59,6.71,--,30,20130,卖盘
1470,09:50:56,6.71,--,93,62403,卖盘
1471,09:50:53,6.71,--,50,33550,卖盘
1472,09:50:50,6.71,--,10,6710,卖盘
1473,09:50:41,6.71,-0.01,15,10065,卖盘
1474,09:50:38,6.72,0.01,10,6720,买盘
1475,09:50:35,6.71,-0.01,11,7381,卖盘
1476,09:50:32,6.72,0.01,5,3360,买盘
1477,09:50:29,6.71,--,7,4697,卖盘
1478,09:50:11,6.71,-0.01,30,20130,卖盘
1479,09:50:05,6.72,--,8,5376,买盘
1480,09:50:02,6.72,--,136,91392,买盘
1481,09:49:50,6.72,-0.01,194,130368,卖盘
1482,09:49:47,6.73,0.01,44,29612,买盘
1483,09:49:35,6.72,--,96,64512,买盘
1484,09:49:23,6.72,--,34,22848,买盘
1485,09:48:56,6.72,0.01,75,50400,中性盘
1486,09:48:41,6.71,-0.02,23,15433,卖盘
1487,09:48:38,6.73,0.01,62,41726,买盘
1488,09:48:35,6.72,--,10,6720,卖盘
1489,09:48:29,6.72,--,2,1344,卖盘
1490,09:48:26,6.72,0.01,6,4032,买盘
1491,09:48:17,6.71,-0.01,20,13420,卖盘
1492,09:48:14,6.72,0.01,32,21504,买盘
1493,09:48:11,6.71,-0.02,2,1342,卖盘
1494,09:47:59,6.73,0.02,113,76318,买盘
1495,09:47:47,6.71,0.01,117,78775,买盘
1496,09:47:26,6.7,-0.01,22,14740,卖盘
1497,09:47:08,6.71,--,77,51667,买盘
1498,09:46:52,6.71,--,11,7381,买盘
1499,09:46:46,6.71,--,3,2013,买盘
1500,09:46:43,6.71,--,59,39589,买盘
1501,09:46:40,6.71,--,97,65087,买盘
1502,09:46:31,6.71,--,10,6710,买盘
1503,09:46:10,6.71,0.01,27,18117,买盘
1504,09:46:07,6.7,--,100,67000,买盘
1505,09:46:01,6.7,--,10,6700,买盘
1506,09:45:55,6.7,0.01,135,90450,买盘
1507,09:45:52,6.69,-0.01,44,29436,卖盘
1508,09:45:37,6.7,0.01,57,38190,买盘
1509,09:45:28,6.69,--,1,669,卖盘
1510,09:45:07,6.69,--,22,14718,卖盘
1511,09:45:04,6.69,--,5,3345,卖盘
1512,09:44:49,6.69,--,5,3345,卖盘
1513,09:44:46,6.69,0.01,1,669,买盘
1514,09:44:43,6.68,--,9,6012,卖盘
1515,09:44:22,6.68,--,10,6680,卖盘
1516,09:44:10,6.68,--,120,80160,卖盘
1517,09:44:04,6.68,--,100,66800,卖盘
1518,09:43:58,6.68,--,1,668,卖盘
1519,09:43:52,6.68,--,79,52772,买盘
1520,09:43:49,6.68,--,120,80160,卖盘
1521,09:43:40,6.68,--,2,1336,卖盘
1522,09:43:28,6.68,--,3,2004,买盘
1523,09:43:25,6.68,--,18,12024,卖盘
1524,09:43:22,6.68,--,57,38076,卖盘
1525,09:43:19,6.68,-0.02,52,34736,卖盘
1526,09:43:13,6.7,--,9,6030,卖盘
1527,09:43:07,6.7,--,120,80400,卖盘
1528,09:43:04,6.7,-0.01,50,33500,卖盘
1529,09:42:49,6.71,--,208,139568,卖盘
1530,09:42:46,6.71,--,505,338855,卖盘
1531,09:42:43,6.71,--,10,6710,卖盘
1532,09:42:37,6.71,--,39,26169,卖盘
1533,09:42:34,6.71,-0.01,25,16775,卖盘
1534,09:42:31,6.72,0.01,230,154560,买盘
1535,09:42:19,6.71,-0.02,2,1342,卖盘
1536,09:42:07,6.73,0.02,90,60570,买盘
1537,09:41:52,6.71,-0.02,1,671,卖盘
1538,09:41:43,6.73,0.01,52,34996,买盘
1539,09:41:37,6.72,--,7,4704,卖盘
1540,09:41:31,6.72,--,53,35616,卖盘
1541,09:41:19,6.72,--,8,5376,卖盘
1542,09:41:01,6.72,--,5,3360,卖盘
1543,09:40:58,6.72,--,10,6720,卖盘
1544,09:40:55,6.72,-0.01,27,18144,卖盘
1545,09:40:52,6.73,--,66,44418,买盘
1546,09:40:46,6.73,0.01,30,20190,买盘
1547,09:40:40,6.72,-0.01,40,26880,卖盘
1548,09:40:31,6.73,--,20,13460,买盘
1549,09:40:25,6.73,-0.01,184,123832,卖盘
1550,09:40:13,6.74,0.01,18,12132,买盘
1551,09:40:10,6.73,--,36,24228,卖盘
1552,09:39:58,6.73,0.01,128,86144,买盘
1553,09:39:55,6.72,-0.01,68,45696,卖盘
1554,09:39:49,6.73,--,20,13460,买盘
1555,09:39:46,6.73,0.01,39,26247,买盘
1556,09:39:43,6.72,-0.01,3,2016,卖盘
1557,09:39:37,6.73,0.01,52,34996,买盘
1558,09:39:31,6.72,--,3,2016,卖盘
1559,09:39:28,6.72,--,3,2016,卖盘
1560,09:39:19,6.72,--,23,15456,卖盘
1561,09:39:13,6.72,--,5,3360,买盘
1562,09:39:10,6.72,0.01,35,23520,买盘
1563,09:39:07,6.71,--,300,201300,卖盘
1564,09:39:01,6.71,--,9,6039,卖盘
1565,09:38:58,6.71,--,20,13420,卖盘
1566,09:38:46,6.71,-0.02,25,16775,卖盘
1567,09:38:43,6.73,0.02,4,2692,买盘
1568,09:38:37,6.71,-0.01,50,33550,卖盘
1569,09:38:28,6.72,-0.01,7,4704,卖盘
1570,09:38:25,6.73,0.01,8,5384,买盘
1571,09:38:19,6.72,--,1,672,买盘
1572,09:38:16,6.72,0.01,17,11424,中性盘
1573,09:38:07,6.71,-0.01,18,12078,卖盘
1574,09:38:04,6.72,-0.01,81,54432,卖盘
1575,09:38:01,6.73,0.01,5,3365,买盘
1576,09:37:55,6.72,--,200,134400,卖盘
1577,09:37:52,6.72,-0.01,10,6720,卖盘
1578,09:37:37,6.73,0.01,10,6730,买盘
1579,09:37:34,6.72,--,122,81984,卖盘
1580,09:37:31,6.72,-0.01,22,14784,卖盘
1581,09:37:28,6.73,0.01,10,6730,买盘
1582,09:37:25,6.72,--,8,5376,卖盘
1583,09:37:16,6.72,-0.02,22,14784,卖盘
1584,09:37:13,6.74,0.02,22,14828,买盘
1585,09:37:10,6.72,-0.02,114,76608,卖盘
1586,09:37:07,6.74,0.02,35,23590,买盘
1587,09:37:04,6.72,-0.01,70,47040,卖盘
1588,09:37:01,6.73,--,7,4711,卖盘
1589,09:36:55,6.73,--,150,100950,卖盘
1590,09:36:52,6.73,-0.01,125,84125,卖盘
1591,09:36:49,6.74,--,15,10110,买盘
1592,09:36:46,6.74,--,80,53920,买盘
1593,09:36:34,6.74,-0.01,300,202200,卖盘
1594,09:36:25,6.75,--,108,72900,买盘
1595,09:36:22,6.75,--,8,5400,买盘
1596,09:36:19,6.75,--,10,6750,买盘
1597,09:36:13,6.75,0.01,31,20925,买盘
1598,09:36:10,6.74,-0.01,29,19546,卖盘
1599,09:36:01,6.75,--,20,13500,中性盘
1600,09:35:52,6.75,--,19,12825,卖盘
1601,09:35:46,6.75,0.01,96,64800,买盘
1602,09:35:43,6.74,-0.01,50,33700,卖盘
1603,09:35:28,6.75,--,5,3375,买盘
1604,09:35:25,6.75,0.01,229,154575,买盘
1605,09:35:16,6.74,-0.01,69,46506,卖盘
1606,09:35:07,6.75,--,10,6750,买盘
1607,09:34:58,6.75,--,40,27000,买盘
1608,09:34:55,6.75,0.01,100,67500,买盘
1609,09:34:52,6.74,--,30,20220,买盘
1610,09:34:40,6.74,0.01,38,25612,买盘
1611,09:34:37,6.73,--,1,673,卖盘
1612,09:34:34,6.73,--,10,6730,卖盘
1613,09:34:31,6.73,-0.01,10,6730,卖盘
1614,09:34:28,6.74,0.01,203,136822,买盘
1615,09:34:25,6.73,0.01,20,13460,买盘
1616,09:34:19,6.72,--,27,18144,卖盘
1617,09:34:16,6.72,--,2,1344,卖盘
1618,09:34:13,6.72,-0.01,20,13440,卖盘
1619,09:34:10,6.73,0.02,73,49129,买盘
1620,09:34:07,6.71,-0.01,126,84546,卖盘
1621,09:34:04,6.72,--,40,26880,买盘
1622,09:34:01,6.72,--,58,38976,买盘
1623,09:33:58,6.72,--,55,36960,买盘
1624,09:33:46,6.72,0.01,18,12096,买盘
1625,09:33:43,6.71,--,27,18117,卖盘
1626,09:33:40,6.71,-0.01,15,10065,卖盘
1627,09:33:37,6.72,0.02,98,65856,买盘
1628,09:33:31,6.7,--,211,141370,卖盘
1629,09:33:28,6.7,--,76,50920,卖盘
1630,09:33:13,6.7,--,84,56280,卖盘
1631,09:33:04,6.7,-0.01,50,33500,中性盘
1632,09:32:52,6.71,--,72,48312,买盘
1633,09:32:49,6.71,0.02,36,24156,买盘
1634,09:32:46,6.69,-0.01,22,14718,卖盘
1635,09:32:43,6.7,-0.02,10,6700,买盘
1636,09:32:37,6.72,0.02,66,44352,买盘
1637,09:32:31,6.7,-0.02,10,6700,中性盘
1638,09:32:25,6.72,0.03,114,76608,买盘
1639,09:32:22,6.69,-0.01,274,183306,卖盘
1640,09:32:19,6.7,0.01,10,6700,买盘
1641,09:32:07,6.69,-0.03,8,5352,卖盘
1642,09:32:04,6.72,0.01,309,207648,买盘
1643,09:31:58,6.71,0.02,18,12078,中性盘
1644,09:31:46,6.69,--,450,301050,卖盘
1645,09:31:34,6.69,-0.03,100,66900,卖盘
1646,09:31:28,6.72,--,689,463008,买盘
1647,09:31:19,6.72,--,44,29568,买盘
1648,09:31:13,6.72,--,99,66528,买盘
1649,09:31:10,6.72,--,18,12096,买盘
1650,09:31:07,6.72,--,2,1344,买盘
1651,09:31:04,6.72,--,2,1344,买盘
1652,09:30:58,6.72,-0.01,79,53088,卖盘
1653,09:30:52,6.73,--,211,142003,买盘
1654,09:30:46,6.73,--,2,1346,卖盘
1655,09:30:43,6.73,0.01,54,36342,中性盘
1656,09:30:37,6.72,-0.01,5,3360,卖盘
1657,09:30:34,6.73,--,50,33650,卖盘
1658,09:30:31,6.73,0.01,48,32304,买盘
1659,09:30:25,6.72,--,131,88032,买盘
1660,09:30:10,6.72,--,41,27552,买盘
1661,09:30:07,6.72,0.04,314,211008,买盘
1662,09:25:51,6.68,--,0,0,卖盘
1663,09:25:00,6.68,6.68,215,143620,买盘
