,time,price,change,volume,amount,type
0,15:00:21,8.83,0.01,8858,7821614,卖盘
1,14:58:05,8.82,--,0,0,买盘
2,14:57:02,8.82,--,100,88200,卖盘
3,14:56:59,8.82,--,252,223110,卖盘
4,14:56:56,8.82,--,85,75005,卖盘
5,14:56:53,8.82,-0.01,165,145565,卖盘
6,14:56:50,8.83,--,168,148344,买盘
7,14:56:47,8.83,0.01,64,56512,买盘
8,14:56:44,8.82,-0.01,81,72253,卖盘
9,14:56:41,8.83,0.01,32,28256,买盘
10,14:56:38,8.82,-0.01,42,37114,卖盘
11,14:56:35,8.83,--,20,18507,买盘
12,14:56:32,8.83,0.02,7,6216,买盘
13,14:56:29,8.81,-0.03,204,180569,卖盘
14,14:56:26,8.84,0.01,36,32672,买盘
15,14:56:23,8.83,0.01,50,44220,买盘
16,14:56:20,8.82,-0.02,96,85518,中性盘
17,14:56:17,8.84,0.01,80,70720,买盘
18,14:56:14,8.83,--,64,57359,买盘
19,14:56:11,8.83,--,42,37156,买盘
20,14:56:08,8.83,-0.01,124,110339,卖盘
21,14:56:05,8.84,--,3812,3369808,卖盘
22,14:56:02,8.84,0.01,128,113152,中性盘
23,14:55:56,8.83,-0.02,56,50295,卖盘
24,14:55:53,8.85,0.01,328,290280,买盘
25,14:55:50,8.84,--,147,129983,买盘
26,14:55:47,8.84,0.01,44,38896,买盘
27,14:55:44,8.83,--,116,102428,卖盘
28,14:55:41,8.83,-0.01,138,121854,卖盘
29,14:55:38,8.84,--,120,106080,买盘
30,14:55:35,8.84,0.01,109,96391,买盘
31,14:55:32,8.83,-0.01,150,132450,卖盘
32,14:55:29,8.84,0.01,98,87480,买盘
33,14:55:26,8.83,-0.01,154,135982,卖盘
34,14:55:20,8.84,--,164,144976,买盘
35,14:55:14,8.84,--,153,135287,买盘
36,14:55:11,8.84,-0.02,446,395112,卖盘
37,14:55:08,8.86,0.02,1321,1170441,买盘
38,14:55:05,8.84,-0.01,200,176800,卖盘
39,14:55:02,8.85,--,328,291129,卖盘
40,14:54:59,8.85,--,237,209780,卖盘
41,14:54:53,8.85,0.01,44,38940,中性盘
42,14:54:47,8.84,--,56,49504,卖盘
43,14:54:44,8.84,-0.01,240,212160,卖盘
44,14:54:41,8.85,-0.02,52,46020,卖盘
45,14:54:38,8.87,0.02,222,196913,买盘
46,14:54:35,8.85,-0.01,24,22089,卖盘
47,14:54:32,8.86,0.03,133,117873,卖盘
48,14:54:26,8.83,-0.04,50,44150,卖盘
49,14:54:23,8.87,0.01,244,217279,买盘
50,14:54:20,8.86,0.03,144,127583,买盘
51,14:54:17,8.83,-0.02,1230,1086090,卖盘
52,14:54:14,8.85,-0.02,62,54870,卖盘
53,14:54:11,8.87,--,344,305128,买盘
54,14:54:08,8.87,0.01,520,461239,买盘
55,14:54:05,8.86,-0.01,89,78889,买盘
56,14:54:02,8.87,0.01,162,144545,买盘
57,14:53:56,8.86,--,133,117873,买盘
58,14:53:53,8.86,--,60,53160,卖盘
59,14:53:50,8.86,--,92,81512,卖盘
60,14:53:47,8.86,--,78,69958,卖盘
61,14:53:44,8.86,--,85,75345,卖盘
62,14:53:38,8.86,-0.01,96,85056,卖盘
63,14:53:35,8.87,0.01,2,2625,买盘
64,14:53:32,8.86,--,49,43449,买盘
65,14:53:29,8.86,--,74,65564,卖盘
66,14:53:26,8.86,--,626,555486,买盘
67,14:53:23,8.86,--,157,139137,买盘
68,14:53:20,8.86,--,550,488150,买盘
69,14:53:14,8.86,--,85,75345,买盘
70,14:53:11,8.86,--,16,14176,买盘
71,14:53:08,8.86,--,116,103626,买盘
72,14:53:05,8.86,--,117,103697,买盘
73,14:53:02,8.86,--,306,271116,卖盘
74,14:52:59,8.86,-0.01,264,234754,卖盘
75,14:52:56,8.87,--,123,109136,买盘
76,14:52:53,8.87,--,10,8870,买盘
77,14:52:50,8.87,0.01,314,279369,买盘
78,14:52:47,8.86,--,116,102776,卖盘
79,14:52:44,8.86,--,30,26580,卖盘
80,14:52:41,8.86,--,35,31045,卖盘
81,14:52:38,8.86,--,68,60247,买盘
82,14:52:32,8.86,--,78,69108,买盘
83,14:52:29,8.86,--,72,64642,买盘
84,14:52:26,8.86,--,34,30123,买盘
85,14:52:20,8.86,--,108,95688,买盘
86,14:52:17,8.86,--,152,134672,买盘
87,14:52:14,8.86,0.01,95,84205,买盘
88,14:52:11,8.85,--,16,15009,卖盘
89,14:52:05,8.85,--,24,21240,卖盘
90,14:52:02,8.85,--,35,31010,买盘
91,14:51:59,8.85,0.01,410,362850,买盘
92,14:51:56,8.84,--,460,407488,卖盘
93,14:51:50,8.84,-0.01,33,29207,卖盘
94,14:51:47,8.85,--,10,8850,卖盘
95,14:51:44,8.85,--,290,257499,买盘
96,14:51:41,8.85,0.01,55,48710,买盘
97,14:51:38,8.84,--,588,520640,卖盘
98,14:51:32,8.84,--,33,29207,卖盘
99,14:51:29,8.84,--,353,312511,卖盘
100,14:51:23,8.84,0.01,854,755360,买盘
101,14:51:20,8.83,--,143,126304,卖盘
102,14:51:17,8.83,--,56,49448,买盘
103,14:51:14,8.83,--,118,105041,卖盘
104,14:51:11,8.83,--,7,6216,卖盘
105,14:51:08,8.83,0.02,198,174834,中性盘
106,14:51:05,8.81,-0.01,172,151532,卖盘
107,14:51:02,8.82,-0.01,312,275184,卖盘
108,14:50:59,8.83,0.01,482,425606,买盘
109,14:50:56,8.82,-0.01,182,161370,卖盘
110,14:50:53,8.83,--,10,8830,买盘
111,14:50:50,8.83,--,245,216794,卖盘
112,14:50:47,8.83,--,374,331089,卖盘
113,14:50:44,8.83,--,120,105960,卖盘
114,14:50:41,8.83,-0.01,115,101580,卖盘
115,14:50:35,8.84,0.01,38,33592,中性盘
116,14:50:32,8.83,-0.02,40,36167,卖盘
117,14:50:29,8.85,--,107,94730,买盘
118,14:50:26,8.85,--,52,46869,买盘
119,14:50:23,8.85,--,139,123050,卖盘
120,14:50:20,8.85,-0.01,852,754869,卖盘
121,14:50:14,8.86,-0.01,196,173656,卖盘
122,14:50:11,8.87,--,4,3547,买盘
123,14:50:08,8.87,--,16,14191,买盘
124,14:50:05,8.87,--,36,31931,买盘
125,14:49:59,8.87,-0.02,841,746002,卖盘
126,14:49:56,8.89,0.01,120,107533,买盘
127,14:49:53,8.88,--,505,448475,卖盘
128,14:49:50,8.88,-0.01,74,66564,卖盘
129,14:49:47,8.89,--,247,219618,买盘
130,14:49:44,8.89,-0.01,14,12446,中性盘
131,14:49:41,8.9,--,122,109434,买盘
132,14:49:38,8.9,-0.01,503,447705,买盘
133,14:49:35,8.91,0.01,202,179982,买盘
134,14:49:32,8.9,-0.01,12,10680,买盘
135,14:49:29,8.91,--,88,78408,买盘
136,14:49:26,8.91,0.01,68,61443,买盘
137,14:49:20,8.9,-0.01,1011,900395,卖盘
138,14:49:17,8.91,--,27,24092,买盘
139,14:49:14,8.91,--,60,53460,买盘
140,14:49:08,8.91,-0.01,1220,1087875,卖盘
141,14:49:05,8.92,--,16,14272,买盘
142,14:48:59,8.92,--,10,8920,买盘
143,14:48:56,8.92,-0.01,585,521855,卖盘
144,14:48:53,8.93,--,86,76798,买盘
145,14:48:50,8.93,--,76,67868,买盘
146,14:48:47,8.93,-0.01,114,102659,卖盘
147,14:48:44,8.94,--,144,128736,买盘
148,14:48:41,8.94,--,5,4505,买盘
149,14:48:38,8.94,--,18,16950,买盘
150,14:48:32,8.94,--,7,6293,买盘
151,14:48:29,8.94,0.01,422,377268,买盘
152,14:48:26,8.93,-0.01,220,196460,卖盘
153,14:48:23,8.94,--,70,63438,买盘
154,14:48:20,8.94,--,3,2717,买盘
155,14:48:14,8.94,--,6,6222,买盘
156,14:48:11,8.94,--,112,100557,卖盘
157,14:48:08,8.94,-0.01,58,52710,卖盘
158,14:48:05,8.95,--,62,55489,买盘
159,14:47:59,8.95,--,20,17900,买盘
160,14:47:56,8.95,-0.01,10,8950,卖盘
161,14:47:53,8.96,--,107,95907,买盘
162,14:47:50,8.96,0.01,386,345856,买盘
163,14:47:47,8.95,-0.01,64,57279,卖盘
164,14:47:44,8.96,--,76,68956,买盘
165,14:47:41,8.96,--,62,55552,买盘
166,14:47:35,8.96,--,637,571289,买盘
167,14:47:32,8.96,--,10,8960,买盘
168,14:47:29,8.96,--,32,28672,买盘
169,14:47:26,8.96,--,10,8960,买盘
170,14:47:23,8.96,--,70,63580,卖盘
171,14:47:20,8.96,-0.01,133,119203,卖盘
172,14:47:17,8.97,--,42,38535,买盘
173,14:47:14,8.97,0.01,50,44850,买盘
174,14:47:11,8.96,-0.01,245,219555,卖盘
175,14:47:05,8.97,--,6,5382,买盘
176,14:47:02,8.97,--,12,10764,买盘
177,14:46:59,8.97,--,20,18801,买盘
178,14:46:50,8.97,--,21,18872,买盘
179,14:46:47,8.97,-0.01,80,71760,买盘
180,14:46:44,8.98,0.01,182,163507,买盘
181,14:46:38,8.97,--,32,29565,卖盘
182,14:46:35,8.97,--,180,161460,卖盘
183,14:46:32,8.97,--,50,44850,卖盘
184,14:46:29,8.97,--,74,67239,买盘
185,14:46:23,8.97,0.01,20,17940,买盘
186,14:46:20,8.96,--,50,44800,卖盘
187,14:46:17,8.96,-0.01,150,134400,卖盘
188,14:46:14,8.97,0.01,6,6243,买盘
189,14:46:11,8.96,--,80,71680,买盘
190,14:46:08,8.96,--,9,8099,买盘
191,14:46:05,8.96,--,36,33116,买盘
192,14:46:02,8.96,--,262,234752,买盘
193,14:45:59,8.96,0.01,20,17920,买盘
194,14:45:56,8.95,--,56,50119,卖盘
195,14:45:47,8.95,--,623,557620,买盘
196,14:45:41,8.95,--,4,3579,买盘
197,14:45:38,8.95,0.01,4,4439,买盘
198,14:45:32,8.94,--,107,95693,卖盘
199,14:45:29,8.94,0.01,60,54498,买盘
200,14:45:26,8.93,-0.01,151,134878,卖盘
201,14:45:23,8.94,--,76,68802,买盘
202,14:45:20,8.94,--,11,9869,买盘
203,14:45:17,8.94,0.01,20,17880,买盘
204,14:45:14,8.93,-0.01,12,11573,卖盘
205,14:45:11,8.94,--,12,10728,买盘
206,14:45:08,8.94,0.01,106,94764,买盘
207,14:45:05,8.93,--,144,128592,买盘
208,14:45:02,8.93,--,15,13430,买盘
209,14:44:59,8.93,0.01,224,200032,买盘
210,14:44:53,8.92,-0.01,28,25832,卖盘
211,14:44:50,8.93,--,5,4500,买盘
212,14:44:47,8.93,0.01,256,228608,买盘
213,14:44:44,8.92,--,100,90056,买盘
214,14:44:41,8.92,--,259,231063,买盘
215,14:44:35,8.92,--,128,115032,买盘
216,14:44:32,8.92,--,77,68719,买盘
217,14:44:29,8.92,0.01,18,16912,买盘
218,14:44:26,8.91,--,66,58806,卖盘
219,14:44:23,8.91,--,31,27656,卖盘
220,14:44:20,8.91,-0.01,22,19602,卖盘
221,14:44:17,8.92,--,50,44600,买盘
222,14:44:14,8.92,--,68,60656,买盘
223,14:44:08,8.92,--,48,42816,买盘
224,14:44:05,8.92,--,8,7992,买盘
225,14:44:02,8.92,--,103,91911,买盘
226,14:43:59,8.92,--,14,12488,买盘
227,14:43:56,8.92,0.01,32,28544,买盘
228,14:43:53,8.91,-0.01,354,315414,卖盘
229,14:43:50,8.92,0.01,22,19624,买盘
230,14:43:44,8.91,--,336,300231,卖盘
231,14:43:41,8.91,-0.01,45,40130,卖盘
232,14:43:38,8.92,0.01,10,8920,买盘
233,14:43:35,8.91,--,186,166581,卖盘
234,14:43:26,8.91,--,117,104282,卖盘
235,14:43:23,8.91,--,94,84609,卖盘
236,14:43:17,8.91,-0.01,39,34784,卖盘
237,14:43:14,8.92,0.01,24,21408,买盘
238,14:43:11,8.91,--,48,42768,卖盘
239,14:43:08,8.91,--,112,100647,卖盘
240,14:43:05,8.91,--,297,264662,卖盘
241,14:43:02,8.91,-0.01,100,89100,卖盘
242,14:42:59,8.92,--,4,4424,买盘
243,14:42:56,8.92,--,154,137368,买盘
244,14:42:50,8.92,0.01,14,12488,买盘
245,14:42:47,8.91,--,80,71280,卖盘
246,14:42:41,8.91,-0.02,314,279774,卖盘
247,14:42:38,8.93,0.01,93,83084,买盘
248,14:42:35,8.92,0.01,200,179256,卖盘
249,14:42:32,8.91,--,17,15182,卖盘
250,14:42:29,8.91,-0.02,594,530109,卖盘
251,14:42:26,8.93,0.01,56,50008,买盘
252,14:42:23,8.92,--,185,165341,买盘
253,14:42:17,8.92,--,232,206944,买盘
254,14:42:14,8.92,--,124,110608,买盘
255,14:42:11,8.92,--,98,87416,买盘
256,14:42:08,8.92,--,48,43672,买盘
257,14:42:05,8.92,--,31,27687,买盘
258,14:42:02,8.92,--,102,91840,买盘
259,14:41:59,8.92,-0.01,73,65722,卖盘
260,14:41:56,8.93,--,50,44650,买盘
261,14:41:53,8.93,--,424,378632,买盘
262,14:41:50,8.93,--,1,928,买盘
263,14:41:47,8.93,--,10,8930,中性盘
264,14:41:44,8.93,--,20,18717,卖盘
265,14:41:41,8.93,--,20,17860,卖盘
266,14:41:38,8.93,--,41,36648,卖盘
267,14:41:35,8.93,--,36,32148,卖盘
268,14:41:32,8.93,--,96,86585,卖盘
269,14:41:29,8.93,--,20,17860,卖盘
270,14:41:23,8.93,0.01,31,27718,买盘
271,14:41:20,8.92,--,34,30328,卖盘
272,14:41:17,8.92,-0.01,336,300568,卖盘
273,14:41:14,8.93,0.01,4,3572,中性盘
274,14:41:08,8.92,-0.01,38,34752,卖盘
275,14:41:05,8.93,--,305,272400,卖盘
276,14:41:02,8.93,--,118,105374,买盘
277,14:40:59,8.93,--,48,43721,卖盘
278,14:40:56,8.93,0.01,205,183100,中性盘
279,14:40:53,8.92,-0.01,50,44600,卖盘
280,14:40:50,8.93,--,106,95515,卖盘
281,14:40:47,8.93,--,82,73583,买盘
282,14:40:44,8.93,0.01,66,58938,买盘
283,14:40:41,8.92,-0.01,42,38320,卖盘
284,14:40:38,8.93,--,34,30362,买盘
285,14:40:35,8.93,0.01,32,28576,买盘
286,14:40:32,8.92,-0.01,239,213223,卖盘
287,14:40:29,8.93,--,14,12502,买盘
288,14:40:26,8.93,--,18,16931,买盘
289,14:40:23,8.93,--,27,24146,买盘
290,14:40:20,8.93,0.01,150,133950,买盘
291,14:40:17,8.92,-0.01,110,98120,卖盘
292,14:40:14,8.93,0.01,6,6215,买盘
293,14:40:11,8.92,-0.01,42,37464,卖盘
294,14:40:08,8.93,--,33,29504,买盘
295,14:40:02,8.93,-0.01,255,228250,卖盘
296,14:39:59,8.94,--,44,39336,卖盘
297,14:39:56,8.94,0.01,97,87039,买盘
298,14:39:47,8.93,--,117,104516,卖盘
299,14:39:44,8.93,-0.01,100,89300,卖盘
300,14:39:41,8.94,--,44,39336,卖盘
301,14:39:38,8.94,0.01,16,15162,中性盘
302,14:39:35,8.93,-0.01,518,462574,卖盘
303,14:39:29,8.94,--,42,37548,买盘
304,14:39:23,8.94,-0.01,21,18809,买盘
305,14:39:20,8.95,0.01,314,281889,买盘
306,14:39:17,8.94,--,93,83177,买盘
307,14:39:11,8.94,-0.01,64,57216,卖盘
308,14:39:04,8.95,0.01,76,68020,买盘
309,14:39:01,8.94,--,0,858,卖盘
310,14:38:58,8.94,--,161,143969,卖盘
311,14:38:49,8.94,0.01,234,210054,买盘
312,14:38:46,8.93,--,110,98230,卖盘
313,14:38:43,8.93,--,36,32148,卖盘
314,14:38:40,8.93,-0.01,11,9858,买盘
315,14:38:37,8.94,--,770,688380,买盘
316,14:38:34,8.94,--,46,41982,买盘
317,14:38:31,8.94,--,106,94764,买盘
318,14:38:25,8.94,--,444,396936,卖盘
319,14:38:19,8.94,-0.01,264,236016,卖盘
320,14:38:16,8.95,--,2,1789,买盘
321,14:38:10,8.95,--,2,1789,买盘
322,14:38:07,8.95,--,10,8950,买盘
323,14:38:04,8.95,--,20,17900,买盘
324,14:38:01,8.95,--,320,286400,卖盘
325,14:37:58,8.95,--,36,32219,卖盘
326,14:37:55,8.95,--,89,79690,卖盘
327,14:37:52,8.95,-0.01,114,102889,卖盘
328,14:37:49,8.96,0.01,30,26880,买盘
329,14:37:46,8.95,-0.01,176,157520,卖盘
330,14:37:40,8.96,--,82,73472,买盘
331,14:37:37,8.96,-0.01,249,223139,卖盘
332,14:37:34,8.97,0.01,14,12558,买盘
333,14:37:31,8.96,-0.01,100,89600,卖盘
334,14:37:28,8.97,--,20,18801,买盘
335,14:37:25,8.97,0.01,30,26910,买盘
336,14:37:22,8.96,-0.01,247,221419,卖盘
337,14:37:19,8.97,--,100,89700,卖盘
338,14:37:16,8.97,--,32,28704,卖盘
339,14:37:10,8.97,--,2,2655,卖盘
340,14:37:07,8.97,--,12,10764,卖盘
341,14:37:04,8.97,--,46,41262,卖盘
342,14:37:01,8.97,-0.01,65,58340,卖盘
343,14:36:58,8.98,--,2,1796,买盘
344,14:36:55,8.98,0.01,58,52084,买盘
345,14:36:52,8.97,-0.01,24,22389,卖盘
346,14:36:49,8.98,0.01,2,1796,买盘
347,14:36:46,8.97,-0.01,207,185714,卖盘
348,14:36:40,8.98,--,4,3592,买盘
349,14:36:34,8.98,--,20,18822,卖盘
350,14:36:31,8.98,--,15,13505,卖盘
351,14:36:28,8.98,-0.01,10,8980,卖盘
352,14:36:25,8.99,--,12,10788,买盘
353,14:36:22,8.99,0.01,176,158224,买盘
354,14:36:16,8.98,-0.01,6,5388,卖盘
355,14:36:13,8.99,0.01,50,44950,买盘
356,14:36:10,8.98,--,56,51150,卖盘
357,14:36:04,8.98,--,40,35920,卖盘
358,14:36:01,8.98,-0.01,10,8980,卖盘
359,14:35:55,8.99,--,2,1798,买盘
360,14:35:49,8.99,--,16,14384,买盘
361,14:35:43,8.99,-0.02,1224,1100447,卖盘
362,14:35:40,9.01,0.01,34,30634,买盘
363,14:35:37,9.0,--,20,18000,卖盘
364,14:35:34,9.0,--,410,369000,卖盘
365,14:35:31,9.0,--,20,18000,卖盘
366,14:35:25,9.0,--,28,26064,卖盘
367,14:35:22,9.0,--,10,9576,卖盘
368,14:35:19,9.0,-0.01,94,85464,卖盘
369,14:35:13,9.01,--,40,36040,买盘
370,14:35:10,9.01,--,48,43248,买盘
371,14:35:07,9.01,0.01,20,18020,买盘
372,14:35:04,9.0,-0.01,55,49536,卖盘
373,14:35:01,9.01,0.01,42,38706,买盘
374,14:34:55,9.0,--,82,73800,卖盘
375,14:34:46,9.0,-0.01,21,18936,卖盘
376,14:34:43,9.01,--,376,339640,买盘
377,14:34:37,9.01,0.01,10,9010,买盘
378,14:34:34,9.0,-0.01,72,64800,卖盘
379,14:34:28,9.01,0.01,33,29769,买盘
380,14:34:22,9.0,-0.01,64,57600,卖盘
381,14:34:16,9.01,--,20,18020,买盘
382,14:34:13,9.01,0.01,10,9874,买盘
383,14:34:10,9.0,-0.01,65,58536,卖盘
384,14:34:07,9.01,--,24,22488,买盘
385,14:34:04,9.01,0.01,3,2739,买盘
386,14:34:01,9.0,--,100,90000,卖盘
387,14:33:58,9.0,--,34,31464,卖盘
388,14:33:55,9.0,--,71,63936,买盘
389,14:33:52,9.0,-0.01,186,168264,卖盘
390,14:33:49,9.01,0.01,63,56799,买盘
391,14:33:43,9.0,--,10,9000,卖盘
392,14:33:40,9.0,-0.01,4,4464,卖盘
393,14:33:37,9.01,0.02,2544,2292144,买盘
394,14:33:34,8.99,--,28,25172,卖盘
395,14:33:31,8.99,--,1,934,卖盘
396,14:33:22,8.99,--,2,1798,卖盘
397,14:33:19,8.99,--,2,1798,卖盘
398,14:33:16,8.99,0.02,472,424615,买盘
399,14:33:13,8.97,-0.02,201,180332,卖盘
400,14:33:10,8.99,0.01,122,109678,买盘
401,14:33:04,8.98,--,10,8980,买盘
402,14:33:01,8.98,--,12,11638,买盘
403,14:32:58,8.98,--,9,8117,买盘
404,14:32:55,8.98,--,38,34986,买盘
405,14:32:52,8.98,--,96,86208,卖盘
406,14:32:46,8.98,-0.01,135,121265,卖盘
407,14:32:43,8.99,0.01,320,288543,买盘
408,14:32:37,8.98,-0.01,10,8980,卖盘
409,14:32:34,8.99,0.01,20,17980,买盘
410,14:32:31,8.98,--,3,2729,卖盘
411,14:32:28,8.98,--,4,4382,卖盘
412,14:32:25,8.98,--,14,12572,买盘
413,14:32:22,8.98,--,62,55676,买盘
414,14:32:16,8.98,--,189,169757,买盘
415,14:32:13,8.98,--,56,51150,卖盘
416,14:32:10,8.98,-0.01,355,318825,卖盘
417,14:32:07,8.99,0.01,2,1798,买盘
418,14:32:04,8.98,-0.01,44,39512,卖盘
419,14:31:58,8.99,0.02,2,1798,买盘
420,14:31:52,8.97,-0.01,202,181194,卖盘
421,14:31:49,8.98,--,2,1796,买盘
422,14:31:46,8.98,-0.02,542,487578,卖盘
423,14:31:43,9.0,0.01,10,9000,买盘
424,14:31:40,8.99,--,18,16182,卖盘
425,14:31:34,8.99,0.01,115,103420,买盘
426,14:31:28,8.98,-0.01,64,57472,卖盘
427,14:31:25,8.99,0.01,20,18843,买盘
428,14:31:22,8.98,-0.01,23,20689,卖盘
429,14:31:19,8.99,--,4,4459,买盘
430,14:31:16,8.99,0.01,92,82708,买盘
431,14:31:13,8.98,-0.01,5,4525,卖盘
432,14:31:10,8.99,0.01,132,118668,买盘
433,14:31:04,8.98,-0.01,34,31394,卖盘
434,14:31:01,8.99,--,139,124996,买盘
435,14:30:58,8.99,--,10,8990,买盘
436,14:30:52,8.99,--,22,20641,买盘
437,14:30:49,8.99,--,12,10788,买盘
438,14:30:46,8.99,--,26,23374,买盘
439,14:30:43,8.99,0.01,22,19778,买盘
440,14:30:40,8.98,-0.01,30,26940,卖盘
441,14:30:37,8.99,--,17,15318,买盘
442,14:30:34,8.99,0.01,28,25172,买盘
443,14:30:28,8.98,--,30,26940,卖盘
444,14:30:25,8.98,-0.02,8,8046,卖盘
445,14:30:22,9.0,0.01,82,73800,买盘
446,14:30:19,8.99,--,145,130390,卖盘
447,14:30:16,8.99,0.01,198,178865,买盘
448,14:30:13,8.98,--,3,2729,买盘
449,14:30:10,8.98,0.01,16,15230,买盘
450,14:30:07,8.97,-0.02,401,359732,卖盘
451,14:30:04,8.99,--,146,132117,卖盘
452,14:30:01,8.99,--,337,302998,买盘
453,14:29:58,8.99,0.01,10,8990,买盘
454,14:29:55,8.98,--,104,93392,卖盘
455,14:29:52,8.98,-0.01,26,24210,卖盘
456,14:29:49,8.99,--,50,44950,买盘
457,14:29:46,8.99,--,215,193320,买盘
458,14:29:34,8.99,--,20,18843,买盘
459,14:29:31,8.99,0.01,125,112410,买盘
460,14:29:28,8.98,-0.01,20,17960,卖盘
461,14:29:22,8.99,0.03,30,26970,买盘
462,14:29:19,8.96,-0.03,500,448000,卖盘
463,14:29:16,8.99,--,292,262508,卖盘
464,14:29:13,8.99,--,340,306523,卖盘
465,14:29:10,8.99,--,45,40490,卖盘
466,14:29:07,8.99,--,244,220219,卖盘
467,14:29:01,8.99,--,100,89900,卖盘
468,14:28:58,8.99,--,366,329034,卖盘
469,14:28:52,8.99,0.01,647,581688,买盘
470,14:28:49,8.98,--,106,96050,卖盘
471,14:28:46,8.98,--,137,123061,卖盘
472,14:28:43,8.98,--,224,201152,卖盘
473,14:28:31,8.98,-0.02,466,418468,卖盘
474,14:28:28,9.0,--,10,9000,买盘
475,14:28:22,9.0,-0.01,2626,2364264,卖盘
476,14:28:16,9.01,--,6,5406,买盘
477,14:28:10,9.01,-0.01,2379,2143515,卖盘
478,14:28:07,9.02,--,137,123610,卖盘
479,14:28:04,9.02,--,112,101024,卖盘
480,14:28:01,9.02,--,355,320246,卖盘
481,14:27:58,9.02,-0.01,460,414920,卖盘
482,14:27:55,9.03,--,38,34314,买盘
483,14:27:52,9.03,--,20,18060,买盘
484,14:27:49,9.03,-0.01,1008,910223,卖盘
485,14:27:46,9.04,0.01,38,35219,买盘
486,14:27:43,9.03,-0.01,4,3611,卖盘
487,14:27:40,9.04,--,44,39775,买盘
488,14:27:34,9.04,--,50,45199,买盘
489,14:27:25,9.04,-0.01,394,356175,卖盘
490,14:27:22,9.05,--,195,176511,卖盘
491,14:27:16,9.05,--,28,25340,卖盘
492,14:27:13,9.05,--,8,8108,卖盘
493,14:27:07,9.05,--,52,47060,卖盘
494,14:27:04,9.05,--,33,29901,卖盘
495,14:27:01,9.05,--,20,18100,卖盘
496,14:26:58,9.05,--,2,2678,卖盘
497,14:26:55,9.05,--,185,167461,买盘
498,14:26:52,9.05,--,30,28018,买盘
499,14:26:49,9.05,--,16,14480,买盘
500,14:26:46,9.05,0.01,9,8181,买盘
501,14:26:34,9.04,--,10,9040,卖盘
502,14:26:28,9.04,--,24,22563,卖盘
503,14:26:25,9.04,--,45,40716,买盘
504,14:26:22,9.04,--,20,18080,买盘
505,14:26:16,9.04,0.01,120,108479,买盘
506,14:26:13,9.03,--,142,129092,卖盘
507,14:26:10,9.03,-0.01,30,27089,卖盘
508,14:26:07,9.04,0.01,118,106671,买盘
509,14:26:01,9.03,--,110,99330,卖盘
510,14:25:55,9.03,-0.01,95,85821,卖盘
511,14:25:52,9.04,0.01,4,4483,买盘
512,14:25:49,9.03,-0.01,55,49701,卖盘
513,14:25:46,9.04,0.01,40,36160,买盘
514,14:25:43,9.03,-0.01,40,36986,卖盘
515,14:25:37,9.04,--,118,106671,买盘
516,14:25:31,9.04,--,5,4556,买盘
517,14:25:28,9.04,--,2,2675,买盘
518,14:25:25,9.04,--,96,86783,买盘
519,14:25:19,9.04,-0.02,1193,1078508,卖盘
520,14:25:13,9.06,0.01,16,14496,买盘
521,14:25:07,9.05,--,2,1810,卖盘
522,14:25:04,9.05,--,14,12670,卖盘
523,14:24:58,9.05,--,50,45250,卖盘
524,14:24:55,9.05,-0.01,50,45250,卖盘
525,14:24:49,9.06,0.01,10,9929,买盘
526,14:24:46,9.05,--,5,4561,卖盘
527,14:24:43,9.05,--,372,337528,卖盘
528,14:24:37,9.05,-0.01,20,18100,卖盘
529,14:24:28,9.06,--,2,1812,买盘
530,14:24:25,9.06,--,10,9060,买盘
531,14:24:22,9.06,--,6,5436,买盘
532,14:24:16,9.06,0.01,11,10002,买盘
533,14:24:07,9.05,--,16,15348,卖盘
534,14:24:04,9.05,-0.01,36,32580,卖盘
535,14:23:55,9.06,--,59,53490,买盘
536,14:23:52,9.06,--,6,6305,买盘
537,14:23:49,9.06,--,5,4566,买盘
538,14:23:46,9.06,--,4,4493,买盘
539,14:23:43,9.06,0.01,1,942,买盘
540,14:23:40,9.05,-0.01,216,196348,卖盘
541,14:23:34,9.06,--,26,23556,买盘
542,14:23:31,9.06,0.01,35,31746,买盘
543,14:23:28,9.05,-0.01,10,9050,卖盘
544,14:23:25,9.06,--,176,160325,买盘
545,14:23:19,9.06,--,82,74292,买盘
546,14:23:16,9.06,-0.01,154,139524,买盘
547,14:23:13,9.07,0.01,60,54420,买盘
548,14:23:10,9.06,--,69,62550,卖盘
549,14:23:04,9.06,--,14,13553,卖盘
550,14:22:55,9.06,--,37,33558,买盘
551,14:22:49,9.06,--,24,21744,卖盘
552,14:22:46,9.06,--,40,37109,卖盘
553,14:22:43,9.06,--,43,38994,卖盘
554,14:22:34,9.06,--,62,56172,买盘
555,14:22:31,9.06,--,10,9060,买盘
556,14:22:28,9.06,--,38,34428,买盘
557,14:22:25,9.06,0.01,30,27180,买盘
558,14:22:22,9.05,-0.01,502,455178,卖盘
559,14:22:19,9.06,--,57,51678,买盘
560,14:22:16,9.06,0.01,4,3624,买盘
561,14:22:13,9.05,-0.01,90,82318,卖盘
562,14:22:07,9.06,--,4,3624,买盘
563,14:22:04,9.06,0.01,4,3624,买盘
564,14:22:01,9.05,--,61,55241,卖盘
565,14:21:55,9.05,-0.01,6,6298,卖盘
566,14:21:52,9.06,--,2,1812,买盘
567,14:21:49,9.06,0.01,333,301734,买盘
568,14:21:46,9.05,--,56,50680,买盘
569,14:21:37,9.05,--,60,54300,买盘
570,14:21:34,9.05,0.01,66,60598,买盘
571,14:21:28,9.04,-0.01,3,2748,卖盘
572,14:21:25,9.05,0.01,26,23530,买盘
573,14:21:22,9.04,-0.01,10,9040,卖盘
574,14:21:16,9.05,0.01,456,413548,买盘
575,14:21:13,9.04,--,20,18080,买盘
576,14:21:10,9.04,--,79,71452,买盘
577,14:21:07,9.04,--,24,22563,买盘
578,14:21:04,9.04,--,7,6364,买盘
579,14:21:01,9.04,--,22,19887,买盘
580,14:20:58,9.04,--,30,27119,买盘
581,14:20:55,9.04,--,8,8099,买盘
582,14:20:52,9.04,0.01,340,307360,买盘
583,14:20:43,9.03,-0.01,20,18060,卖盘
584,14:20:40,9.04,--,66,59663,买盘
585,14:20:34,9.04,--,20,18080,买盘
586,14:20:31,9.04,--,40,36160,买盘
587,14:20:28,9.04,--,121,109420,买盘
588,14:20:22,9.04,--,20,18080,买盘
589,14:20:16,9.04,--,30,27119,买盘
590,14:20:13,9.04,--,50,46067,买盘
591,14:20:10,9.04,--,11,9980,买盘
592,14:20:03,9.04,--,2512,2271209,买盘
593,14:20:00,9.04,0.01,31,28060,买盘
594,14:19:57,9.03,-0.01,78,70434,卖盘
595,14:19:54,9.04,-0.01,838,758419,卖盘
596,14:19:51,9.05,0.01,377,341221,买盘
597,14:19:45,9.04,--,32,29795,卖盘
598,14:19:42,9.04,--,153,138348,卖盘
599,14:19:39,9.04,--,62,56047,卖盘
600,14:19:36,9.04,--,30,27119,卖盘
601,14:19:33,9.04,--,82,74128,买盘
602,14:19:30,9.04,--,10,9040,买盘
603,14:19:27,9.04,0.01,4,4483,买盘
604,14:19:21,9.03,-0.01,62,55985,卖盘
605,14:19:18,9.04,--,82,74128,卖盘
606,14:19:15,9.04,--,20,18080,卖盘
607,14:19:12,9.04,0.01,53,47948,中性盘
608,14:19:09,9.03,-0.01,120,108359,卖盘
609,14:19:06,9.04,0.01,280,253987,买盘
610,14:19:03,9.03,--,860,776580,卖盘
611,14:18:57,9.03,--,174,157122,卖盘
612,14:18:54,9.03,--,31,28029,卖盘
613,14:18:51,9.03,--,64,57791,卖盘
614,14:18:48,9.03,--,48,44210,卖盘
615,14:18:45,9.03,--,60,54613,卖盘
616,14:18:42,9.03,--,380,343140,卖盘
617,14:18:39,9.03,-0.01,41,37059,卖盘
618,14:18:33,9.04,--,88,80419,卖盘
619,14:18:30,9.04,--,87,78684,卖盘
620,14:18:27,9.04,--,48,44259,卖盘
621,14:18:24,9.04,--,203,183548,卖盘
622,14:18:15,9.04,-0.01,266,240463,卖盘
623,14:18:09,9.05,0.01,52,47060,买盘
624,14:18:06,9.04,--,12,11715,卖盘
625,14:18:03,9.04,-0.01,50,45199,卖盘
626,14:18:00,9.05,--,2,1810,买盘
627,14:17:54,9.05,--,2,1810,买盘
628,14:17:51,9.05,-0.01,1598,1446696,卖盘
629,14:17:45,9.06,--,54,48924,买盘
630,14:17:39,9.06,--,5,4566,买盘
631,14:17:33,9.06,0.01,30,27180,买盘
632,14:17:27,9.05,-0.01,62,56978,卖盘
633,14:17:24,9.06,--,350,317100,卖盘
634,14:17:21,9.06,-0.01,13,11814,卖盘
635,14:17:15,9.07,0.01,1008,914256,买盘
636,14:17:12,9.06,--,144,131333,卖盘
637,14:17:06,9.06,--,14,12684,卖盘
638,14:17:03,9.06,--,26,23556,卖盘
639,14:17:00,9.06,--,179,162210,卖盘
640,14:16:57,9.06,--,54,49793,卖盘
641,14:16:51,9.06,--,25,22686,卖盘
642,14:16:45,9.06,--,306,278105,卖盘
643,14:16:42,9.06,--,22,19932,卖盘
644,14:16:39,9.06,--,46,41676,卖盘
645,14:16:36,9.06,-0.01,30,27180,卖盘
646,14:16:33,9.07,0.01,50,45350,买盘
647,14:16:30,9.06,--,4,3624,卖盘
648,14:16:18,9.06,--,99,89730,卖盘
649,14:16:15,9.06,-0.01,820,743789,卖盘
650,14:16:06,9.07,--,20,18140,买盘
651,14:16:03,9.07,--,11,10013,买盘
652,14:15:57,9.07,--,288,262086,卖盘
653,14:15:54,9.07,--,100,90700,卖盘
654,14:15:51,9.07,--,43,39037,卖盘
655,14:15:48,9.07,--,10,9070,卖盘
656,14:15:45,9.07,-0.01,14,13568,卖盘
657,14:15:42,9.08,0.02,16,14528,买盘
658,14:15:39,9.06,-0.01,209,189390,卖盘
659,14:15:33,9.07,--,60,54420,卖盘
660,14:15:30,9.07,--,144,131478,卖盘
661,14:15:27,9.07,--,10,9070,卖盘
662,14:15:21,9.07,--,26,23582,卖盘
663,14:15:18,9.07,--,971,880733,买盘
664,14:15:12,9.07,0.01,6,5442,买盘
665,14:15:03,9.06,-0.01,12,10872,卖盘
666,14:15:00,9.07,0.01,10,9070,买盘
667,14:14:57,9.06,-0.01,88,80597,卖盘
668,14:14:51,9.07,--,2,1814,买盘
669,14:14:48,9.07,0.01,17,15455,买盘
670,14:14:45,9.06,--,48,44357,卖盘
671,14:14:42,9.06,-0.01,40,36240,卖盘
672,14:14:36,9.07,0.01,98,88886,买盘
673,14:14:33,9.06,--,255,231066,卖盘
674,14:14:30,9.06,--,20,18120,卖盘
675,14:14:27,9.06,-0.01,32,28992,卖盘
676,14:14:24,9.07,--,2,1814,买盘
677,14:14:21,9.07,--,4,4498,买盘
678,14:14:18,9.07,-0.01,108,97956,卖盘
679,14:14:15,9.08,0.01,25,22736,买盘
680,14:14:09,9.07,--,572,519674,卖盘
681,14:14:06,9.07,--,78,70746,卖盘
682,14:14:00,9.07,--,81,73503,卖盘
683,14:13:57,9.07,-0.01,116,106082,卖盘
684,14:13:54,9.08,0.01,280,254240,买盘
685,14:13:48,9.07,--,500,453500,卖盘
686,14:13:42,9.07,-0.01,10,9070,卖盘
687,14:13:39,9.08,--,42,38136,买盘
688,14:13:36,9.08,--,18,16344,买盘
689,14:13:33,9.08,0.01,7,6392,买盘
690,14:13:30,9.07,-0.01,292,265714,卖盘
691,14:13:24,9.08,--,72,65376,买盘
692,14:13:18,9.08,--,66,59928,买盘
693,14:13:15,9.08,0.01,64,58112,买盘
694,14:13:12,9.07,-0.01,11,10013,卖盘
695,14:13:06,9.08,0.01,210,190680,买盘
696,14:13:03,9.07,-0.01,42,38964,卖盘
697,14:12:57,9.08,0.01,11,10024,买盘
698,14:12:54,9.07,-0.01,122,111524,卖盘
699,14:12:51,9.08,0.01,27,24552,买盘
700,14:12:48,9.07,-0.01,66,59862,卖盘
701,14:12:45,9.08,--,32,29056,买盘
702,14:12:39,9.08,0.01,0,871,买盘
703,14:12:33,9.07,-0.01,120,108840,卖盘
704,14:12:30,9.08,--,15,13656,买盘
705,14:12:27,9.08,--,2,1816,买盘
706,14:12:24,9.08,0.01,14,12712,买盘
707,14:12:21,9.07,--,100,90700,卖盘
708,14:12:18,9.07,-0.01,8,8126,卖盘
709,14:12:09,9.08,--,47,42712,买盘
710,14:12:03,9.08,--,50,46271,买盘
711,14:12:00,9.08,0.01,2,1816,买盘
712,14:11:57,9.07,-0.01,19,17269,卖盘
713,14:11:54,9.08,--,82,74456,买盘
714,14:11:51,9.08,0.01,14,12712,买盘
715,14:11:48,9.07,--,2,1814,卖盘
716,14:11:45,9.07,-0.01,68,61676,卖盘
717,14:11:42,9.08,0.01,2,1816,买盘
718,14:11:33,9.07,-0.01,104,94328,卖盘
719,14:11:30,9.08,--,4,3632,买盘
720,14:11:21,9.08,--,6,5448,买盘
721,14:11:15,9.08,0.01,6,5448,买盘
722,14:11:12,9.07,-0.01,40,36280,卖盘
723,14:11:09,9.08,--,32,29927,买盘
724,14:11:06,9.08,--,4,3632,买盘
725,14:11:03,9.08,0.01,137,124432,买盘
726,14:11:00,9.07,-0.01,1210,1098340,卖盘
727,14:10:54,9.08,-0.01,30,27240,卖盘
728,14:10:51,9.09,--,2,1818,买盘
729,14:10:48,9.09,--,612,556308,卖盘
730,14:10:45,9.09,--,41,37305,卖盘
731,14:10:42,9.09,--,110,100862,卖盘
732,14:10:39,9.09,-0.01,60,54540,卖盘
733,14:10:36,9.1,--,68,61880,买盘
734,14:10:33,9.1,--,50,45500,买盘
735,14:10:27,9.1,--,114,103740,买盘
736,14:10:24,9.1,0.01,7,6406,买盘
737,14:10:21,9.09,-0.01,124,112716,卖盘
738,14:10:15,9.1,0.01,224,203840,买盘
739,14:10:09,9.09,--,168,152712,卖盘
740,14:10:03,9.09,--,6,6326,卖盘
741,14:10:00,9.09,-0.01,30,27270,卖盘
742,14:09:57,9.1,0.01,11,10046,买盘
743,14:09:51,9.09,--,110,99990,卖盘
744,14:09:48,9.09,-0.01,100,90900,卖盘
745,14:09:45,9.1,--,8,7280,买盘
746,14:09:42,9.1,0.01,10,9100,买盘
747,14:09:39,9.09,-0.01,20,19052,卖盘
748,14:09:33,9.1,0.01,56,50960,买盘
749,14:09:27,9.09,--,10,9090,卖盘
750,14:09:24,9.09,--,100,90900,卖盘
751,14:09:18,9.09,-0.01,10,9090,卖盘
752,14:09:15,9.1,0.01,204,185640,买盘
753,14:09:03,9.09,-0.01,456,414504,卖盘
754,14:09:00,9.1,--,5,4586,买盘
755,14:08:54,9.1,--,2,1820,买盘
756,14:08:42,9.1,0.01,6,6333,买盘
757,14:08:36,9.09,-0.01,21,19125,卖盘
758,14:08:33,9.1,--,6,5460,买盘
759,14:08:30,9.1,--,22,20020,买盘
760,14:08:15,9.1,--,2,1820,买盘
761,14:08:09,9.1,--,58,53653,买盘
762,14:07:54,9.1,0.01,50,45500,买盘
763,14:07:48,9.09,-0.01,5,4581,卖盘
764,14:07:39,9.1,--,20,19073,买盘
765,14:07:36,9.1,--,604,549640,买盘
766,14:07:33,9.1,--,100,91000,买盘
767,14:07:27,9.1,0.01,40,36400,买盘
768,14:07:24,9.09,-0.01,5,4581,卖盘
769,14:07:21,9.1,--,2,1820,买盘
770,14:07:15,9.1,--,20,18200,买盘
771,14:07:12,9.1,--,138,125580,买盘
772,14:07:09,9.1,--,8,7280,买盘
773,14:07:06,9.1,--,112,102793,买盘
774,14:07:03,9.1,--,8,7280,买盘
775,14:06:51,9.1,--,13,11866,买盘
776,14:06:48,9.1,--,4,4513,买盘
777,14:06:42,9.1,--,48,43680,买盘
778,14:06:27,9.1,0.01,166,151060,买盘
779,14:06:24,9.09,-0.01,207,188199,卖盘
780,14:06:21,9.1,--,16,15433,买盘
781,14:06:18,9.1,--,50,45500,买盘
782,14:06:15,9.1,--,36,32760,买盘
783,14:06:12,9.1,--,513,466866,买盘
784,14:06:03,9.1,--,12,10920,买盘
785,14:06:00,9.1,--,334,303940,买盘
786,14:05:54,9.1,--,2,2693,买盘
787,14:05:51,9.1,--,2,1820,买盘
788,14:05:42,9.1,--,494,449540,买盘
789,14:05:36,9.1,--,608,553280,买盘
790,14:05:33,9.1,0.01,490,445900,买盘
791,14:05:30,9.09,-0.01,379,344547,卖盘
792,14:05:24,9.1,0.01,32,29993,买盘
793,14:05:21,9.09,--,20,18180,买盘
794,14:05:18,9.09,--,131,119115,卖盘
795,14:05:09,9.09,--,10,9090,卖盘
796,14:05:06,9.09,--,64,58176,卖盘
797,14:05:03,9.09,-0.01,100,90900,中性盘
798,14:04:57,9.1,0.01,324,295058,买盘
799,14:04:51,9.09,--,20,18180,卖盘
800,14:04:48,9.09,--,142,129078,卖盘
801,14:04:45,9.09,--,142,129078,卖盘
802,14:04:39,9.09,--,154,139986,卖盘
803,14:04:33,9.09,-0.01,597,542854,卖盘
804,14:04:24,9.1,0.01,57,52707,买盘
805,14:04:18,9.09,--,50,45522,卖盘
806,14:04:12,9.09,--,24,22688,卖盘
807,14:04:06,9.09,-0.01,112,102680,卖盘
808,14:04:00,9.1,0.01,2,1892,买盘
809,14:03:57,9.09,-0.01,36,32724,卖盘
810,14:03:54,9.1,--,1,1747,买盘
811,14:03:51,9.1,0.01,94,85612,买盘
812,14:03:42,9.09,-0.01,10,9962,卖盘
813,14:03:39,9.1,--,2,1820,买盘
814,14:03:30,9.1,0.01,4,3640,买盘
815,14:03:18,9.09,-0.01,4,4508,卖盘
816,14:03:12,9.1,0.01,52,47320,买盘
817,14:03:03,9.09,-0.01,100,90900,卖盘
818,14:02:57,9.1,0.01,10,9172,买盘
819,14:02:51,9.09,-0.01,5,5381,卖盘
820,14:02:36,9.1,--,200,182000,买盘
821,14:02:30,9.1,0.01,5,4586,买盘
822,14:02:27,9.09,-0.01,2,2690,卖盘
823,14:02:24,9.1,--,39,35526,买盘
824,14:02:09,9.1,--,22,20165,卖盘
825,14:02:06,9.1,--,107,98134,买盘
826,14:01:54,9.1,--,5,4586,买盘
827,14:01:51,9.1,--,8,7280,买盘
828,14:01:45,9.1,-0.01,257,234416,卖盘
829,14:01:42,9.11,0.01,4,4518,买盘
830,14:01:39,9.1,--,8,7644,买盘
831,14:01:33,9.1,--,12,10920,买盘
832,14:01:30,9.1,--,10,9100,买盘
833,14:01:27,9.1,--,76,70033,买盘
834,14:01:18,9.1,--,3,2766,买盘
835,14:01:15,9.1,--,89,81536,卖盘
836,14:01:06,9.1,--,99,90417,买盘
837,14:01:03,9.1,--,40,36400,买盘
838,14:01:00,9.1,--,59,53726,买盘
839,14:00:57,9.1,--,424,386713,买盘
840,14:00:54,9.1,0.01,49,44626,买盘
841,14:00:51,9.09,-0.01,41,37305,卖盘
842,14:00:48,9.1,--,60,54600,买盘
843,14:00:45,9.1,--,36,32760,买盘
844,14:00:42,9.1,--,268,243880,买盘
845,14:00:39,9.1,--,234,213813,买盘
846,14:00:33,9.1,--,538,490453,买盘
847,14:00:24,9.1,--,22,20092,买盘
848,14:00:21,9.1,--,126,115533,买盘
849,14:00:11,9.1,--,58,53653,买盘
850,14:00:08,9.1,--,5,4586,买盘
851,14:00:05,9.1,0.01,10,9973,买盘
852,13:59:59,9.09,-0.01,47,42759,卖盘
853,13:59:56,9.1,--,22,20020,买盘
854,13:59:53,9.1,--,120,109200,买盘
855,13:59:50,9.1,0.01,50,46373,买盘
856,13:59:44,9.09,-0.01,50,45522,卖盘
857,13:59:41,9.1,0.01,28,26353,买盘
858,13:59:38,9.09,--,4,3636,卖盘
859,13:59:29,9.09,-0.01,52,48140,卖盘
860,13:59:26,9.1,--,13,11866,买盘
861,13:59:20,9.1,0.01,378,344853,买盘
862,13:59:14,9.09,--,683,620883,卖盘
863,13:59:11,9.09,-0.01,35,31851,卖盘
864,13:59:02,9.1,--,4,4513,买盘
865,13:58:59,9.1,--,112,101920,买盘
866,13:58:56,9.1,--,54,49140,买盘
867,13:58:50,9.1,--,10,9100,买盘
868,13:58:41,9.1,--,120,109200,买盘
869,13:58:38,9.1,--,2,1820,买盘
870,13:58:35,9.1,0.01,20,18200,买盘
871,13:58:32,9.09,-0.01,10,9090,卖盘
872,13:58:26,9.1,0.01,14,12740,买盘
873,13:58:23,9.09,--,10,9090,卖盘
874,13:58:20,9.09,--,20,18180,卖盘
875,13:58:17,9.09,-0.01,406,369054,卖盘
876,13:58:11,9.1,0.01,44,40040,买盘
877,13:58:08,9.09,-0.01,10,9090,卖盘
878,13:58:05,9.1,--,30,27300,买盘
879,13:58:02,9.1,0.01,36,32760,买盘
880,13:57:59,9.09,--,4,3636,卖盘
881,13:57:56,9.09,--,76,69593,买盘
882,13:57:53,9.09,--,5,4581,买盘
883,13:57:50,9.09,--,14,13598,买盘
884,13:57:47,9.09,--,713,648516,卖盘
885,13:57:41,9.09,-0.01,510,463590,卖盘
886,13:57:35,9.1,0.01,4,3640,买盘
887,13:57:32,9.09,--,30,27270,卖盘
888,13:57:29,9.09,-0.01,12,10908,卖盘
889,13:57:26,9.1,0.01,11,10046,买盘
890,13:57:20,9.09,--,62,57230,卖盘
891,13:57:11,9.09,--,10,9090,卖盘
892,13:57:02,9.09,--,211,192344,买盘
893,13:56:59,9.09,--,360,328112,买盘
894,13:56:50,9.09,--,8,7272,买盘
895,13:56:47,9.09,--,24,21816,买盘
896,13:56:44,9.09,--,89,80937,买盘
897,13:56:38,9.09,--,270,246302,买盘
898,13:56:29,9.09,--,10,9090,买盘
899,13:56:17,9.09,--,44,39996,买盘
900,13:56:11,9.09,0.01,1,945,买盘
901,13:56:08,9.08,--,46,41768,卖盘
902,13:56:05,9.08,-0.01,50,45400,卖盘
903,13:56:02,9.09,--,8,7272,买盘
904,13:55:59,9.09,--,14,13598,买盘
905,13:55:56,9.09,--,58,52722,买盘
906,13:55:50,9.09,0.01,10,9090,买盘
907,13:55:47,9.08,--,950,862600,卖盘
908,13:55:44,9.08,--,20,18160,卖盘
909,13:55:41,9.08,-0.01,32,29056,卖盘
910,13:55:38,9.09,--,88,79992,买盘
911,13:55:35,9.09,--,34,30906,买盘
912,13:55:32,9.09,--,20,18180,买盘
913,13:55:29,9.09,0.01,45,40941,买盘
914,13:55:20,9.08,--,58,52664,卖盘
915,13:55:17,9.08,--,148,134384,卖盘
916,13:55:11,9.08,--,204,186103,卖盘
917,13:55:08,9.08,--,5,4576,卖盘
918,13:55:02,9.08,--,104,95303,卖盘
919,13:54:59,9.08,--,30,27240,卖盘
920,13:54:56,9.08,--,57,51792,卖盘
921,13:54:47,9.08,-0.01,36,32688,卖盘
922,13:54:44,9.09,0.01,48,44504,买盘
923,13:54:41,9.08,-0.01,77,69952,卖盘
924,13:54:38,9.09,--,4,4508,买盘
925,13:54:32,9.09,--,8,7272,买盘
926,13:54:29,9.09,--,3,2763,买盘
927,13:54:23,9.09,--,6,6326,买盘
928,13:54:20,9.09,--,41,37305,买盘
929,13:54:11,9.09,0.01,16,15416,买盘
930,13:54:08,9.08,-0.01,50,45400,卖盘
931,13:54:05,9.09,--,24,21816,买盘
932,13:54:02,9.09,--,51,46395,买盘
933,13:53:59,9.09,--,10,9090,买盘
934,13:53:56,9.09,--,200,181800,买盘
935,13:53:50,9.09,--,2,1818,买盘
936,13:53:47,9.09,--,14,12726,买盘
937,13:53:44,9.09,--,113,103116,卖盘
938,13:53:41,9.09,--,3,3199,买盘
939,13:53:35,9.09,-0.01,26,23997,卖盘
940,13:53:32,9.1,0.01,43,39676,买盘
941,13:53:26,9.09,--,5,4581,买盘
942,13:53:23,9.09,--,6,5817,卖盘
943,13:53:20,9.09,-0.01,715,649971,卖盘
944,13:53:17,9.1,--,80,72800,买盘
945,13:53:14,9.1,0.01,5,5387,买盘
946,13:53:11,9.09,--,35,31851,卖盘
947,13:53:05,9.09,--,40,36360,卖盘
948,13:52:59,9.09,-0.01,12,10908,卖盘
949,13:52:53,9.1,0.01,0,873,买盘
950,13:52:47,9.09,--,230,209142,卖盘
951,13:52:38,9.09,-0.01,4,3636,卖盘
952,13:52:35,9.1,--,1,1747,买盘
953,13:52:32,9.1,--,15,13686,买盘
954,13:52:29,9.1,0.01,100,91000,买盘
955,13:52:26,9.09,-0.01,3,2763,卖盘
956,13:52:20,9.1,0.01,40,36400,买盘
957,13:52:17,9.09,--,17,16289,卖盘
958,13:52:14,9.09,--,8,7272,卖盘
959,13:52:08,9.09,--,211,191835,卖盘
960,13:52:02,9.09,-0.01,4,3636,卖盘
961,13:51:53,9.1,--,50,45500,买盘
962,13:51:50,9.1,0.01,14,13613,买盘
963,13:51:47,9.09,-0.01,15,14471,卖盘
964,13:51:38,9.1,0.01,1,946,买盘
965,13:51:35,9.09,-0.01,30,27270,卖盘
966,13:51:29,9.1,0.01,34,31813,买盘
967,13:51:23,9.09,-0.01,60,54540,卖盘
968,13:51:17,9.1,--,67,61006,买盘
969,13:51:14,9.1,0.01,12,11793,买盘
970,13:51:11,9.09,-0.01,11,10035,卖盘
971,13:51:08,9.1,--,50,45500,买盘
972,13:51:02,9.1,0.01,54,50013,买盘
973,13:50:56,9.09,-0.01,12,10908,卖盘
974,13:50:53,9.1,--,3,2766,买盘
975,13:50:47,9.1,--,34,31813,买盘
976,13:50:44,9.1,--,30,27300,买盘
977,13:50:38,9.1,--,17,15506,买盘
978,13:50:32,9.1,--,164,149458,卖盘
979,13:50:23,9.1,-0.01,26,23878,卖盘
980,13:50:20,9.11,0.01,3,2769,买盘
981,13:50:17,9.1,--,79,72290,买盘
982,13:50:11,9.1,-0.01,64,58822,卖盘
983,13:50:05,9.11,0.01,22,20916,买盘
984,13:50:02,9.1,--,126,115460,卖盘
985,13:49:56,9.1,--,60,54600,卖盘
986,13:49:53,9.1,--,418,380380,卖盘
987,13:49:50,9.1,--,5,4586,卖盘
988,13:49:38,9.1,--,133,121503,买盘
989,13:49:32,9.1,--,10,9100,买盘
990,13:49:29,9.1,--,14,13613,买盘
991,13:49:20,9.1,--,22,20020,买盘
992,13:49:17,9.1,--,10,9100,买盘
993,13:49:11,9.1,--,11,10046,买盘
994,13:49:08,9.1,--,22,20893,买盘
995,13:49:05,9.1,--,19,17326,买盘
996,13:49:02,9.1,0.01,66,60060,买盘
997,13:48:56,9.09,-0.01,2,1818,卖盘
998,13:48:53,9.1,--,16,15433,买盘
999,13:48:44,9.1,--,5,4586,买盘
1000,13:48:38,9.1,--,2,1820,买盘
1001,13:48:35,9.1,--,148,134680,买盘
1002,13:48:29,9.1,0.01,0,873,买盘
1003,13:48:26,9.09,--,21,19125,卖盘
1004,13:48:20,9.09,--,10,9090,卖盘
1005,13:48:14,9.09,--,60,54540,卖盘
1006,13:48:05,9.09,--,70,64502,卖盘
1007,13:47:59,9.09,--,30,27270,卖盘
1008,13:47:56,9.09,--,6,5454,卖盘
1009,13:47:50,9.09,-0.01,10,9090,卖盘
1010,13:47:44,9.1,--,5,4586,买盘
1011,13:47:41,9.1,--,10,9973,买盘
1012,13:47:38,9.1,--,298,271180,买盘
1013,13:47:35,9.1,--,10,9100,买盘
1014,13:47:26,9.1,0.01,9,8226,买盘
1015,13:47:20,9.09,--,6,6326,卖盘
1016,13:47:17,9.09,--,3,2763,卖盘
1017,13:47:14,9.09,-0.01,80,72720,卖盘
1018,13:47:05,9.1,0.01,50,45500,买盘
1019,13:46:53,9.09,--,134,121806,卖盘
1020,13:46:47,9.09,-0.01,10,9090,卖盘
1021,13:46:38,9.1,0.01,10,9100,买盘
1022,13:46:29,9.09,--,100,90900,卖盘
1023,13:46:26,9.09,-0.01,82,74538,卖盘
1024,13:46:23,9.1,0.01,4,4513,买盘
1025,13:46:20,9.09,-0.01,31,28215,卖盘
1026,13:46:08,9.1,--,86,79133,卖盘
1027,13:46:05,9.1,--,5,4586,卖盘
1028,13:45:56,9.1,--,94,86413,卖盘
1029,13:45:53,9.1,0.01,105,95586,中性盘
1030,13:45:47,9.09,-0.01,230,209942,卖盘
1031,13:45:44,9.1,--,5,4586,卖盘
1032,13:45:41,9.1,--,3,3348,买盘
1033,13:45:32,9.1,--,108,99153,买盘
1034,13:45:29,9.1,--,40,36400,买盘
1035,13:45:26,9.1,--,15,13686,买盘
1036,13:45:23,9.1,--,58,52780,买盘
1037,13:45:20,9.1,--,100,91000,买盘
1038,13:45:17,9.1,--,60,54600,买盘
1039,13:45:14,9.1,--,10,9973,买盘
1040,13:45:11,9.1,--,20,18200,买盘
1041,13:45:08,9.1,--,5,4586,买盘
1042,13:45:02,9.1,--,214,195613,买盘
1043,13:44:59,9.1,--,20,18200,买盘
1044,13:44:56,9.1,--,107,97406,卖盘
1045,13:44:53,9.1,--,10,9100,卖盘
1046,13:44:47,9.1,--,82,74838,卖盘
1047,13:44:44,9.1,--,29,26426,卖盘
1048,13:44:41,9.1,--,26,24533,卖盘
1049,13:44:38,9.1,--,78,71853,卖盘
1050,13:44:35,9.1,-0.01,80,72800,卖盘
1051,13:44:32,9.11,0.01,50,45550,买盘
1052,13:44:29,9.1,--,14,13613,卖盘
1053,13:44:23,9.1,--,212,193648,买盘
1054,13:44:17,9.1,--,50,45718,卖盘
1055,13:44:08,9.1,--,91,83501,买盘
1056,13:44:05,9.1,--,282,256620,买盘
1057,13:44:02,9.1,--,21,19146,买盘
1058,13:43:56,9.1,--,18,17253,买盘
1059,13:43:50,9.1,0.01,1,946,买盘
1060,13:43:47,9.09,-0.01,14,12726,卖盘
1061,13:43:44,9.1,--,4,3640,买盘
1062,13:43:38,9.1,0.01,10,9100,买盘
1063,13:43:32,9.09,-0.01,90,82682,卖盘
1064,13:43:26,9.1,--,56,51178,卖盘
1065,13:43:23,9.1,--,46,42733,卖盘
1066,13:43:20,9.1,--,50,45500,卖盘
1067,13:43:17,9.1,--,113,103594,买盘
1068,13:43:14,9.1,--,100,91000,买盘
1069,13:43:11,9.1,0.01,38,34580,买盘
1070,13:43:05,9.09,-0.01,100,90900,卖盘
1071,13:43:02,9.1,0.01,98,89180,中性盘
1072,13:42:59,9.09,-0.01,102,92718,卖盘
1073,13:42:53,9.1,0.01,172,157393,买盘
1074,13:42:47,9.09,-0.01,30,27270,卖盘
1075,13:42:44,9.1,--,145,131986,买盘
1076,13:42:38,9.1,0.01,20,18200,买盘
1077,13:42:35,9.09,-0.01,48,43632,卖盘
1078,13:42:32,9.1,--,10,9100,卖盘
1079,13:42:29,9.1,--,46,41860,卖盘
1080,13:42:26,9.1,0.01,226,205660,买盘
1081,13:42:23,9.09,-0.01,20,18180,卖盘
1082,13:42:20,9.1,--,114,104613,买盘
1083,13:42:17,9.1,0.02,124,112840,买盘
1084,13:42:07,9.08,-0.02,27,24552,卖盘
1085,13:42:01,9.1,--,302,274820,买盘
1086,13:41:58,9.1,0.02,54,49140,买盘
1087,13:41:52,9.08,--,4,4503,卖盘
1088,13:41:49,9.08,--,28,25424,卖盘
1089,13:41:43,9.08,--,1,944,卖盘
1090,13:41:37,9.08,-0.01,196,178839,买盘
1091,13:41:34,9.09,0.02,501,455445,买盘
1092,13:41:28,9.07,-0.01,200,181400,卖盘
1093,13:41:25,9.08,--,100,90800,卖盘
1094,13:41:22,9.08,--,4,4503,卖盘
1095,13:41:19,9.08,--,257,233392,买盘
1096,13:41:13,9.08,0.02,22,19976,买盘
1097,13:41:10,9.06,--,42,38921,卖盘
1098,13:41:07,9.06,--,194,175764,卖盘
1099,13:41:04,9.06,0.01,68,61608,中性盘
1100,13:40:58,9.05,-0.01,35,31711,卖盘
1101,13:40:55,9.06,--,495,448868,买盘
1102,13:40:52,9.06,0.01,126,115025,买盘
1103,13:40:49,9.05,--,22,19910,卖盘
1104,13:40:46,9.05,-0.01,4,3620,卖盘
1105,13:40:40,9.06,--,16,14496,买盘
1106,13:40:37,9.06,--,4,3624,买盘
1107,13:40:34,9.06,--,53,48054,买盘
1108,13:40:28,9.06,--,34,31673,买盘
1109,13:40:25,9.06,-0.03,2177,1972905,卖盘
1110,13:40:16,9.09,0.01,50,45450,买盘
1111,13:40:13,9.08,--,50,45400,卖盘
1112,13:40:10,9.08,-0.01,10,9080,卖盘
1113,13:40:04,9.09,--,10,9090,买盘
1114,13:40:01,9.09,0.01,254,230886,买盘
1115,13:39:55,9.08,--,20,19031,卖盘
1116,13:39:52,9.08,-0.01,15,13656,卖盘
1117,13:39:43,9.09,0.01,8,8144,买盘
1118,13:39:40,9.08,-0.01,13,11840,卖盘
1119,13:39:31,9.09,--,12,11780,买盘
1120,13:39:28,9.09,--,8,7272,买盘
1121,13:39:19,9.09,--,1,945,买盘
1122,13:39:16,9.09,--,46,41814,卖盘
1123,13:39:13,9.09,--,100,90900,卖盘
1124,13:39:10,9.09,--,10,9090,卖盘
1125,13:39:07,9.09,-0.01,20,19052,卖盘
1126,13:39:04,9.1,0.01,4,3640,买盘
1127,13:39:01,9.09,-0.01,294,267246,卖盘
1128,13:38:55,9.1,--,20,18200,买盘
1129,13:38:52,9.1,0.01,1,946,买盘
1130,13:38:49,9.09,-0.01,706,642626,卖盘
1131,13:38:46,9.1,--,4,3640,买盘
1132,13:38:43,9.1,0.01,8,7280,买盘
1133,13:38:40,9.09,--,42,38178,卖盘
1134,13:38:34,9.09,--,5,4581,卖盘
1135,13:38:28,9.09,-0.01,50,45450,卖盘
1136,13:38:22,9.1,--,16,14560,买盘
1137,13:38:13,9.1,0.01,84,76440,买盘
1138,13:38:01,9.09,--,300,272700,卖盘
1139,13:37:55,9.09,-0.01,40,37232,卖盘
1140,13:37:46,9.1,0.01,15,13686,买盘
1141,13:37:43,9.09,-0.01,30,27270,卖盘
1142,13:37:40,9.1,0.01,10,9100,买盘
1143,13:37:31,9.09,-0.01,20,18180,卖盘
1144,13:37:25,9.1,--,4,4513,买盘
1145,13:37:22,9.1,0.01,17,15506,买盘
1146,13:37:19,9.09,-0.01,34,30906,卖盘
1147,13:37:16,9.1,--,10,9100,买盘
1148,13:37:13,9.1,--,2,2693,买盘
1149,13:37:10,9.1,--,12,10920,买盘
1150,13:36:49,9.1,--,13,12521,卖盘
1151,13:36:46,9.1,--,36,33633,卖盘
1152,13:36:34,9.1,--,4,4513,卖盘
1153,13:36:31,9.1,--,55,50377,买盘
1154,13:36:28,9.1,--,4,3640,买盘
1155,13:36:22,9.1,0.01,50,45500,买盘
1156,13:36:16,9.09,-0.01,210,190890,卖盘
1157,13:36:13,9.1,0.01,6,6333,买盘
1158,13:36:04,9.09,--,700,636300,卖盘
1159,13:36:01,9.09,-0.01,30,27270,卖盘
1160,13:35:52,9.1,--,15,13904,买盘
1161,13:35:46,9.1,-0.01,29,26426,卖盘
1162,13:35:43,9.11,0.01,10,9110,买盘
1163,13:35:37,9.1,--,110,100973,卖盘
1164,13:35:28,9.1,--,200,182000,卖盘
1165,13:35:25,9.1,--,50,45500,卖盘
1166,13:35:13,9.1,--,87,79206,买盘
1167,13:35:10,9.1,--,58,53653,买盘
1168,13:35:07,9.1,--,3,2766,买盘
1169,13:35:01,9.1,0.01,236,215633,买盘
1170,13:34:58,9.09,-0.01,40,36360,卖盘
1171,13:34:55,9.1,--,30,27300,买盘
1172,13:34:52,9.1,--,10,9100,买盘
1173,13:34:43,9.1,--,105,95586,买盘
1174,13:34:40,9.1,--,210,191100,买盘
1175,13:34:37,9.1,--,8,7280,买盘
1176,13:34:31,9.1,--,24,22713,买盘
1177,13:34:28,9.1,--,18,16380,买盘
1178,13:34:22,9.1,--,18,16380,买盘
1179,13:34:16,9.1,--,30,27300,买盘
1180,13:34:13,9.1,--,36,32760,买盘
1181,13:34:10,9.1,--,5,4586,买盘
1182,13:34:01,9.1,--,2,1820,买盘
1183,13:33:58,9.1,0.01,12,11793,买盘
1184,13:33:55,9.09,-0.01,10,9090,卖盘
1185,13:33:52,9.1,--,6,5460,买盘
1186,13:33:49,9.1,--,90,81900,买盘
1187,13:33:46,9.1,0.01,162,147420,买盘
1188,13:33:43,9.09,-0.01,153,139113,卖盘
1189,13:33:40,9.1,--,76,70033,买盘
1190,13:33:31,9.1,--,60,54600,买盘
1191,13:33:28,9.1,--,17,15506,买盘
1192,13:33:25,9.1,0.01,30,27300,买盘
1193,13:33:22,9.09,-0.01,10,9090,卖盘
1194,13:33:19,9.1,--,10,9100,买盘
1195,13:33:16,9.1,--,164,149240,卖盘
1196,13:33:01,9.1,0.01,0,873,买盘
1197,13:32:58,9.09,-0.01,9,8290,卖盘
1198,13:32:55,9.1,--,10,9100,买盘
1199,13:32:52,9.1,--,28,25480,买盘
1200,13:32:49,9.1,0.01,22,20020,买盘
1201,13:32:46,9.09,--,16,15416,卖盘
1202,13:32:43,9.09,-0.01,78,70902,卖盘
1203,13:32:40,9.1,--,2,1820,买盘
1204,13:32:37,9.1,--,5,4586,买盘
1205,13:32:31,9.1,0.01,378,344853,买盘
1206,13:32:28,9.09,--,10,9090,卖盘
1207,13:32:22,9.09,--,349,317277,买盘
1208,13:32:19,9.09,--,40,36360,买盘
1209,13:32:16,9.09,--,10,9962,卖盘
1210,13:32:13,9.09,-0.01,22,19998,卖盘
1211,13:32:04,9.1,0.01,2,1820,买盘
1212,13:31:58,9.09,--,40,36360,买盘
1213,13:31:55,9.09,--,70,63630,买盘
1214,13:31:49,9.09,--,11,10035,卖盘
1215,13:31:46,9.09,--,40,36360,买盘
1216,13:31:43,9.09,-0.01,262,238158,卖盘
1217,13:31:40,9.1,0.01,6,5460,买盘
1218,13:31:34,9.09,--,50,45450,卖盘
1219,13:31:31,9.09,--,90,82682,卖盘
1220,13:31:22,9.09,--,274,249066,买盘
1221,13:31:19,9.09,0.01,5,4581,买盘
1222,13:31:10,9.08,-0.01,14,12712,卖盘
1223,13:31:07,9.09,--,10,9090,买盘
1224,13:31:04,9.09,0.01,8,7272,买盘
1225,13:31:01,9.08,-0.01,14,13583,卖盘
1226,13:30:58,9.09,--,18,16362,买盘
1227,13:30:52,9.09,--,35,31851,买盘
1228,13:30:49,9.09,--,74,67266,买盘
1229,13:30:46,9.09,-0.01,614,558126,卖盘
1230,13:30:40,9.1,0.01,2,1820,买盘
1231,13:30:37,9.09,--,120,109080,卖盘
1232,13:30:34,9.09,--,200,181800,卖盘
1233,13:30:28,9.09,--,28,25452,卖盘
1234,13:30:22,9.09,-0.01,24,22688,卖盘
1235,13:30:19,9.1,--,51,46446,买盘
1236,13:30:13,9.1,0.01,40,36400,买盘
1237,13:30:01,9.09,--,30,27270,卖盘
1238,13:29:52,9.09,0.01,2,1818,卖盘
1239,13:29:49,9.08,-0.01,190,172520,卖盘
1240,13:29:46,9.09,--,12,11780,买盘
1241,13:29:43,9.09,--,42,38178,买盘
1242,13:29:40,9.09,0.01,11,10035,买盘
1243,13:29:37,9.08,-0.01,66,59928,卖盘
1244,13:29:34,9.09,--,100,90900,买盘
1245,13:29:31,9.09,--,18,16362,买盘
1246,13:29:25,9.09,-0.01,451,409995,卖盘
1247,13:29:22,9.1,--,200,182000,买盘
1248,13:29:16,9.1,0.01,3,2766,买盘
1249,13:29:13,9.09,-0.01,41,38105,卖盘
1250,13:29:07,9.1,0.01,2,1820,买盘
1251,13:29:01,9.09,-0.01,10,9090,卖盘
1252,13:28:55,9.1,--,118,107380,买盘
1253,13:28:49,9.1,0.01,100,91000,买盘
1254,13:28:46,9.09,--,20,18180,买盘
1255,13:28:43,9.09,0.01,112,101808,中性盘
1256,13:28:34,9.08,-0.02,30,27240,卖盘
1257,13:28:31,9.1,0.01,200,182000,买盘
1258,13:28:28,9.09,--,50,45450,买盘
1259,13:28:22,9.09,--,300,272700,卖盘
1260,13:28:19,9.09,--,26,24506,卖盘
1261,13:28:16,9.09,-0.01,2,1818,卖盘
1262,13:28:10,9.1,--,23,20966,买盘
1263,13:28:07,9.1,0.01,100,91000,买盘
1264,13:28:01,9.09,--,60,54540,卖盘
1265,13:27:52,9.09,-0.01,54,49958,卖盘
1266,13:27:43,9.1,--,100,91000,买盘
1267,13:27:40,9.1,--,20,18200,买盘
1268,13:27:37,9.1,--,10,9100,买盘
1269,13:27:34,9.1,-0.01,179,163581,卖盘
1270,13:27:31,9.11,0.01,318,290572,买盘
1271,13:27:28,9.1,--,200,182000,卖盘
1272,13:27:25,9.1,--,20,18200,卖盘
1273,13:27:22,9.1,--,52,47320,卖盘
1274,13:27:19,9.1,-0.01,895,814632,卖盘
1275,13:27:16,9.11,0.01,104,94744,买盘
1276,13:27:10,9.1,-0.01,104,95222,卖盘
1277,13:27:07,9.11,--,10,9110,买盘
1278,13:27:04,9.11,0.01,6,5466,买盘
1279,13:27:01,9.1,--,26,23660,卖盘
1280,13:26:58,9.1,-0.01,158,144216,卖盘
1281,13:26:55,9.11,--,0,874,买盘
1282,13:26:46,9.11,--,528,481080,卖盘
1283,13:26:40,9.11,--,3,2769,卖盘
1284,13:26:37,9.11,-0.01,35,32723,卖盘
1285,13:26:34,9.12,0.01,22,20064,买盘
1286,13:26:31,9.11,--,102,92922,卖盘
1287,13:26:28,9.11,-0.01,36,33233,卖盘
1288,13:26:25,9.12,--,40,36480,买盘
1289,13:26:22,9.12,--,10,9120,买盘
1290,13:26:19,9.12,0.01,57,52531,买盘
1291,13:26:16,9.11,-0.01,50,45550,卖盘
1292,13:26:13,9.12,--,14,12767,买盘
1293,13:26:10,9.12,--,32,29475,卖盘
1294,13:26:07,9.12,-0.01,34,31883,卖盘
1295,13:26:01,9.13,0.01,24,22569,买盘
1296,13:25:58,9.12,--,137,125564,买盘
1297,13:25:55,9.12,--,20,18240,买盘
1298,13:25:52,9.12,--,50,45672,买盘
1299,13:25:49,9.12,0.01,10,9995,买盘
1300,13:25:46,9.11,-0.01,88,80168,卖盘
1301,13:25:37,9.12,--,179,163795,卖盘
1302,13:25:34,9.12,--,9,8609,买盘
1303,13:25:31,9.12,0.01,40,36480,买盘
1304,13:25:28,9.11,-0.01,15,13847,卖盘
1305,13:25:22,9.12,--,10,9120,买盘
1306,13:25:19,9.12,0.01,23,21012,买盘
1307,13:25:16,9.11,-0.01,25,23613,卖盘
1308,13:25:13,9.12,0.01,2,1823,买盘
1309,13:25:07,9.11,--,22,20916,卖盘
1310,13:24:58,9.11,--,58,52838,卖盘
1311,13:24:46,9.11,-0.01,64,58959,卖盘
1312,13:24:43,9.12,0.01,12,10943,中性盘
1313,13:24:37,9.11,-0.02,112,102250,卖盘
1314,13:24:28,9.13,0.02,4,3652,买盘
1315,13:24:25,9.11,-0.01,37,33962,卖盘
1316,13:24:22,9.12,-0.01,93,84852,中性盘
1317,13:24:19,9.13,0.02,190,173470,买盘
1318,13:24:16,9.11,-0.01,14,12972,卖盘
1319,13:24:13,9.12,0.01,10,9120,买盘
1320,13:24:10,9.11,--,100,91100,卖盘
1321,13:24:07,9.11,--,31,28641,卖盘
1322,13:24:04,9.11,--,10,9984,卖盘
1323,13:24:01,9.11,--,5,4591,卖盘
1324,13:23:58,9.11,--,26,23686,卖盘
1325,13:23:55,9.11,-0.02,66,60927,卖盘
1326,13:23:49,9.13,0.02,12,10956,买盘
1327,13:23:46,9.11,-0.02,19,17491,卖盘
1328,13:23:43,9.13,0.02,2,1826,买盘
1329,13:23:40,9.11,-0.02,201,183730,卖盘
1330,13:23:34,9.13,--,12,10956,买盘
1331,13:23:31,9.13,--,10,9130,买盘
1332,13:23:28,9.13,0.02,42,38346,买盘
1333,13:23:22,9.11,-0.01,309,281535,卖盘
1334,13:23:16,9.12,--,61,56179,卖盘
1335,13:23:13,9.12,-0.01,70,63839,卖盘
1336,13:23:10,9.13,--,3,2775,买盘
1337,13:23:07,9.13,0.01,176,160688,买盘
1338,13:23:04,9.12,-0.01,29,26849,卖盘
1339,13:22:58,9.13,--,8,7304,买盘
1340,13:22:55,9.13,--,83,76034,买盘
1341,13:22:49,9.13,--,7,6427,买盘
1342,13:22:46,9.13,--,92,83996,卖盘
1343,13:22:43,9.13,--,64,58432,卖盘
1344,13:22:40,9.13,0.01,35,31991,买盘
1345,13:22:34,9.12,--,19,17510,卖盘
1346,13:22:28,9.12,-0.01,8,7295,卖盘
1347,13:22:25,9.13,-0.01,4,3798,卖盘
1348,13:22:22,9.14,--,50,45773,买盘
1349,13:22:19,9.14,0.01,1,1754,买盘
1350,13:22:13,9.13,--,75,68803,卖盘
1351,13:22:07,9.13,-0.01,2,1826,卖盘
1352,13:22:04,9.14,--,44,40654,买盘
1353,13:21:58,9.14,0.01,34,31076,买盘
1354,13:21:52,9.13,-0.01,16,14754,卖盘
1355,13:21:49,9.14,--,5,4606,买盘
1356,13:21:46,9.14,--,2,2705,买盘
1357,13:21:43,9.14,-0.01,5,4606,卖盘
1358,13:21:40,9.15,0.01,2,1830,买盘
1359,13:21:37,9.14,--,47,42994,卖盘
1360,13:21:34,9.14,-0.01,17,15720,卖盘
1361,13:21:27,9.15,0.01,28,25620,买盘
1362,13:21:24,9.14,-0.01,27,25080,卖盘
1363,13:21:18,9.15,0.01,30,27450,买盘
1364,13:21:12,9.14,-0.01,51,47016,卖盘
1365,13:21:03,9.15,--,138,126343,买盘
1366,13:20:51,9.15,-0.02,166,152768,卖盘
1367,13:20:48,9.17,--,110,100870,买盘
1368,13:20:42,9.17,0.01,823,755314,买盘
1369,13:20:36,9.16,--,3,2784,卖盘
1370,13:20:30,9.16,--,1,1392,卖盘
1371,13:20:27,9.16,--,57,52908,买盘
1372,13:20:24,9.16,--,2,1832,买盘
1373,13:20:18,9.16,--,5,4616,买盘
1374,13:20:15,9.16,-0.01,72,66098,卖盘
1375,13:20:12,9.17,--,298,274072,买盘
1376,13:20:09,9.17,--,56,52232,买盘
1377,13:20:06,9.17,--,15,13791,买盘
1378,13:20:03,9.17,--,74,68444,买盘
1379,13:19:57,9.17,--,2,1834,买盘
1380,13:19:54,9.17,--,40,36680,买盘
1381,13:19:51,9.17,0.01,50,45850,买盘
1382,13:19:48,9.16,-0.01,168,154767,卖盘
1383,13:19:42,9.17,--,10,9170,买盘
1384,13:19:39,9.17,--,330,302610,买盘
1385,13:19:36,9.17,--,22,20174,买盘
1386,13:19:33,9.17,--,11,10123,买盘
1387,13:19:30,9.17,--,62,56854,卖盘
1388,13:19:24,9.17,--,548,502662,买盘
1389,13:19:18,9.17,--,162,149434,买盘
1390,13:19:15,9.17,--,24,22008,买盘
1391,13:19:12,9.17,--,86,79155,买盘
1392,13:19:09,9.17,--,2,2714,买盘
1393,13:19:06,9.17,0.01,10,9170,买盘
1394,13:19:03,9.16,--,37,34734,卖盘
1395,13:19:00,9.16,--,72,65952,卖盘
1396,13:18:57,9.16,--,0,879,卖盘
1397,13:18:54,9.16,0.02,48,43968,卖盘
1398,13:18:51,9.14,-0.02,64,59227,卖盘
1399,13:18:42,9.16,0.03,61,56279,买盘
1400,13:18:39,9.13,-0.03,200,182600,卖盘
1401,13:18:36,9.16,--,11,10112,买盘
1402,13:18:33,9.16,--,4,4543,买盘
1403,13:18:30,9.16,0.02,1016,930656,买盘
1404,13:18:27,9.14,-0.02,158,144412,卖盘
1405,13:18:21,9.16,0.03,9,8280,买盘
1406,13:18:18,9.13,-0.01,181,165362,卖盘
1407,13:18:15,9.14,--,51,46650,买盘
1408,13:18:12,9.14,0.01,78,71292,中性盘
1409,13:18:03,9.13,-0.01,250,228615,卖盘
1410,13:18:00,9.14,-0.01,46,42628,卖盘
1411,13:17:57,9.15,0.02,40,36600,买盘
1412,13:17:54,9.13,--,7,6938,买盘
1413,13:17:51,9.13,-0.01,43,39295,卖盘
1414,13:17:48,9.14,--,76,70341,买盘
1415,13:17:45,9.14,--,2,1828,买盘
1416,13:17:39,9.14,0.02,36,32904,买盘
1417,13:17:36,9.12,--,77,70698,卖盘
1418,13:17:33,9.12,--,12,10943,卖盘
1419,13:17:27,9.12,--,155,141396,卖盘
1420,13:17:21,9.12,0.02,34,31226,买盘
1421,13:17:18,9.1,-0.01,210,191100,卖盘
1422,13:17:15,9.11,--,36,32796,买盘
1423,13:17:12,9.11,--,70,63769,买盘
1424,13:17:09,9.11,-0.01,42,38262,卖盘
1425,13:17:06,9.12,--,650,593675,买盘
1426,13:17:03,9.12,0.01,231,210708,买盘
1427,13:16:57,9.11,-0.01,6,6340,卖盘
1428,13:16:54,9.12,--,50,45599,买盘
1429,13:16:51,9.12,0.01,127,115860,买盘
1430,13:16:48,9.11,0.01,720,655920,买盘
1431,13:16:45,9.1,0.02,176,160305,买盘
1432,13:16:42,9.08,-0.02,1583,1438126,卖盘
1433,13:16:39,9.1,--,10,9100,卖盘
1434,13:16:36,9.1,--,400,364145,买盘
1435,13:16:27,9.1,--,278,252980,买盘
1436,13:16:21,9.1,0.01,10,9100,买盘
1437,13:16:18,9.09,-0.01,12,11780,卖盘
1438,13:16:09,9.1,--,17,15506,买盘
1439,13:16:06,9.1,--,6,5460,买盘
1440,13:16:03,9.1,--,512,465920,买盘
1441,13:15:57,9.1,--,10,9100,买盘
1442,13:15:51,9.1,--,100,91000,买盘
1443,13:15:42,9.1,--,50,45500,买盘
1444,13:15:39,9.1,--,7,7207,卖盘
1445,13:15:36,9.1,--,10,9100,卖盘
1446,13:15:33,9.1,--,49,44626,卖盘
1447,13:15:27,9.1,--,46,41860,买盘
1448,13:15:21,9.1,--,29,26426,买盘
1449,13:15:12,9.1,--,50,45500,买盘
1450,13:15:06,9.1,0.01,52,47320,买盘
1451,13:15:00,9.09,-0.02,1608,1462544,卖盘
1452,13:14:57,9.11,0.01,567,516792,买盘
1453,13:14:54,9.1,-0.01,57,51906,卖盘
1454,13:14:51,9.11,--,20,18220,买盘
1455,13:14:48,9.11,0.01,30,28204,买盘
1456,13:14:45,9.1,-0.01,61,55619,卖盘
1457,13:14:42,9.11,0.01,30,27330,买盘
1458,13:14:36,9.1,-0.01,99,90708,卖盘
1459,13:14:33,9.11,--,100,91100,买盘
1460,13:14:27,9.11,--,4,3644,买盘
1461,13:14:21,9.11,--,215,196338,卖盘
1462,13:14:18,9.11,--,34,31411,卖盘
1463,13:14:09,9.11,--,0,874,卖盘
1464,13:14:06,9.11,0.01,32,29152,买盘
1465,13:14:03,9.1,-0.01,14,13468,卖盘
1466,13:14:00,9.11,0.01,100,91100,买盘
1467,13:13:54,9.1,-0.01,13,12157,卖盘
1468,13:13:51,9.11,--,0,874,买盘
1469,13:13:48,9.11,0.01,25,22811,买盘
1470,13:13:45,9.1,--,29,26790,卖盘
1471,13:13:42,9.1,--,9,9027,卖盘
1472,13:13:39,9.1,--,5,4586,卖盘
1473,13:13:36,9.1,-0.01,48,43752,卖盘
1474,13:13:33,9.11,--,10,9110,买盘
1475,13:13:30,9.11,0.01,30,27330,买盘
1476,13:13:27,9.1,-0.01,10,9100,卖盘
1477,13:13:24,9.11,0.01,99,90444,买盘
1478,13:13:21,9.1,-0.01,60,55473,卖盘
1479,13:13:18,9.11,0.01,157,143063,买盘
1480,13:13:15,9.1,--,68,62316,卖盘
1481,13:13:12,9.1,-0.01,2,1820,卖盘
1482,13:13:06,9.11,0.01,10,9110,买盘
1483,13:13:03,9.1,-0.01,200,182000,卖盘
1484,13:12:57,9.11,0.01,4,4518,买盘
1485,13:12:54,9.1,--,174,158631,卖盘
1486,13:12:51,9.1,-0.01,623,566966,卖盘
1487,13:12:48,9.11,--,14,13628,买盘
1488,13:12:45,9.11,--,30,27330,买盘
1489,13:12:42,9.11,--,430,392604,卖盘
1490,13:12:39,9.11,--,110,100210,卖盘
1491,13:12:33,9.11,-0.01,67,61729,卖盘
1492,13:12:30,9.12,0.01,112,102362,买盘
1493,13:12:27,9.11,--,3,2769,买盘
1494,13:12:24,9.11,--,32,29735,买盘
1495,13:12:18,9.11,--,189,173017,买盘
1496,13:12:15,9.11,--,1,1457,卖盘
1497,13:12:12,9.11,--,30,27694,买盘
1498,13:12:09,9.11,--,10,9182,买盘
1499,13:12:06,9.11,--,105,96493,买盘
1500,13:11:57,9.11,--,55,50870,卖盘
1501,13:11:54,9.11,-0.01,11,10421,卖盘
1502,13:11:51,9.12,0.01,150,136800,买盘
1503,13:11:48,9.11,--,27,24633,卖盘
1504,13:11:45,9.11,--,8,8162,卖盘
1505,13:11:42,9.11,--,14,13409,卖盘
1506,13:11:39,9.11,--,10,9182,卖盘
1507,13:11:36,9.11,0.01,0,874,买盘
1508,13:11:33,9.1,-0.01,45,41059,卖盘
1509,13:11:30,9.11,--,2,1894,买盘
1510,13:11:27,9.11,0.01,1,1749,中性盘
1511,13:11:24,9.1,-0.01,97,88816,卖盘
1512,13:11:21,9.11,--,20,18220,买盘
1513,13:11:18,9.11,0.01,32,30026,买盘
1514,13:11:12,9.1,-0.01,49,44844,卖盘
1515,13:11:09,9.11,--,262,238681,买盘
1516,13:11:06,9.11,0.01,5,4591,买盘
1517,13:11:03,9.1,-0.01,34,31085,卖盘
1518,13:10:57,9.11,0.01,30,27330,买盘
1519,13:10:54,9.1,-0.01,78,71635,卖盘
1520,13:10:48,9.11,0.01,2,1822,买盘
1521,13:10:45,9.1,--,0,873,卖盘
1522,13:10:42,9.1,-0.01,16,15215,卖盘
1523,13:10:39,9.11,0.01,20,18220,买盘
1524,13:10:36,9.1,--,8,7280,卖盘
1525,13:10:30,9.1,-0.01,23,21403,卖盘
1526,13:10:27,9.11,--,32,29152,卖盘
1527,13:10:24,9.11,--,27,25216,卖盘
1528,13:10:18,9.11,--,2,2696,卖盘
1529,13:10:15,9.11,--,2,1822,卖盘
1530,13:10:12,9.11,0.01,74,67997,买盘
1531,13:10:03,9.1,-0.01,15,14196,卖盘
1532,13:10:00,9.11,--,2,1822,买盘
1533,13:09:57,9.11,--,50,45550,买盘
1534,13:09:54,9.11,0.01,52,47372,买盘
1535,13:09:42,9.1,--,1,1747,卖盘
1536,13:09:39,9.1,--,24,22422,卖盘
1537,13:09:33,9.1,--,61,55546,卖盘
1538,13:09:30,9.1,--,11,10119,卖盘
1539,13:09:27,9.1,-0.01,10,9100,卖盘
1540,13:09:21,9.11,--,4,4518,买盘
1541,13:09:18,9.11,--,28,25508,卖盘
1542,13:09:15,9.11,0.01,4,3644,卖盘
1543,13:09:12,9.1,-0.01,89,81390,卖盘
1544,13:09:09,9.11,0.01,76,69746,买盘
1545,13:09:06,9.1,--,8,7280,卖盘
1546,13:09:03,9.1,-0.01,211,192046,卖盘
1547,13:08:57,9.11,--,62,57356,买盘
1548,13:08:54,9.11,--,24,21864,买盘
1549,13:08:51,9.11,0.01,41,37533,买盘
1550,13:08:48,9.1,-0.01,500,455000,卖盘
1551,13:08:45,9.11,--,14,12754,买盘
1552,13:08:42,9.11,0.01,433,394790,买盘
1553,13:08:39,9.1,-0.01,4,3640,卖盘
1554,13:08:30,9.11,-0.01,117,107206,卖盘
1555,13:08:21,9.12,0.01,69,63183,买盘
1556,13:08:15,9.11,0.01,2,1822,买盘
1557,13:08:12,9.1,--,3,2766,卖盘
1558,13:08:09,9.1,-0.02,35,32468,卖盘
1559,13:08:03,9.12,0.01,132,120383,买盘
1560,13:08:00,9.11,-0.01,105,95764,卖盘
1561,13:07:57,9.12,0.02,4,4523,买盘
1562,13:07:54,9.1,-0.01,162,148075,卖盘
1563,13:07:48,9.11,--,2,1822,卖盘
1564,13:07:45,9.11,--,146,133443,买盘
1565,13:07:42,9.11,0.01,28,25508,买盘
1566,13:07:39,9.1,-0.01,3,3494,卖盘
1567,13:07:36,9.11,0.01,12,10932,买盘
1568,13:07:33,9.1,-0.01,469,427627,卖盘
1569,13:07:30,9.11,0.01,12,11515,买盘
1570,13:07:18,9.1,-0.01,35,32032,卖盘
1571,13:07:09,9.11,0.01,82,75576,买盘
1572,13:07:03,9.1,--,18,16380,买盘
1573,13:06:57,9.1,-0.01,183,166566,卖盘
1574,13:06:54,9.11,--,9,9037,买盘
1575,13:06:48,9.11,0.01,112,102032,买盘
1576,13:06:45,9.1,--,30,27372,买盘
1577,13:06:36,9.1,--,4,4513,买盘
1578,13:06:30,9.1,--,42,38656,卖盘
1579,13:06:27,9.1,--,120,109200,卖盘
1580,13:06:24,9.1,--,18,16816,买盘
1581,13:06:21,9.1,--,710,646172,买盘
1582,13:06:15,9.1,--,22,20893,买盘
1583,13:06:12,9.1,--,2,1820,买盘
1584,13:06:09,9.1,--,32,29993,买盘
1585,13:06:06,9.1,--,83,76076,卖盘
1586,13:06:03,9.1,--,0,873,卖盘
1587,13:05:54,9.1,--,342,311656,买盘
1588,13:05:45,9.1,--,28,26353,买盘
1589,13:05:42,9.1,--,122,111092,卖盘
1590,13:05:36,9.1,0.01,12,11793,买盘
1591,13:05:33,9.09,-0.01,72,66320,卖盘
1592,13:05:30,9.1,--,40,36400,买盘
1593,13:05:24,9.1,--,15,13686,买盘
1594,13:05:21,9.1,--,3,2766,买盘
1595,13:05:18,9.1,-0.01,88,80808,卖盘
1596,13:05:15,9.11,--,12,10932,买盘
1597,13:05:06,9.11,0.01,42,38845,买盘
1598,13:05:03,9.1,-0.01,270,246573,卖盘
1599,13:05:00,9.11,0.01,16,14576,买盘
1600,13:04:57,9.1,--,34,30940,卖盘
1601,13:04:51,9.1,-0.01,7,6406,卖盘
1602,13:04:48,9.11,0.01,10,9984,买盘
1603,13:04:45,9.1,--,92,83938,卖盘
1604,13:04:42,9.1,-0.01,10,9100,卖盘
1605,13:04:39,9.11,0.01,11,10057,中性盘
1606,13:04:33,9.1,--,18,16598,买盘
1607,13:04:30,9.1,--,14,12812,买盘
1608,13:04:27,9.1,-0.01,38,34725,卖盘
1609,13:04:24,9.11,-0.01,5,4591,卖盘
1610,13:04:21,9.12,--,1,1751,买盘
1611,13:04:18,9.12,--,230,209832,买盘
1612,13:04:15,9.12,--,218,199691,买盘
1613,13:04:09,9.12,--,16,14591,买盘
1614,13:04:06,9.12,0.02,58,53771,买盘
1615,13:04:03,9.1,-0.03,3020,2748200,卖盘
1616,13:03:57,9.13,0.01,10,9203,买盘
1617,13:03:54,9.12,-0.02,6,6347,卖盘
1618,13:03:51,9.14,--,5,4606,买盘
1619,13:03:48,9.14,0.02,2,2705,买盘
1620,13:03:45,9.12,-0.01,53,48372,卖盘
1621,13:03:42,9.13,0.01,263,240155,中性盘
1622,13:03:36,9.12,-0.01,90,82298,卖盘
1623,13:03:30,9.13,--,20,18260,卖盘
1624,13:03:27,9.13,0.01,10,9130,买盘
1625,13:03:24,9.12,-0.01,121,110534,卖盘
1626,13:03:18,9.13,--,3,2775,买盘
1627,13:03:15,9.13,--,300,273900,买盘
1628,13:03:12,9.13,--,24,21912,买盘
1629,13:03:06,9.13,--,10,10006,买盘
1630,13:03:03,9.13,--,24,21912,买盘
1631,13:02:57,9.13,--,4,3652,买盘
1632,13:02:51,9.13,--,67,61207,买盘
1633,13:02:45,9.13,--,8,7304,买盘
1634,13:02:42,9.13,-0.02,306,280254,卖盘
1635,13:02:39,9.15,--,5,4611,买盘
1636,13:02:36,9.15,--,200,183000,买盘
1637,13:02:32,9.15,0.01,22,20130,买盘
1638,13:02:29,9.14,-0.01,28,26469,中性盘
1639,13:02:26,9.15,--,63,57681,买盘
1640,13:02:23,9.15,--,4,4538,买盘
1641,13:02:20,9.15,--,4,3660,买盘
1642,13:02:17,9.15,--,60,54900,买盘
1643,13:02:14,9.15,--,61,55851,买盘
1644,13:02:11,9.15,--,22,21008,买盘
1645,13:02:08,9.15,--,23,21081,买盘
1646,13:02:02,9.15,--,24,21960,买盘
1647,13:01:56,9.15,--,20,18300,买盘
1648,13:01:53,9.15,0.01,26,23790,买盘
1649,13:01:41,9.14,--,290,265060,买盘
1650,13:01:38,9.14,--,30,27420,买盘
1651,13:01:35,9.14,--,22,20985,买盘
1652,13:01:29,9.14,0.01,149,136222,买盘
1653,13:01:26,9.13,-0.01,100,91300,卖盘
1654,13:01:23,9.14,0.01,6,5484,买盘
1655,13:01:14,9.13,--,291,266084,买盘
1656,13:01:11,9.13,--,73,66685,买盘
1657,13:01:05,9.13,--,30,27390,买盘
1658,13:01:02,9.13,--,70,63910,买盘
1659,13:00:59,9.13,--,60,54780,买盘
1660,13:00:56,9.13,--,8,8180,买盘
1661,13:00:53,9.13,--,92,83996,买盘
1662,13:00:50,9.13,--,2,1826,买盘
1663,13:00:47,9.13,--,10,9130,买盘
1664,13:00:44,9.13,--,32,29216,买盘
1665,13:00:38,9.13,--,126,115038,买盘
1666,13:00:32,9.13,--,12,10956,买盘
1667,13:00:29,9.13,0.01,13,11905,买盘
1668,13:00:23,9.12,-0.01,12,10943,卖盘
1669,13:00:20,9.13,0.01,50,45650,买盘
1670,13:00:17,9.12,-0.01,6,5471,卖盘
1671,13:00:14,9.13,--,10,9130,买盘
1672,13:00:11,9.13,0.01,16,14608,买盘
1673,13:00:08,9.12,0.01,903,824229,买盘
1674,13:00:02,9.11,0.02,516,470075,买盘
1675,11:29:58,9.09,-0.01,4,4508,卖盘
1676,11:29:55,9.1,0.01,4,3640,买盘
1677,11:29:52,9.09,-0.01,12,10908,卖盘
1678,11:29:46,9.1,--,40,36400,买盘
1679,11:29:43,9.1,--,1,946,买盘
1680,11:29:40,9.1,0.01,26,23660,买盘
1681,11:29:37,9.09,-0.01,11,10035,卖盘
1682,11:29:34,9.1,--,58,53653,买盘
1683,11:29:31,9.1,0.01,2,1820,买盘
1684,11:29:28,9.09,--,18,16362,卖盘
1685,11:29:25,9.09,-0.01,70,64502,卖盘
1686,11:29:16,9.1,--,140,127400,买盘
1687,11:29:13,9.1,0.01,1,946,买盘
1688,11:29:10,9.09,--,38,35414,卖盘
1689,11:29:01,9.09,-0.01,39,35487,卖盘
1690,11:28:58,9.1,--,27,24606,买盘
1691,11:28:52,9.1,--,29,27227,买盘
1692,11:28:49,9.1,0.01,2,1892,买盘
1693,11:28:43,9.09,-0.01,224,204488,卖盘
1694,11:28:37,9.1,--,72,66393,买盘
1695,11:28:34,9.1,--,14,12812,买盘
1696,11:28:31,9.1,--,9,9027,买盘
1697,11:28:28,9.1,--,1,946,买盘
1698,11:28:25,9.1,--,48,43680,买盘
1699,11:28:22,9.1,--,4,3640,买盘
1700,11:28:16,9.1,--,12,10920,买盘
1701,11:28:13,9.1,--,1812,1649502,卖盘
1702,11:28:10,9.1,-0.01,36,33633,卖盘
1703,11:28:07,9.11,0.01,10,9110,买盘
1704,11:28:04,9.1,--,82,75493,卖盘
1705,11:28:01,9.1,--,19,17326,卖盘
1706,11:27:58,9.1,-0.01,20,18200,卖盘
1707,11:27:52,9.11,0.01,111,101813,买盘
1708,11:27:43,9.1,-0.01,18,16380,卖盘
1709,11:27:40,9.11,0.01,6,5466,买盘
1710,11:27:37,9.1,-0.01,20,18200,卖盘
1711,11:27:28,9.11,0.01,65,59688,买盘
1712,11:27:19,9.1,-0.01,0,873,卖盘
1713,11:27:13,9.11,--,11,10057,买盘
1714,11:27:10,9.11,-0.01,165,150715,卖盘
1715,11:27:07,9.12,0.01,2,1823,买盘
1716,11:26:58,9.11,-0.01,338,308792,卖盘
1717,11:26:52,9.12,0.01,62,56543,买盘
1718,11:26:49,9.11,--,130,118429,卖盘
1719,11:26:40,9.11,-0.01,60,54660,卖盘
1720,11:26:31,9.12,0.01,24,22763,买盘
1721,11:26:28,9.11,--,3,3279,卖盘
1722,11:26:25,9.11,-0.01,150,136650,卖盘
1723,11:26:22,9.12,0.01,18,16416,买盘
1724,11:26:16,9.11,--,12,10932,卖盘
1725,11:26:07,9.11,-0.01,20,18365,卖盘
1726,11:26:01,9.12,--,19,17948,卖盘
1727,11:25:58,9.12,-0.01,64,58659,卖盘
1728,11:25:52,9.13,0.02,3,2775,买盘
1729,11:25:49,9.11,-0.01,131,119377,卖盘
1730,11:25:46,9.12,--,10,9192,卖盘
1731,11:25:40,9.12,0.01,9,8317,买盘
1732,11:25:37,9.11,-0.01,227,207562,卖盘
1733,11:25:34,9.12,--,200,182399,买盘
1734,11:25:22,9.12,-0.01,177,161825,卖盘
1735,11:25:19,9.13,0.01,12,10956,买盘
1736,11:25:16,9.12,-0.01,22,20793,卖盘
1737,11:25:13,9.13,0.01,6,5478,买盘
1738,11:25:07,9.12,--,8,7295,卖盘
1739,11:25:04,9.12,-0.01,68,62015,卖盘
1740,11:24:58,9.13,--,16,15484,买盘
1741,11:24:55,9.13,--,199,182161,卖盘
1742,11:24:46,9.13,--,30,27755,卖盘
1743,11:24:37,9.13,-0.01,44,40245,卖盘
1744,11:24:28,9.14,0.02,57,52134,买盘
1745,11:24:25,9.12,--,120,109512,卖盘
1746,11:24:22,9.12,--,26,24587,卖盘
1747,11:24:13,9.12,--,36,33415,卖盘
1748,11:24:10,9.12,-0.01,76,70187,卖盘
1749,11:24:07,9.13,0.01,100,91300,买盘
1750,11:24:04,9.12,-0.01,112,102289,卖盘
1751,11:24:01,9.13,0.01,10,9130,买盘
1752,11:23:58,9.12,--,4,4523,卖盘
1753,11:23:55,9.12,-0.01,145,132787,卖盘
1754,11:23:52,9.13,--,223,203635,买盘
1755,11:23:46,9.13,--,105,96704,买盘
1756,11:23:43,9.13,0.01,370,338686,买盘
1757,11:23:40,9.12,--,5,4596,卖盘
1758,11:23:37,9.12,--,3,3137,卖盘
1759,11:23:31,9.12,--,13,11892,买盘
1760,11:23:24,9.12,0.01,11,10579,买盘
1761,11:23:18,9.11,-0.01,19,17782,卖盘
1762,11:23:12,9.12,--,16,14591,买盘
1763,11:23:06,9.12,0.01,10,9995,买盘
1764,11:23:03,9.11,-0.01,19,17855,卖盘
1765,11:22:57,9.12,--,1,948,买盘
1766,11:22:54,9.12,--,38,34874,卖盘
1767,11:22:48,9.12,--,27,24660,卖盘
1768,11:22:42,9.12,--,219,199983,卖盘
1769,11:22:39,9.12,--,50,45599,卖盘
1770,11:22:33,9.12,-0.01,60,54719,卖盘
1771,11:22:30,9.13,0.01,101,92249,买盘
1772,11:22:24,9.12,--,200,182399,卖盘
1773,11:22:15,9.12,--,3,3137,卖盘
1774,11:22:12,9.12,--,2001,1824948,卖盘
1775,11:22:09,9.12,--,8,7295,卖盘
1776,11:22:03,9.12,--,8,7441,卖盘
1777,11:21:54,9.12,-0.01,27,25025,卖盘
1778,11:21:33,9.13,--,68,62157,卖盘
1779,11:21:27,9.13,--,35,31991,卖盘
1780,11:21:21,9.13,-0.01,204,187128,卖盘
1781,11:21:18,9.14,--,210,191940,买盘
1782,11:21:12,9.14,--,1357,1240773,卖盘
1783,11:21:09,9.14,--,12,10968,卖盘
1784,11:21:03,9.14,-0.01,11,10529,卖盘
1785,11:20:57,9.15,--,176,161918,买盘
1786,11:20:54,9.15,--,11,10101,买盘
1787,11:20:48,9.15,--,27,24888,卖盘
1788,11:20:42,9.15,-0.02,14,13176,卖盘
1789,11:20:39,9.17,0.02,132,121044,买盘
1790,11:20:33,9.15,--,26,23790,卖盘
1791,11:20:30,9.15,-0.02,43,39528,卖盘
1792,11:20:27,9.17,--,4,4548,买盘
1793,11:20:21,9.17,-0.01,37,34112,中性盘
1794,11:20:12,9.18,0.01,99,91726,买盘
1795,11:20:09,9.17,0.02,61,55973,买盘
1796,11:20:06,9.15,--,10,9150,买盘
1797,11:20:03,9.15,--,2,2708,买盘
1798,11:20:00,9.15,--,7,6441,买盘
1799,11:19:57,9.15,-0.02,256,234313,卖盘
1800,11:19:51,9.17,-0.01,12,11297,中性盘
1801,11:19:48,9.18,0.03,0,881,买盘
1802,11:19:45,9.15,-0.01,30,27450,卖盘
1803,11:19:39,9.16,--,12,11871,卖盘
1804,11:19:36,9.16,--,28,25794,买盘
1805,11:19:30,9.16,--,10,9160,买盘
1806,11:19:27,9.16,--,32,29531,卖盘
1807,11:19:24,9.16,--,0,879,卖盘
1808,11:19:21,9.16,-0.02,29,27040,卖盘
1809,11:19:18,9.18,0.02,4,4553,买盘
1810,11:19:09,9.16,--,27,24988,卖盘
1811,11:19:06,9.16,--,9,8280,卖盘
1812,11:19:03,9.16,--,62,56792,买盘
1813,11:19:00,9.16,--,23,21837,买盘
1814,11:18:57,9.16,--,65,59576,买盘
1815,11:18:54,9.16,--,2,1832,买盘
1816,11:18:51,9.16,0.01,16,15535,买盘
1817,11:18:48,9.15,-0.01,5,4611,卖盘
1818,11:18:45,9.16,--,2,1832,买盘
1819,11:18:42,9.16,--,38,35687,买盘
1820,11:18:39,9.16,0.01,50,45800,买盘
1821,11:18:27,9.15,--,22,20642,卖盘
1822,11:18:24,9.15,0.01,74,67783,买盘
1823,11:18:18,9.14,-0.01,54,49356,卖盘
1824,11:18:15,9.15,-0.01,5,4611,买盘
1825,11:18:12,9.16,0.01,16,14656,买盘
1826,11:18:09,9.15,--,363,332401,买盘
1827,11:18:03,9.15,0.02,47,43041,买盘
1828,11:17:57,9.13,-0.01,63,58212,卖盘
1829,11:17:54,9.14,0.02,4,3656,买盘
1830,11:17:48,9.12,-0.02,87,79380,卖盘
1831,11:17:45,9.14,0.01,31,28370,买盘
1832,11:17:42,9.13,0.01,8,7304,买盘
1833,11:17:39,9.12,-0.01,3,2845,买盘
1834,11:17:30,9.13,--,286,261994,买盘
1835,11:17:27,9.13,-0.07,7,6427,中性盘
1836,11:17:21,9.2,0.09,3400,3127999,买盘
1837,11:17:15,9.11,-0.01,28,26018,卖盘
1838,11:17:09,9.12,--,47,43557,卖盘
1839,11:17:06,9.12,--,27,24733,卖盘
1840,11:17:00,9.12,--,12,11819,卖盘
1841,11:16:57,9.12,--,73,67196,卖盘
1842,11:16:48,9.12,-0.01,25,23493,卖盘
1843,11:16:45,9.13,0.01,2,2702,中性盘
1844,11:16:39,9.12,--,9,8974,卖盘
1845,11:16:36,9.12,-0.02,26,23711,卖盘
1846,11:16:33,9.14,0.02,50,45700,买盘
1847,11:16:30,9.12,-0.01,30,28162,卖盘
1848,11:16:21,9.13,0.01,2,1899,买盘
1849,11:16:18,9.12,-0.01,25,23055,卖盘
1850,11:16:12,9.13,--,50,45650,买盘
1851,11:16:09,9.13,--,10,10006,买盘
1852,11:16:06,9.13,-0.01,74,67927,卖盘
1853,11:15:54,9.14,0.01,5,4606,买盘
1854,11:15:51,9.13,-0.01,454,414502,卖盘
1855,11:15:48,9.14,--,11,10090,卖盘
1856,11:15:45,9.14,--,67,61932,卖盘
1857,11:15:36,9.14,--,22,20839,卖盘
1858,11:15:27,9.14,-0.01,33,30929,卖盘
1859,11:15:24,9.15,0.01,2,1830,买盘
1860,11:15:21,9.14,--,10,9140,卖盘
1861,11:15:18,9.14,--,95,87012,卖盘
1862,11:15:12,9.14,--,1,950,卖盘
1863,11:15:06,9.14,--,44,40216,卖盘
1864,11:15:03,9.14,--,240,219360,卖盘
1865,11:14:57,9.14,-0.01,416,380224,卖盘
1866,11:14:54,9.15,-0.01,74,68442,卖盘
1867,11:14:51,9.16,0.01,217,198808,买盘
1868,11:14:48,9.15,--,10,9150,卖盘
1869,11:14:45,9.15,0.01,96,87986,买盘
1870,11:14:36,9.14,--,23,21789,卖盘
1871,11:14:33,9.14,--,47,42994,买盘
1872,11:14:30,9.14,--,13,11918,买盘
1873,11:14:27,9.14,-0.01,29,27127,卖盘
1874,11:14:24,9.15,--,12,10980,买盘
1875,11:14:21,9.15,--,38,34770,买盘
1876,11:14:15,9.15,0.01,161,147864,买盘
1877,11:14:12,9.14,0.01,60,55498,买盘
1878,11:14:06,9.13,-0.01,43,39514,卖盘
1879,11:14:03,9.14,--,51,46650,买盘
1880,11:13:57,9.14,--,60,55717,买盘
1881,11:13:54,9.14,--,33,30564,卖盘
1882,11:13:51,9.14,--,36,32904,卖盘
1883,11:13:48,9.14,0.01,111,102002,中性盘
1884,11:13:36,9.13,-0.02,53,49155,卖盘
1885,11:13:33,9.15,--,110,100650,买盘
1886,11:13:30,9.15,0.02,32,29280,买盘
1887,11:13:24,9.13,-0.02,1,949,卖盘
1888,11:13:21,9.15,--,40,36600,买盘
1889,11:13:18,9.15,--,120,109800,买盘
1890,11:13:09,9.15,--,1,1683,卖盘
1891,11:13:06,9.15,-0.01,38,34916,卖盘
1892,11:13:03,9.16,--,2,1832,买盘
1893,11:13:00,9.16,0.03,556,509296,买盘
1894,11:12:54,9.13,-0.01,50,46015,卖盘
1895,11:12:48,9.14,0.01,13,11918,买盘
1896,11:12:42,9.13,--,60,54999,卖盘
1897,11:12:36,9.13,--,104,95828,卖盘
1898,11:12:33,9.13,-0.01,22,20451,卖盘
1899,11:12:30,9.14,--,45,41166,买盘
1900,11:12:24,9.14,0.01,74,68220,买盘
1901,11:12:12,9.13,--,9,8545,卖盘
1902,11:12:09,9.13,0.01,151,138483,买盘
1903,11:12:06,9.12,0.02,77,71063,买盘
1904,11:12:03,9.1,--,10,9100,卖盘
1905,11:12:00,9.1,--,20,19073,卖盘
1906,11:11:54,9.1,--,93,84739,卖盘
1907,11:11:48,9.1,--,8,7280,卖盘
1908,11:11:45,9.1,-0.01,58,53216,卖盘
1909,11:11:39,9.11,--,173,157639,买盘
1910,11:11:36,9.11,0.01,48,44602,买盘
1911,11:11:33,9.1,--,5,4586,卖盘
1912,11:11:30,9.1,--,108,98498,卖盘
1913,11:11:27,9.1,-0.01,10,9100,卖盘
1914,11:11:21,9.11,0.01,71,65081,买盘
1915,11:11:18,9.1,--,20,19073,买盘
1916,11:11:15,9.1,--,2,1820,买盘
1917,11:11:12,9.1,0.01,162,147420,卖盘
1918,11:11:06,9.09,-0.01,11,10035,卖盘
1919,11:11:03,9.1,--,86,79060,卖盘
1920,11:11:00,9.1,-0.01,74,68213,卖盘
1921,11:10:57,9.11,0.01,13,11879,买盘
1922,11:10:51,9.1,--,74,68213,卖盘
1923,11:10:45,9.1,--,198,180180,卖盘
1924,11:10:39,9.1,--,6,5460,卖盘
1925,11:10:36,9.1,--,64,58822,买盘
1926,11:10:30,9.1,--,10,9100,买盘
1927,11:10:21,9.1,--,33,30284,卖盘
1928,11:10:18,9.1,--,34,30940,卖盘
1929,11:10:15,9.1,--,102,92820,卖盘
1930,11:10:12,9.1,--,1,946,卖盘
1931,11:10:09,9.1,-0.01,130,118882,卖盘
1932,11:10:03,9.11,--,8,7288,买盘
1933,11:10:00,9.11,-0.01,212,193132,卖盘
1934,11:09:57,9.12,--,3,2772,买盘
1935,11:09:54,9.12,--,4,3647,买盘
1936,11:09:51,9.12,-0.01,450,410910,卖盘
1937,11:09:42,9.13,--,66,60842,买盘
1938,11:09:39,9.13,--,29,26513,买盘
1939,11:09:36,9.13,--,6,6354,买盘
1940,11:09:33,9.13,--,249,228030,买盘
1941,11:09:24,9.13,--,10,9130,买盘
1942,11:09:21,9.13,0.01,153,140163,买盘
1943,11:09:18,9.12,-0.01,398,363851,卖盘
1944,11:09:15,9.13,--,5,4601,买盘
1945,11:09:12,9.13,--,316,288800,卖盘
1946,11:09:09,9.13,-0.01,32,29800,卖盘
1947,11:09:06,9.14,0.01,1,950,买盘
1948,11:09:00,9.13,--,96,88451,卖盘
1949,11:08:54,9.13,-0.01,12,10956,卖盘
1950,11:08:51,9.14,-0.01,39,35975,卖盘
1951,11:08:48,9.15,0.02,4,3660,买盘
1952,11:08:42,9.13,--,96,87867,卖盘
1953,11:08:39,9.13,-0.02,28,25564,卖盘
1954,11:08:36,9.15,0.02,10,9150,买盘
1955,11:08:30,9.13,-0.02,1,1606,卖盘
1956,11:08:27,9.15,0.02,235,215061,买盘
1957,11:08:21,9.13,-0.02,83,76618,卖盘
1958,11:08:18,9.15,--,6,5490,卖盘
1959,11:08:12,9.15,0.01,153,140324,买盘
1960,11:08:09,9.14,-0.01,29,26542,卖盘
1961,11:08:03,9.15,--,62,56730,买盘
1962,11:08:00,9.15,0.02,16,14640,买盘
1963,11:07:57,9.13,-0.01,61,56021,卖盘
1964,11:07:54,9.14,0.01,20,18280,买盘
1965,11:07:48,9.13,-0.02,187,170767,卖盘
1966,11:07:42,9.15,0.02,10,10028,买盘
1967,11:07:39,9.13,-0.02,69,63033,卖盘
1968,11:07:36,9.15,0.03,10,9150,买盘
1969,11:07:30,9.12,--,200,182399,卖盘
1970,11:07:24,9.12,--,0,875,卖盘
1971,11:07:21,9.12,-0.03,35,32394,中性盘
1972,11:07:12,9.15,0.05,1118,1022970,买盘
1973,11:07:06,9.1,--,53,48630,卖盘
1974,11:07:03,9.1,--,64,59113,卖盘
1975,11:07:00,9.1,-0.01,130,118300,卖盘
1976,11:06:57,9.11,0.01,94,86217,买盘
1977,11:06:54,9.1,--,200,182000,卖盘
1978,11:06:45,9.1,--,8,7280,卖盘
1979,11:06:42,9.1,--,10,9973,买盘
1980,11:06:39,9.1,--,12,10920,卖盘
1981,11:06:36,9.1,--,200,182000,卖盘
1982,11:06:33,9.1,--,10,9100,卖盘
1983,11:06:30,9.1,-0.01,1,946,卖盘
1984,11:06:27,9.11,0.02,100,91100,买盘
1985,11:06:24,9.09,--,0,872,卖盘
1986,11:06:18,9.09,--,214,194744,买盘
1987,11:06:15,9.09,--,52,47268,买盘
1988,11:06:12,9.09,--,200,181800,买盘
1989,11:06:06,9.09,-0.01,1028,935179,卖盘
1990,11:05:57,9.1,--,84,76585,买盘
1991,11:05:54,9.1,--,141,128346,卖盘
1992,11:05:51,9.1,--,30,28173,卖盘
1993,11:05:48,9.1,-0.01,114,103740,卖盘
1994,11:05:45,9.11,0.01,185,168571,买盘
1995,11:05:42,9.1,--,44,40913,卖盘
1996,11:05:36,9.1,0.01,69,62826,买盘
1997,11:05:33,9.09,-0.01,80,72720,卖盘
1998,11:05:27,9.1,--,14,13613,买盘
1999,11:05:21,9.1,--,50,45500,买盘
2000,11:05:18,9.1,0.01,9,8226,买盘
2001,11:05:15,9.09,--,10,9962,卖盘
2002,11:05:09,9.09,-0.01,6,5454,卖盘
2003,11:05:06,9.1,--,32,29120,买盘
2004,11:05:00,9.1,0.01,6,5460,买盘
2005,11:04:51,9.09,-0.01,42,38178,卖盘
2006,11:04:45,9.1,--,210,191100,卖盘
2007,11:04:42,9.1,--,149,135626,卖盘
2008,11:04:39,9.1,--,30,27300,卖盘
2009,11:04:36,9.1,--,14,12740,卖盘
2010,11:04:33,9.1,--,70,63700,买盘
2011,11:04:30,9.1,--,10,9973,买盘
2012,11:04:27,9.1,--,2,1820,买盘
2013,11:04:24,9.1,0.01,32,29120,买盘
2014,11:04:21,9.09,0.01,1,945,卖盘
2015,11:04:18,9.08,-0.01,708,643735,卖盘
2016,11:04:15,9.09,-0.01,62,56358,卖盘
2017,11:04:12,9.1,0.01,219,199326,买盘
2018,11:04:09,9.09,--,54,49958,卖盘
2019,11:04:06,9.09,--,125,113661,卖盘
2020,11:04:00,9.09,--,120,109080,卖盘
2021,11:03:57,9.09,--,50,46322,卖盘
2022,11:03:54,9.09,--,81,73665,卖盘
2023,11:03:51,9.09,0.01,79,72501,买盘
2024,11:03:48,9.08,--,25,22736,卖盘
2025,11:03:42,9.08,-0.01,24,22663,卖盘
2026,11:03:39,9.09,--,30,27270,买盘
2027,11:03:36,9.09,--,20,18180,买盘
2028,11:03:33,9.09,--,105,95481,买盘
2029,11:03:30,9.09,--,20,19052,买盘
2030,11:03:27,9.09,--,260,236340,买盘
2031,11:03:21,9.09,--,6,5454,买盘
2032,11:03:18,9.09,--,573,521038,卖盘
2033,11:03:15,9.09,-0.01,602,547218,卖盘
2034,11:03:12,9.1,0.01,444,404913,买盘
2035,11:03:09,9.09,-0.01,446,406286,卖盘
2036,11:03:06,9.1,--,176,160160,买盘
2037,11:03:00,9.1,--,15,13686,买盘
2038,11:02:56,9.1,--,155,141086,买盘
2039,11:02:50,9.1,--,14,13613,买盘
2040,11:02:44,9.1,--,81,73746,卖盘
2041,11:02:32,9.1,--,50,46373,卖盘
2042,11:02:29,9.1,0.01,13,11866,中性盘
2043,11:02:26,9.09,-0.02,164,149948,卖盘
2044,11:02:23,9.11,0.01,68,62385,买盘
2045,11:02:20,9.1,--,40,36400,买盘
2046,11:02:14,9.1,-0.01,117,106724,卖盘
2047,11:02:08,9.11,0.01,105,95691,买盘
2048,11:02:05,9.1,--,72,65520,卖盘
2049,11:02:02,9.1,--,287,261352,卖盘
2050,11:01:59,9.1,-0.01,99,90126,卖盘
2051,11:01:56,9.11,0.01,150,137524,买盘
2052,11:01:53,9.1,-0.01,274,249922,卖盘
2053,11:01:50,9.11,--,100,91100,买盘
2054,11:01:47,9.11,0.01,24,21864,买盘
2055,11:01:44,9.1,-0.01,58,53580,卖盘
2056,11:01:38,9.11,0.01,12,10932,买盘
2057,11:01:35,9.1,--,124,112840,卖盘
2058,11:01:32,9.1,--,42,38365,卖盘
2059,11:01:29,9.1,-0.01,30,27372,卖盘
2060,11:01:23,9.11,0.01,50,46424,买盘
2061,11:01:20,9.1,-0.01,28,25552,卖盘
2062,11:01:14,9.11,0.01,5,4591,买盘
2063,11:01:11,9.1,--,70,63991,卖盘
2064,11:01:05,9.1,--,30,27372,卖盘
2065,11:01:02,9.1,--,129,117863,卖盘
2066,11:00:59,9.1,-0.01,34,31813,卖盘
2067,11:00:56,9.11,--,30,27402,买盘
2068,11:00:53,9.11,--,9,9037,买盘
2069,11:00:50,9.11,--,251,229207,买盘
2070,11:00:47,9.11,--,120,109320,买盘
2071,11:00:44,9.11,--,16,15450,买盘
2072,11:00:41,9.11,--,161,147436,买盘
2073,11:00:32,9.11,0.01,126,115077,买盘
2074,11:00:29,9.1,-0.01,10,9100,卖盘
2075,11:00:26,9.11,--,123,112089,买盘
2076,11:00:23,9.11,0.01,254,232195,买盘
2077,11:00:20,9.1,-0.01,36,33633,卖盘
2078,11:00:14,9.11,--,16,14576,买盘
2079,11:00:11,9.11,0.01,377,343702,买盘
2080,11:00:05,9.1,-0.01,88,80953,卖盘
2081,11:00:02,9.11,0.01,11,10057,买盘
2082,10:59:59,9.1,--,122,111456,卖盘
2083,10:59:56,9.1,-0.01,148,134680,卖盘
2084,10:59:53,9.11,0.01,26,23686,买盘
2085,10:59:50,9.1,-0.01,226,205660,卖盘
2086,10:59:47,9.11,--,9,8235,买盘
2087,10:59:41,9.11,--,714,651328,卖盘
2088,10:59:35,9.11,--,168,153048,卖盘
2089,10:59:32,9.11,--,460,419060,卖盘
2090,10:59:29,9.11,-0.01,176,161137,卖盘
2091,10:59:20,9.12,--,30,27359,买盘
2092,10:59:17,9.12,--,32,29183,买盘
2093,10:59:14,9.12,--,16,15467,买盘
2094,10:59:11,9.12,-0.01,220,201223,卖盘
2095,10:59:05,9.13,0.01,10,9130,买盘
2096,10:58:59,9.12,--,36,33342,卖盘
2097,10:58:56,9.12,--,190,173279,卖盘
2098,10:58:53,9.12,-0.01,20,18240,卖盘
2099,10:58:50,9.13,--,20,18260,买盘
2100,10:58:47,9.13,0.01,69,63690,买盘
2101,10:58:41,9.12,-0.01,32,29402,卖盘
2102,10:58:38,9.13,-0.01,129,117813,卖盘
2103,10:58:32,9.14,--,5,4606,买盘
2104,10:58:26,9.14,--,192,175488,买盘
2105,10:58:23,9.14,--,150,137100,卖盘
2106,10:58:20,9.14,--,134,123280,卖盘
2107,10:58:14,9.14,--,224,205613,卖盘
2108,10:58:11,9.14,--,65,60104,卖盘
2109,10:58:08,9.14,--,27,24714,卖盘
2110,10:58:05,9.14,--,350,319900,买盘
2111,10:57:59,9.14,--,29,26542,买盘
2112,10:57:56,9.14,-0.01,13,12430,卖盘
2113,10:57:50,9.15,0.02,23,21374,买盘
2114,10:57:47,9.13,-0.01,139,127746,卖盘
2115,10:57:44,9.14,0.01,172,157792,买盘
2116,10:57:35,9.13,-0.01,60,55656,卖盘
2117,10:57:32,9.14,0.01,188,171832,买盘
2118,10:57:29,9.13,0.01,25,23518,买盘
2119,10:57:17,9.12,--,30,28162,卖盘
2120,10:57:14,9.12,--,15,13716,卖盘
2121,10:57:08,9.12,-0.01,33,30935,卖盘
2122,10:57:05,9.13,--,16,14608,买盘
2123,10:57:02,9.13,--,53,48425,买盘
2124,10:56:59,9.13,--,40,37031,买盘
2125,10:56:56,9.13,--,2,2702,买盘
2126,10:56:53,9.13,--,3,2775,买盘
2127,10:56:47,9.13,--,19,17529,卖盘
2128,10:56:44,9.13,-0.01,26,23738,卖盘
2129,10:56:41,9.14,--,60,54840,买盘
2130,10:56:35,9.14,--,106,97761,买盘
2131,10:56:32,9.14,--,389,356167,卖盘
2132,10:56:29,9.14,--,50,45700,卖盘
2133,10:56:26,9.14,--,56,51915,卖盘
2134,10:56:20,9.14,0.01,20,18791,买盘
2135,10:56:17,9.13,--,73,67342,卖盘
2136,10:56:14,9.13,-0.01,45,41121,卖盘
2137,10:56:11,9.14,--,50,45700,买盘
2138,10:56:08,9.14,--,68,62152,买盘
2139,10:56:05,9.14,--,122,111508,买盘
2140,10:56:02,9.14,--,46,42044,买盘
2141,10:55:59,9.14,0.01,40,37437,买盘
2142,10:55:56,9.13,-0.01,103,94440,卖盘
2143,10:55:53,9.14,0.01,36,32904,买盘
2144,10:55:50,9.13,--,4,4528,卖盘
2145,10:55:47,9.13,-0.01,149,136584,卖盘
2146,10:55:41,9.14,0.02,2,1828,买盘
2147,10:55:35,9.12,-0.02,153,139937,卖盘
2148,10:55:32,9.14,0.01,100,91400,买盘
2149,10:55:29,9.13,0.01,220,200860,买盘
2150,10:55:26,9.12,-0.01,63,58295,卖盘
2151,10:55:23,9.13,0.02,14,12782,买盘
2152,10:55:17,9.11,--,113,103052,卖盘
2153,10:55:11,9.11,--,78,71130,买盘
2154,10:55:08,9.11,--,20,18220,买盘
2155,10:55:05,9.11,-0.03,32,29152,中性盘
2156,10:55:02,9.14,0.04,247,225794,买盘
2157,10:54:59,9.1,-0.04,100,91873,卖盘
2158,10:54:56,9.14,0.04,311,284290,买盘
2159,10:54:50,9.1,--,14,13613,卖盘
2160,10:54:47,9.1,--,86,78260,买盘
2161,10:54:44,9.1,--,141,128346,买盘
2162,10:54:41,9.1,--,130,118300,买盘
2163,10:54:38,9.1,--,38,35453,买盘
2164,10:54:35,9.1,--,179,162926,买盘
2165,10:54:29,9.1,--,10,9100,买盘
2166,10:54:26,9.1,--,114,104613,买盘
2167,10:54:23,9.1,--,51,46446,买盘
2168,10:54:20,9.1,--,2,2693,买盘
2169,10:54:17,9.1,0.01,167,152006,买盘
2170,10:54:14,9.09,--,16,14544,卖盘
2171,10:54:11,9.09,--,142,129950,卖盘
2172,10:54:08,9.09,-0.01,392,356328,卖盘
2173,10:54:05,9.1,--,43,39166,买盘
2174,10:53:59,9.1,0.01,694,631831,买盘
2175,10:53:53,9.09,-0.01,356,324185,卖盘
2176,10:53:50,9.1,-0.01,28,25480,卖盘
2177,10:53:47,9.11,0.01,100,91100,买盘
2178,10:53:41,9.1,--,473,430466,买盘
2179,10:53:35,9.1,--,32,29120,买盘
2180,10:53:32,9.1,--,1493,1358957,买盘
2181,10:53:29,9.1,--,624,568713,买盘
2182,10:53:26,9.1,--,120,109200,买盘
2183,10:53:20,9.1,--,50,45500,买盘
2184,10:53:17,9.1,--,10,9100,买盘
2185,10:53:14,9.1,--,112,101920,卖盘
2186,10:53:11,9.1,--,575,523286,卖盘
2187,10:53:08,9.1,--,364,332113,卖盘
2188,10:53:05,9.1,--,757,688906,卖盘
2189,10:53:02,9.1,-0.01,476,433160,卖盘
2190,10:52:59,9.11,--,26,23686,买盘
2191,10:52:56,9.11,--,220,200420,买盘
2192,10:52:53,9.11,--,12,10932,买盘
2193,10:52:50,9.11,--,496,452439,卖盘
2194,10:52:47,9.11,-0.02,84,77398,卖盘
2195,10:52:44,9.13,0.02,168,153603,买盘
2196,10:52:41,9.11,--,210,192184,卖盘
2197,10:52:38,9.11,-0.01,180,163980,卖盘
2198,10:52:35,9.12,0.01,21,19188,买盘
2199,10:52:32,9.11,-0.01,184,168207,卖盘
2200,10:52:29,9.12,--,0,875,买盘
2201,10:52:26,9.12,--,114,103967,买盘
2202,10:52:23,9.12,-0.01,494,451038,卖盘
2203,10:52:20,9.13,--,10,9130,买盘
2204,10:52:17,9.13,0.01,20,19136,买盘
2205,10:52:14,9.12,--,29,27141,卖盘
2206,10:52:08,9.12,-0.01,10,9120,卖盘
2207,10:52:05,9.13,0.01,5,4601,买盘
2208,10:52:02,9.12,--,40,36990,卖盘
2209,10:51:59,9.12,-0.02,44,41003,卖盘
2210,10:51:56,9.14,--,2,1828,买盘
2211,10:51:53,9.14,0.01,21,19230,买盘
2212,10:51:50,9.13,--,64,58651,卖盘
2213,10:51:47,9.13,--,40,36520,卖盘
2214,10:51:44,9.13,0.01,9,9056,中性盘
2215,10:51:41,9.12,-0.01,169,154237,卖盘
2216,10:51:38,9.13,--,14,13658,买盘
2217,10:51:32,9.13,--,206,188078,买盘
2218,10:51:29,9.13,--,1,949,买盘
2219,10:51:26,9.13,0.01,100,91300,买盘
2220,10:51:23,9.12,-0.01,92,84706,卖盘
2221,10:51:20,9.13,--,4,4528,买盘
2222,10:51:17,9.13,0.01,794,724922,买盘
2223,10:51:14,9.12,-0.01,218,198815,卖盘
2224,10:51:05,9.13,--,55,50251,买盘
2225,10:51:02,9.13,-0.02,637,581690,卖盘
2226,10:50:59,9.15,0.01,20,18300,买盘
2227,10:50:56,9.14,-0.01,209,191062,卖盘
2228,10:50:53,9.15,0.01,26,23790,买盘
2229,10:50:50,9.14,-0.01,222,203566,卖盘
2230,10:50:44,9.15,--,52,47580,买盘
2231,10:50:41,9.15,--,101,93110,买盘
2232,10:50:38,9.15,--,100,91500,买盘
2233,10:50:35,9.15,--,107,98380,买盘
2234,10:50:29,9.15,--,32,29280,买盘
2235,10:50:26,9.15,--,107,97941,买盘
2236,10:50:23,9.15,--,91,83740,买盘
2237,10:50:17,9.15,--,3,2781,买盘
2238,10:50:14,9.15,0.01,13,12736,买盘
2239,10:50:11,9.14,-0.01,8,7458,卖盘
2240,10:50:08,9.15,0.01,12,10980,买盘
2241,10:50:05,9.14,-0.01,52,47601,卖盘
2242,10:49:53,9.15,0.01,36,32940,买盘
2243,10:49:50,9.14,-0.01,31,28589,卖盘
2244,10:49:47,9.15,0.01,20,18300,买盘
2245,10:49:44,9.14,--,3,2778,卖盘
2246,10:49:38,9.14,--,70,64784,卖盘
2247,10:49:32,9.14,0.01,120,109680,买盘
2248,10:49:29,9.13,-0.01,103,94513,卖盘
2249,10:49:26,9.14,--,6,5484,买盘
2250,10:49:23,9.14,--,6,6361,买盘
2251,10:49:20,9.14,--,104,95640,卖盘
2252,10:49:17,9.14,--,206,189161,卖盘
2253,10:49:11,9.14,--,142,130519,卖盘
2254,10:49:08,9.14,--,514,470380,买盘
2255,10:49:05,9.14,--,300,275077,买盘
2256,10:49:02,9.14,--,74,68513,买盘
2257,10:48:59,9.14,0.01,112,102368,买盘
2258,10:48:56,9.13,-0.01,12,11832,卖盘
2259,10:48:53,9.14,--,276,252264,买盘
2260,10:48:47,9.14,--,46,42702,买盘
2261,10:48:44,9.14,0.01,33,30198,买盘
2262,10:48:38,9.13,-0.01,40,36812,卖盘
2263,10:48:35,9.14,--,12,10968,买盘
2264,10:48:32,9.14,--,11,10090,买盘
2265,10:48:29,9.14,--,99,91034,买盘
2266,10:48:26,9.14,0.01,24,21936,买盘
2267,10:48:20,9.13,-0.01,134,122999,卖盘
2268,10:48:17,9.14,0.02,71,64930,买盘
2269,10:48:14,9.12,-0.01,92,84706,卖盘
2270,10:48:11,9.13,--,109,99991,买盘
2271,10:48:08,9.13,--,31,28339,买盘
2272,10:48:05,9.13,--,102,93126,买盘
2273,10:48:02,9.13,--,299,273680,买盘
2274,10:47:56,9.13,0.01,22,20086,买盘
2275,10:47:50,9.12,-0.01,105,96526,卖盘
2276,10:47:47,9.13,--,10,9203,买盘
2277,10:47:44,9.13,0.02,20,18260,买盘
2278,10:47:38,9.11,-0.02,102,93140,卖盘
2279,10:47:32,9.13,--,244,222772,买盘
2280,10:47:26,9.13,0.02,261,238329,买盘
2281,10:47:20,9.11,--,56,51890,买盘
2282,10:47:17,9.11,--,339,308865,买盘
2283,10:47:14,9.11,--,128,116608,买盘
2284,10:47:11,9.11,--,236,215870,买盘
2285,10:47:08,9.11,-0.01,564,514314,卖盘
2286,10:47:05,9.12,0.01,64,58367,买盘
2287,10:47:02,9.11,--,5,4591,卖盘
2288,10:46:59,9.11,--,378,345086,卖盘
2289,10:46:56,9.11,--,10,9110,卖盘
2290,10:46:53,9.11,0.01,1,1457,买盘
2291,10:46:50,9.1,-0.01,81,73746,卖盘
2292,10:46:47,9.11,--,284,259598,买盘
2293,10:46:44,9.11,--,50,45550,买盘
2294,10:46:41,9.11,--,70,63769,买盘
2295,10:46:38,9.11,-0.01,20,18220,中性盘
2296,10:46:32,9.12,--,810,738719,买盘
2297,10:46:29,9.12,0.01,87,79380,中性盘
2298,10:46:26,9.11,-0.02,484,441798,卖盘
2299,10:46:23,9.13,0.01,10,9130,买盘
2300,10:46:20,9.12,-0.01,127,115860,卖盘
2301,10:46:17,9.13,--,518,472934,买盘
2302,10:46:14,9.13,--,20,18260,买盘
2303,10:46:11,9.13,-0.01,426,389814,卖盘
2304,10:46:08,9.14,--,10,9140,卖盘
2305,10:46:05,9.14,--,15,13746,卖盘
2306,10:46:02,9.14,-0.01,48,43872,卖盘
2307,10:45:59,9.15,--,96,87840,卖盘
2308,10:45:53,9.15,--,1160,1061400,卖盘
2309,10:45:50,9.15,-0.01,18,17348,卖盘
2310,10:45:47,9.16,-0.01,1110,1016760,卖盘
2311,10:45:44,9.17,--,178,163812,卖盘
2312,10:45:41,9.17,--,12,11884,卖盘
2313,10:45:38,9.17,--,76,69692,卖盘
2314,10:45:35,9.17,-0.01,1089,998649,卖盘
2315,10:45:32,9.18,0.01,34,31212,买盘
2316,10:45:29,9.17,-0.01,50,46730,卖盘
2317,10:45:20,9.18,--,43,40098,卖盘
2318,10:45:17,9.18,--,6,6389,卖盘
2319,10:45:13,9.18,--,55,50526,卖盘
2320,10:45:10,9.18,--,30,27540,卖盘
2321,10:45:07,9.18,--,30,27540,卖盘
2322,10:45:04,9.18,-0.01,690,633420,卖盘
2323,10:44:58,9.19,--,144,132336,卖盘
2324,10:44:55,9.19,--,8,7352,卖盘
2325,10:44:52,9.19,--,248,228794,买盘
2326,10:44:49,9.19,0.01,264,242616,买盘
2327,10:44:46,9.18,-0.01,12,11016,卖盘
2328,10:44:43,9.19,--,15,13821,买盘
2329,10:44:40,9.19,--,10,9190,买盘
2330,10:44:37,9.19,0.01,70,64330,买盘
2331,10:44:28,9.18,-0.01,506,465389,卖盘
2332,10:44:25,9.19,--,4,3676,卖盘
2333,10:44:22,9.19,-0.01,111,102045,卖盘
2334,10:44:19,9.2,--,2,2723,买盘
2335,10:44:13,9.2,0.01,200,184000,买盘
2336,10:44:10,9.19,-0.01,4,3676,卖盘
2337,10:44:07,9.2,0.01,75,69036,买盘
2338,10:44:04,9.19,--,28,25732,卖盘
2339,10:44:01,9.19,--,50,45950,卖盘
2340,10:43:58,9.19,--,198,182844,卖盘
2341,10:43:55,9.19,-0.01,59,54257,卖盘
2342,10:43:52,9.2,0.01,0,883,买盘
2343,10:43:49,9.19,-0.01,9,8307,卖盘
2344,10:43:46,9.2,--,16,15603,买盘
2345,10:43:43,9.2,--,35,32236,买盘
2346,10:43:40,9.2,--,50,46000,买盘
2347,10:43:34,9.2,--,40,36800,买盘
2348,10:43:28,9.2,--,208,191359,卖盘
2349,10:43:25,9.2,--,50,46000,卖盘
2350,10:43:22,9.2,--,80,74483,卖盘
2351,10:43:19,9.2,--,40,36800,卖盘
2352,10:43:16,9.2,-0.01,119,109516,卖盘
2353,10:43:13,9.21,0.01,24,22988,买盘
2354,10:43:01,9.2,--,83,76396,买盘
2355,10:42:58,9.2,0.01,4,4563,买盘
2356,10:42:55,9.19,-0.01,51,46905,卖盘
2357,10:42:52,9.2,--,38,34960,买盘
2358,10:42:49,9.2,--,10,10083,买盘
2359,10:42:43,9.2,0.01,96,88320,卖盘
2360,10:42:40,9.19,-0.01,406,373114,卖盘
2361,10:42:37,9.2,--,84,77648,卖盘
2362,10:42:28,9.2,--,128,118348,买盘
2363,10:42:22,9.2,--,26,23919,买盘
2364,10:42:19,9.2,--,4,4563,买盘
2365,10:42:16,9.2,-0.02,259,238684,卖盘
2366,10:42:13,9.22,--,24,22128,买盘
2367,10:42:04,9.22,0.02,85,79218,买盘
2368,10:41:55,9.2,-0.01,419,385516,卖盘
2369,10:41:52,9.21,0.01,15,13851,买盘
2370,10:41:49,9.2,-0.01,86,80003,卖盘
2371,10:41:46,9.21,-0.01,13,12009,中性盘
2372,10:41:40,9.22,--,0,885,买盘
2373,10:41:37,9.22,0.02,76,70957,买盘
2374,10:41:31,9.2,-0.01,243,223596,卖盘
2375,10:41:28,9.21,-0.01,10,9210,卖盘
2376,10:41:25,9.22,0.01,3014,2779793,买盘
2377,10:41:19,9.21,--,24,22104,卖盘
2378,10:41:10,9.21,0.01,8,7368,中性盘
2379,10:41:07,9.2,-0.01,98,90233,卖盘
2380,10:41:01,9.21,0.01,28,26672,买盘
2381,10:40:58,9.2,--,35,32236,卖盘
2382,10:40:55,9.2,--,249,229926,卖盘
2383,10:40:52,9.2,--,5,4636,卖盘
2384,10:40:46,9.2,--,70,64399,卖盘
2385,10:40:43,9.2,-0.01,10,9200,卖盘
2386,10:40:40,9.21,--,102,94826,买盘
2387,10:40:37,9.21,0.01,2,1915,买盘
2388,10:40:34,9.2,-0.01,0,883,卖盘
2389,10:40:28,9.21,0.01,2,1842,买盘
2390,10:40:25,9.2,-0.01,32,29439,卖盘
2391,10:40:22,9.21,--,22,21146,买盘
2392,10:40:19,9.21,0.01,2,1915,买盘
2393,10:40:16,9.2,-0.01,52,47839,卖盘
2394,10:40:13,9.21,0.01,76,69996,买盘
2395,10:40:10,9.2,-0.01,66,61603,卖盘
2396,10:40:07,9.21,--,128,117888,买盘
2397,10:40:01,9.21,--,16,14736,买盘
2398,10:39:58,9.21,--,2,1842,买盘
2399,10:39:52,9.21,--,164,151044,买盘
2400,10:39:43,9.21,--,2,1842,买盘
2401,10:39:37,9.21,--,1,957,买盘
2402,10:39:34,9.21,0.01,6,6410,买盘
2403,10:39:31,9.2,--,1395,1283952,买盘
2404,10:39:28,9.2,--,452,415839,买盘
2405,10:39:25,9.2,--,11,10156,买盘
2406,10:39:22,9.2,--,1220,1122400,买盘
2407,10:39:16,9.2,--,58,53359,买盘
2408,10:39:13,9.2,--,30,27599,买盘
2409,10:39:10,9.2,0.01,66,60719,买盘
2410,10:39:07,9.19,--,20,18380,卖盘
2411,10:39:04,9.19,-0.01,34,32128,卖盘
2412,10:39:01,9.2,--,1,956,买盘
2413,10:38:58,9.2,0.01,86,79120,买盘
2414,10:38:55,9.19,-0.01,80,73520,卖盘
2415,10:38:49,9.2,0.01,26,24803,买盘
2416,10:38:46,9.19,-0.01,104,95576,卖盘
2417,10:38:40,9.2,0.01,80,73600,买盘
2418,10:38:37,9.19,--,11,10145,卖盘
2419,10:38:28,9.19,--,52,48670,卖盘
2420,10:38:22,9.19,--,7,6469,买盘
2421,10:38:19,9.19,0.01,48,44994,买盘
2422,10:38:16,9.18,-0.01,26,23868,卖盘
2423,10:38:07,9.19,-0.01,15,13821,卖盘
2424,10:38:01,9.2,0.02,20,18400,买盘
2425,10:37:58,9.18,-0.02,400,367200,卖盘
2426,10:37:52,9.2,0.02,230,211599,买盘
2427,10:37:46,9.18,-0.01,16,15569,卖盘
2428,10:37:43,9.19,0.01,89,82121,买盘
2429,10:37:37,9.18,-0.01,560,514080,卖盘
2430,10:37:34,9.19,--,64,58816,买盘
2431,10:37:31,9.19,--,19,17497,买盘
2432,10:37:28,9.19,--,60,56022,买盘
2433,10:37:22,9.19,--,7,6469,买盘
2434,10:37:19,9.19,--,180,166302,买盘
2435,10:37:13,9.19,--,5,4631,买盘
2436,10:37:10,9.19,--,190,174610,卖盘
2437,10:37:07,9.19,--,2,1838,卖盘
2438,10:37:04,9.19,--,4,4558,卖盘
2439,10:36:58,9.19,--,40,36760,卖盘
2440,10:36:55,9.19,-0.01,12,11028,卖盘
2441,10:36:52,9.2,0.01,431,396556,买盘
2442,10:36:43,9.19,--,44,40436,卖盘
2443,10:36:40,9.19,--,544,499936,卖盘
2444,10:36:34,9.19,--,64,59698,卖盘
2445,10:36:31,9.19,-0.01,130,119470,卖盘
2446,10:36:28,9.2,0.01,17,15676,买盘
2447,10:36:22,9.19,--,50,46832,卖盘
2448,10:36:19,9.19,-0.01,5,4631,卖盘
2449,10:36:13,9.2,--,40,37683,买盘
2450,10:36:10,9.2,--,137,126076,买盘
2451,10:36:07,9.2,--,44,40480,买盘
2452,10:36:04,9.2,0.01,142,131523,买盘
2453,10:36:01,9.19,-0.01,69,63447,卖盘
2454,10:35:55,9.2,--,4,4563,买盘
2455,10:35:52,9.2,--,50,46000,买盘
2456,10:35:49,9.2,--,101,92956,买盘
2457,10:35:46,9.2,-0.01,447,411571,卖盘
2458,10:35:43,9.21,0.01,2,1842,中性盘
2459,10:35:40,9.2,--,190,174800,卖盘
2460,10:35:37,9.2,--,43,39596,卖盘
2461,10:35:34,9.2,-0.01,344,317363,卖盘
2462,10:35:31,9.21,--,204,188768,卖盘
2463,10:35:28,9.21,0.01,31,28587,中性盘
2464,10:35:22,9.2,--,104,96563,卖盘
2465,10:35:19,9.2,-0.01,123,113196,卖盘
2466,10:35:16,9.21,--,28,26672,买盘
2467,10:35:13,9.21,--,224,206304,买盘
2468,10:35:04,9.21,--,17,15693,买盘
2469,10:35:01,9.21,--,250,230250,买盘
2470,10:34:58,9.21,--,16,15620,买盘
2471,10:34:55,9.21,0.01,18,16651,买盘
2472,10:34:52,9.2,-0.02,192,176640,卖盘
2473,10:34:49,9.22,0.01,110,102305,买盘
2474,10:34:46,9.21,0.01,229,210945,卖盘
2475,10:34:43,9.2,-0.01,976,898803,卖盘
2476,10:34:40,9.21,-0.01,30,27630,卖盘
2477,10:34:37,9.22,0.01,134,124433,买盘
2478,10:34:31,9.21,--,193,177789,卖盘
2479,10:34:28,9.21,0.01,48,44208,卖盘
2480,10:34:25,9.2,-0.02,235,216751,卖盘
2481,10:34:22,9.22,--,41,37838,买盘
2482,10:34:19,9.22,-0.02,20,18440,买盘
2483,10:34:13,9.24,0.03,232,214368,买盘
2484,10:34:10,9.21,-0.02,860,792060,卖盘
2485,10:34:07,9.23,-0.01,100,93186,卖盘
2486,10:34:04,9.24,--,1,960,买盘
2487,10:34:01,9.24,-0.01,146,135791,卖盘
2488,10:33:55,9.25,--,14,12950,买盘
2489,10:33:52,9.25,--,5,4662,买盘
2490,10:33:49,9.25,0.01,140,129500,买盘
2491,10:33:43,9.24,-0.01,102,95135,卖盘
2492,10:33:40,9.25,-0.02,844,781070,卖盘
2493,10:33:37,9.27,--,10,9270,买盘
2494,10:33:28,9.27,-0.01,30,27810,中性盘
2495,10:33:25,9.28,0.03,6,6458,买盘
2496,10:33:22,9.25,-0.03,4000,3700000,卖盘
2497,10:33:16,9.28,-0.01,1791,1662085,卖盘
2498,10:33:13,9.29,--,63,58564,买盘
2499,10:33:07,9.29,--,60,55739,买盘
2500,10:32:55,9.29,-0.01,154,143957,卖盘
2501,10:32:52,9.3,--,4112,3824160,买盘
2502,10:32:46,9.3,--,541,503167,买盘
2503,10:32:43,9.3,0.01,302,281752,买盘
2504,10:32:40,9.29,-0.01,34,31585,卖盘
2505,10:32:37,9.3,--,108,100440,买盘
2506,10:32:34,9.3,--,14,13020,买盘
2507,10:32:31,9.3,--,328,305040,买盘
2508,10:32:28,9.3,--,293,272527,买盘
2509,10:32:25,9.3,--,8,7440,买盘
2510,10:32:22,9.3,0.01,625,582105,买盘
2511,10:32:16,9.29,-0.01,77,71570,卖盘
2512,10:32:13,9.3,--,10,10192,买盘
2513,10:32:10,9.3,--,10,9374,买盘
2514,10:32:07,9.3,--,56,52080,买盘
2515,10:32:04,9.3,--,93,87345,买盘
2516,10:32:01,9.3,--,553,514327,买盘
2517,10:31:55,9.3,--,50,46500,买盘
2518,10:31:52,9.3,0.02,500,465000,买盘
2519,10:31:46,9.28,--,2004,1860602,卖盘
2520,10:31:40,9.28,-0.01,66,61322,卖盘
2521,10:31:37,9.29,0.02,3561,3309023,买盘
2522,10:31:31,9.27,--,67,62146,卖盘
2523,10:31:28,9.27,--,0,889,卖盘
2524,10:31:25,9.27,0.01,38,35300,买盘
2525,10:31:22,9.26,-0.01,1208,1119496,卖盘
2526,10:31:19,9.27,0.01,51,47314,买盘
2527,10:31:16,9.26,-0.01,32,29632,卖盘
2528,10:31:13,9.27,--,98,91735,买盘
2529,10:31:07,9.27,0.01,38,35226,买盘
2530,10:31:04,9.26,--,24,22224,卖盘
2531,10:31:01,9.26,-0.01,10,9260,卖盘
2532,10:30:58,9.27,0.01,41,38044,买盘
2533,10:30:55,9.26,--,1315,1218245,卖盘
2534,10:30:52,9.26,-0.01,10,10148,卖盘
2535,10:30:49,9.27,--,1101,1020664,买盘
2536,10:30:46,9.27,--,64,60217,买盘
2537,10:30:43,9.27,--,85,78832,买盘
2538,10:30:40,9.27,--,24,22248,买盘
2539,10:30:37,9.27,--,30,27810,买盘
2540,10:30:31,9.27,0.01,66,62071,买盘
2541,10:30:28,9.26,--,218,201868,卖盘
2542,10:30:25,9.26,-0.01,207,191719,卖盘
2543,10:30:22,9.27,--,8,8305,买盘
2544,10:30:19,9.27,--,41,38044,买盘
2545,10:30:16,9.27,--,16,15721,买盘
2546,10:30:13,9.27,--,40,37080,买盘
2547,10:30:10,9.27,--,17,15796,买盘
2548,10:30:07,9.27,--,94,87138,买盘
2549,10:30:04,9.27,0.01,134,125107,买盘
2550,10:30:01,9.26,-0.01,225,208387,卖盘
2551,10:29:58,9.27,--,414,383778,买盘
2552,10:29:49,9.27,--,54,50947,买盘
2553,10:29:46,9.27,0.01,135,125182,买盘
2554,10:29:43,9.26,-0.01,306,283356,卖盘
2555,10:29:40,9.27,--,112,103824,买盘
2556,10:29:34,9.27,0.01,2,1854,买盘
2557,10:29:31,9.26,-0.01,64,59264,卖盘
2558,10:29:28,9.27,--,464,431017,卖盘
2559,10:29:19,9.27,-0.01,8,7416,卖盘
2560,10:29:16,9.28,0.01,115,106757,买盘
2561,10:29:13,9.27,0.01,124,114948,买盘
2562,10:29:10,9.26,-0.01,20,18520,卖盘
2563,10:29:07,9.27,--,178,165895,买盘
2564,10:29:04,9.27,--,7,6526,买盘
2565,10:29:01,9.27,--,12,12013,买盘
2566,10:28:58,9.27,-0.01,143,132598,卖盘
2567,10:28:55,9.28,0.01,390,362810,买盘
2568,10:28:52,9.27,--,100,92700,买盘
2569,10:28:49,9.27,-0.01,221,204904,卖盘
2570,10:28:46,9.28,--,84,77952,买盘
2571,10:28:43,9.28,--,6,6458,买盘
2572,10:28:40,9.28,--,90,83520,买盘
2573,10:28:31,9.28,0.01,11,10245,买盘
2574,10:28:28,9.27,--,66,62071,卖盘
2575,10:28:22,9.27,--,513,475588,买盘
2576,10:28:19,9.27,-0.01,110,102859,买盘
2577,10:28:13,9.28,--,177,164293,买盘
2578,10:28:10,9.28,0.01,12,11136,买盘
2579,10:28:07,9.27,-0.01,394,365238,卖盘
2580,10:28:04,9.28,--,64,59391,买盘
2581,10:28:01,9.28,--,14,12992,买盘
2582,10:27:58,9.28,--,270,251450,买盘
2583,10:27:55,9.28,--,85,78917,买盘
2584,10:27:52,9.28,--,630,585530,买盘
2585,10:27:49,9.28,--,164,152192,买盘
2586,10:27:46,9.28,--,46,42688,买盘
2587,10:27:43,9.28,--,52,48256,买盘
2588,10:27:40,9.28,-0.01,149,138309,卖盘
2589,10:27:37,9.29,0.01,4,3715,买盘
2590,10:27:34,9.28,--,58,53823,卖盘
2591,10:27:31,9.28,-0.02,110,102080,卖盘
2592,10:27:28,9.3,0.02,30,27900,买盘
2593,10:27:25,9.28,--,101,93728,卖盘
2594,10:27:22,9.28,-0.02,215,199520,卖盘
2595,10:27:19,9.3,--,7,6510,买盘
2596,10:27:16,9.3,--,6,5580,买盘
2597,10:27:13,9.3,--,37,34410,买盘
2598,10:27:07,9.3,0.02,25,23250,买盘
2599,10:27:04,9.28,-0.02,93,86304,卖盘
2600,10:26:58,9.3,--,5,4650,买盘
2601,10:26:55,9.3,-0.06,1328,1235040,卖盘
2602,10:26:52,9.36,--,93,87048,买盘
2603,10:26:49,9.36,--,71,66456,买盘
2604,10:26:46,9.36,0.02,26,24336,买盘
2605,10:26:43,9.34,-0.02,10,9340,卖盘
2606,10:26:40,9.36,-0.01,504,472268,卖盘
2607,10:26:34,9.37,--,204,191147,买盘
2608,10:26:31,9.37,0.01,2,1873,买盘
2609,10:26:28,9.36,-0.02,134,125423,卖盘
2610,10:26:25,9.38,--,70,65660,买盘
2611,10:26:22,9.38,--,220,206360,买盘
2612,10:26:19,9.38,--,77,72226,买盘
2613,10:26:16,9.38,--,473,443674,买盘
2614,10:26:13,9.38,--,27,25326,买盘
2615,10:26:10,9.38,-0.01,16,15008,中性盘
2616,10:26:06,9.39,--,96,90144,买盘
2617,10:26:03,9.39,0.01,450,422550,买盘
2618,10:25:57,9.38,--,835,783230,卖盘
2619,10:25:51,9.38,-0.01,184,172592,卖盘
2620,10:25:48,9.39,0.01,25,23475,中性盘
2621,10:25:45,9.38,0.01,168,157584,中性盘
2622,10:25:42,9.37,-0.01,133,124620,卖盘
2623,10:25:39,9.38,--,32,30016,买盘
2624,10:25:36,9.38,--,55,51590,买盘
2625,10:25:33,9.38,0.01,330,309540,买盘
2626,10:25:30,9.37,-0.03,37,34669,中性盘
2627,10:25:27,9.4,0.03,225,211500,买盘
2628,10:25:24,9.37,-0.03,370,346690,卖盘
2629,10:25:21,9.4,-0.01,232,218080,买盘
2630,10:25:18,9.41,--,1423,1339043,买盘
2631,10:25:15,9.41,0.02,3321,3125061,买盘
2632,10:25:12,9.39,--,73,68547,买盘
2633,10:25:09,9.39,-0.01,175,164325,卖盘
2634,10:25:06,9.4,0.02,1709,1606460,买盘
2635,10:25:03,9.38,-0.01,1575,1477350,卖盘
2636,10:25:00,9.39,-0.01,1327,1246053,卖盘
2637,10:24:57,9.4,0.01,1364,1282160,买盘
2638,10:24:54,9.39,-0.01,359,337101,卖盘
2639,10:24:45,9.4,0.03,1658,1558520,买盘
2640,10:24:42,9.37,-0.01,3006,2816621,卖盘
2641,10:24:39,9.38,-0.01,79,74102,中性盘
2642,10:24:36,9.39,0.02,920,863880,买盘
2643,10:24:33,9.37,0.01,31,29046,买盘
2644,10:24:30,9.36,--,4,3744,卖盘
2645,10:24:27,9.36,0.01,629,589155,买盘
2646,10:24:24,9.35,0.03,1490,1394010,买盘
2647,10:24:18,9.32,-0.01,41,38212,中性盘
2648,10:24:12,9.33,0.02,870,811710,买盘
2649,10:24:09,9.31,0.01,1750,1629324,买盘
2650,10:24:03,9.3,0.02,2813,2616090,买盘
2651,10:24:00,9.28,0.01,89,82592,买盘
2652,10:23:54,9.27,0.01,101,93627,中性盘
2653,10:23:48,9.26,-0.02,5196,4811496,卖盘
2654,10:23:45,9.28,--,26,24128,买盘
2655,10:23:39,9.28,0.02,52,48256,买盘
2656,10:23:36,9.26,-0.02,3,2778,卖盘
2657,10:23:33,9.28,0.03,99,91872,买盘
2658,10:23:27,9.25,--,70,64750,卖盘
2659,10:23:24,9.25,-0.03,12,11100,卖盘
2660,10:23:21,9.28,0.03,1709,1585952,买盘
2661,10:23:18,9.25,--,959,887075,买盘
2662,10:23:15,9.25,--,35,32375,买盘
2663,10:23:12,9.25,--,52,48100,买盘
2664,10:23:09,9.25,--,121,111925,买盘
2665,10:23:06,9.25,--,421,389425,买盘
2666,10:23:03,9.25,--,5,4625,买盘
2667,10:23:00,9.25,--,8,7400,买盘
2668,10:22:57,9.25,0.01,45,41625,买盘
2669,10:22:54,9.24,--,9,8316,卖盘
2670,10:22:51,9.24,-0.01,45,41580,卖盘
2671,10:22:48,9.25,0.01,6,5550,买盘
2672,10:22:45,9.24,--,156,144144,卖盘
2673,10:22:42,9.24,0.01,211,194964,买盘
2674,10:22:39,9.23,--,1,923,买盘
2675,10:22:33,9.23,0.01,12,11076,中性盘
2676,10:22:30,9.22,--,94,86668,卖盘
2677,10:22:27,9.22,-0.01,1,922,卖盘
2678,10:22:24,9.23,--,13,11999,买盘
2679,10:22:21,9.23,--,199,183677,买盘
2680,10:22:18,9.23,0.01,16,14768,买盘
2681,10:22:15,9.22,-0.01,45,41490,卖盘
2682,10:22:12,9.23,0.01,77,71071,买盘
2683,10:22:09,9.22,--,55,50710,卖盘
2684,10:22:06,9.22,-0.01,7,6454,卖盘
2685,10:22:03,9.23,--,101,93223,买盘
2686,10:22:00,9.23,--,87,80301,买盘
2687,10:21:54,9.23,-0.01,21,19383,中性盘
2688,10:21:51,9.24,0.01,72,66528,买盘
2689,10:21:48,9.23,-0.01,30,27690,买盘
2690,10:21:39,9.24,0.01,50,46200,买盘
2691,10:21:36,9.23,--,91,83993,卖盘
2692,10:21:33,9.23,--,15,13845,卖盘
2693,10:21:30,9.23,--,42,38766,卖盘
2694,10:21:21,9.23,-0.02,254,234442,卖盘
2695,10:21:09,9.25,--,587,542975,卖盘
2696,10:21:03,9.25,--,204,188700,卖盘
2697,10:21:00,9.25,--,160,148000,卖盘
2698,10:20:57,9.25,--,394,364450,卖盘
2699,10:20:54,9.25,--,100,92500,卖盘
2700,10:20:51,9.25,--,655,605875,卖盘
2701,10:20:48,9.25,--,76,70300,卖盘
2702,10:20:42,9.25,--,227,209975,卖盘
2703,10:20:36,9.25,--,227,209975,卖盘
2704,10:20:33,9.25,--,567,524475,卖盘
2705,10:20:30,9.25,-0.01,299,276575,卖盘
2706,10:20:27,9.26,--,136,125936,卖盘
2707,10:20:24,9.26,--,55,50930,卖盘
2708,10:20:18,9.26,-0.01,5,4630,卖盘
2709,10:20:12,9.27,--,45,41715,卖盘
2710,10:20:09,9.27,--,300,278100,卖盘
2711,10:20:06,9.27,-0.02,50,46350,卖盘
2712,10:20:00,9.29,--,396,367883,买盘
2713,10:19:54,9.29,--,30,27869,买盘
2714,10:19:51,9.29,--,10,9290,买盘
2715,10:19:48,9.29,-0.01,397,368850,卖盘
2716,10:19:45,9.3,--,51,47430,卖盘
2717,10:19:42,9.3,--,588,546840,卖盘
2718,10:19:39,9.3,--,72,66960,卖盘
2719,10:19:36,9.3,0.01,675,628642,买盘
2720,10:19:33,9.29,-0.01,16,14863,卖盘
2721,10:19:30,9.3,--,3,2790,买盘
2722,10:19:27,9.3,--,163,151590,买盘
2723,10:19:24,9.3,-0.02,169,157207,卖盘
2724,10:19:21,9.32,0.02,303,282396,买盘
2725,10:19:18,9.3,--,550,511500,卖盘
2726,10:19:09,9.3,--,210,195300,卖盘
2727,10:19:06,9.3,--,175,162750,卖盘
2728,10:19:03,9.3,--,23,21390,卖盘
2729,10:19:00,9.3,--,45,41850,卖盘
2730,10:18:57,9.3,--,620,576600,卖盘
2731,10:18:54,9.3,0.02,2553,2375182,买盘
2732,10:18:51,9.28,-0.01,562,521535,中性盘
2733,10:18:45,9.29,-0.01,44,40875,卖盘
2734,10:18:42,9.3,--,3752,3489360,买盘
2735,10:18:39,9.3,0.01,417,387810,买盘
2736,10:18:36,9.29,--,107,99402,买盘
2737,10:18:30,9.29,--,86,79893,买盘
2738,10:18:24,9.29,--,92,85467,买盘
2739,10:18:21,9.29,-0.01,261,242468,中性盘
2740,10:18:18,9.3,0.03,2217,2061810,买盘
2741,10:18:15,9.27,-0.03,13,12051,中性盘
2742,10:18:12,9.3,0.03,6660,6193800,买盘
2743,10:18:09,9.27,--,70,64890,买盘
2744,10:18:06,9.27,0.02,100,92700,买盘
2745,10:18:03,9.25,-0.02,105,97125,卖盘
2746,10:17:57,9.27,0.01,3500,3244500,买盘
2747,10:17:54,9.26,0.03,990,916740,买盘
2748,10:17:51,9.23,-0.03,63,58149,卖盘
2749,10:17:45,9.26,0.02,521,482446,买盘
2750,10:17:39,9.24,0.03,50,46200,买盘
2751,10:17:36,9.21,-0.02,5,4605,卖盘
2752,10:17:33,9.23,-0.01,12,11076,卖盘
2753,10:17:30,9.24,0.01,119,109956,买盘
2754,10:17:27,9.23,--,10,9230,卖盘
2755,10:17:24,9.23,--,84,77532,卖盘
2756,10:17:21,9.23,--,5062,4672226,卖盘
2757,10:17:18,9.23,0.04,4812,4441476,买盘
2758,10:17:15,9.19,-0.01,36,33084,卖盘
2759,10:17:12,9.2,0.01,16,14719,买盘
2760,10:17:09,9.19,--,12,11028,卖盘
2761,10:17:06,9.19,--,27,24813,卖盘
2762,10:17:03,9.19,--,21,19299,卖盘
2763,10:17:00,9.19,--,21,19299,买盘
2764,10:16:54,9.19,--,200,183800,买盘
2765,10:16:51,9.19,--,329,302351,买盘
2766,10:16:48,9.19,-0.01,12,11028,卖盘
2767,10:16:42,9.2,--,1156,1063520,买盘
2768,10:16:33,9.2,-0.01,5478,5039760,卖盘
2769,10:16:30,9.21,--,70,64470,卖盘
2770,10:16:27,9.21,--,1191,1096911,买盘
2771,10:16:24,9.21,--,265,244065,买盘
2772,10:16:21,9.21,--,50,46050,买盘
2773,10:16:18,9.21,--,106,97626,买盘
2774,10:16:12,9.21,--,136,125256,卖盘
2775,10:16:06,9.21,--,25,23025,卖盘
2776,10:16:03,9.21,--,2,1842,卖盘
2777,10:16:00,9.21,--,36,33156,卖盘
2778,10:15:54,9.21,-0.01,4,3684,卖盘
2779,10:15:51,9.22,--,689,635258,卖盘
2780,10:15:45,9.22,--,208,191776,卖盘
2781,10:15:42,9.22,--,390,359580,卖盘
2782,10:15:39,9.22,--,14,12908,卖盘
2783,10:15:36,9.22,--,95,87590,卖盘
2784,10:15:33,9.22,-0.01,59,54398,卖盘
2785,10:15:24,9.23,--,31,28613,卖盘
2786,10:15:21,9.23,-0.01,121,111683,卖盘
2787,10:15:18,9.24,--,14,12936,买盘
2788,10:15:15,9.24,0.01,1,924,买盘
2789,10:15:12,9.23,-0.02,158,145834,卖盘
2790,10:15:09,9.25,--,30,27750,买盘
2791,10:15:06,9.25,--,3,2775,买盘
2792,10:15:03,9.25,--,128,118400,卖盘
2793,10:15:00,9.25,--,155,143375,卖盘
2794,10:14:57,9.25,--,484,447700,卖盘
2795,10:14:51,9.25,-0.01,27,24975,卖盘
2796,10:14:45,9.26,--,35,32410,买盘
2797,10:14:42,9.26,--,3442,3187292,卖盘
2798,10:14:39,9.26,-0.01,44,40744,卖盘
2799,10:14:33,9.27,0.01,84,77868,买盘
2800,10:14:30,9.26,-0.01,79,73154,卖盘
2801,10:14:27,9.27,0.01,148,137196,买盘
2802,10:14:24,9.26,-0.01,266,246316,卖盘
2803,10:14:21,9.27,--,393,364311,买盘
2804,10:14:18,9.27,--,85,78795,买盘
2805,10:14:15,9.27,--,2,1854,买盘
2806,10:14:12,9.27,--,20,18540,买盘
2807,10:14:09,9.27,0.01,71,65817,买盘
2808,10:14:06,9.26,-0.04,66,61116,卖盘
2809,10:14:03,9.3,--,24,22320,买盘
2810,10:14:00,9.3,0.04,134,124620,买盘
2811,10:13:54,9.26,-0.04,19,17594,卖盘
2812,10:13:51,9.3,0.05,1135,1055550,买盘
2813,10:13:45,9.25,-0.01,1503,1390275,卖盘
2814,10:13:42,9.26,-0.04,1265,1171464,卖盘
2815,10:13:39,9.3,0.04,5869,5459025,买盘
2816,10:13:36,9.26,0.01,100,92600,买盘
2817,10:13:33,9.25,--,653,604025,卖盘
2818,10:13:27,9.25,-0.01,140,129500,卖盘
2819,10:13:24,9.26,0.01,9,8334,买盘
2820,10:13:21,9.25,--,130,120250,卖盘
2821,10:13:18,9.25,--,25,23125,卖盘
2822,10:13:15,9.25,--,5427,5019975,买盘
2823,10:13:12,9.25,--,45,41625,买盘
2824,10:13:09,9.25,--,34,31450,买盘
2825,10:13:06,9.25,--,22,20350,买盘
2826,10:13:03,9.25,--,205,189625,买盘
2827,10:13:00,9.25,--,1737,1607502,卖盘
2828,10:12:57,9.25,-0.01,245,226625,卖盘
2829,10:12:54,9.26,--,54,50004,买盘
2830,10:12:51,9.26,--,3,2778,买盘
2831,10:12:48,9.26,0.01,137,126862,买盘
2832,10:12:42,9.25,0.02,453,419173,买盘
2833,10:12:36,9.23,-0.02,1512,1395576,卖盘
2834,10:12:33,9.25,0.04,7,6475,买盘
2835,10:12:27,9.21,--,13,11973,卖盘
2836,10:12:21,9.21,-0.01,3415,3145215,卖盘
2837,10:12:18,9.22,--,32,29504,买盘
2838,10:12:15,9.22,0.01,79,72838,买盘
2839,10:12:12,9.21,0.01,98,90258,买盘
2840,10:12:09,9.2,--,3365,3095799,买盘
2841,10:12:06,9.2,--,84,77280,买盘
2842,10:12:03,9.2,--,56,51519,买盘
2843,10:12:00,9.2,0.01,468,430559,买盘
2844,10:11:54,9.19,--,222,204018,卖盘
2845,10:11:48,9.19,-0.01,10,9190,卖盘
2846,10:11:45,9.2,--,67,61639,买盘
2847,10:11:39,9.2,--,70,64399,买盘
2848,10:11:36,9.2,--,203,186760,买盘
2849,10:11:33,9.2,0.01,103,94759,买盘
2850,10:11:30,9.19,--,24,22056,卖盘
2851,10:11:27,9.19,--,573,526587,卖盘
2852,10:11:24,9.19,-0.01,93,85467,卖盘
2853,10:11:18,9.2,0.02,193,177560,买盘
2854,10:11:12,9.18,-0.01,17,15606,卖盘
2855,10:11:09,9.19,--,525,482475,买盘
2856,10:11:06,9.19,--,103,94657,买盘
2857,10:11:03,9.19,--,123,113037,买盘
2858,10:10:57,9.19,0.01,407,374033,买盘
2859,10:10:57,9.18,--,107,98226,卖盘
2860,10:10:54,9.18,-0.01,79,72522,卖盘
2861,10:10:51,9.19,--,33,30327,买盘
2862,10:10:48,9.19,0.01,31,28489,买盘
2863,10:10:45,9.18,--,13,11934,卖盘
2864,10:10:42,9.18,--,60,55080,卖盘
2865,10:10:39,9.18,-0.01,45,41310,卖盘
2866,10:10:36,9.19,0.01,959,881321,买盘
2867,10:10:30,9.18,--,46,42228,买盘
2868,10:10:27,9.18,--,19,17442,买盘
2869,10:10:24,9.18,-0.01,551,505818,卖盘
2870,10:10:21,9.19,0.01,62,56978,买盘
2871,10:10:18,9.18,--,34,31212,卖盘
2872,10:10:15,9.18,-0.01,118,108324,卖盘
