,time,price,change,volume,amount,type
0,15:00:24,36.45,0.02,244,892296,卖盘
1,14:58:05,36.43,--,0,0,买盘
2,14:57:02,36.43,-0.02,5,18215,卖盘
3,14:56:59,36.45,0.02,4,14580,买盘
4,14:56:53,36.43,-0.02,1,3643,卖盘
5,14:56:50,36.45,--,1,3645,买盘
6,14:56:47,36.45,--,2,7290,买盘
7,14:56:41,36.45,--,1,3645,买盘
8,14:56:38,36.45,--,20,72900,买盘
9,14:56:29,36.45,--,4,14580,买盘
10,14:56:26,36.45,--,4,14580,买盘
11,14:56:20,36.45,--,3,10935,买盘
12,14:56:17,36.45,--,4,14580,买盘
13,14:56:14,36.45,--,3,10935,买盘
14,14:56:11,36.45,--,10,36450,买盘
15,14:56:08,36.45,--,3,10935,买盘
16,14:56:02,36.45,0.04,2,7290,买盘
17,14:55:53,36.41,-0.01,11,40050,卖盘
18,14:55:50,36.42,--,10,36420,卖盘
19,14:55:44,36.42,--,1,3642,买盘
20,14:55:38,36.42,-0.03,9,32778,中性盘
21,14:55:32,36.45,0.03,28,102060,买盘
22,14:55:29,36.42,--,5,18210,买盘
23,14:55:26,36.42,0.01,10,36420,中性盘
24,14:55:20,36.41,--,39,141999,卖盘
25,14:55:14,36.41,--,11,40050,卖盘
26,14:55:11,36.41,-0.04,4,14563,卖盘
27,14:55:08,36.45,0.04,2,7290,买盘
28,14:55:05,36.41,-0.01,4,14563,卖盘
29,14:55:02,36.42,--,32,116544,买盘
30,14:54:59,36.42,--,31,112902,买盘
31,14:54:50,36.42,--,16,58272,买盘
32,14:54:47,36.42,--,1,3642,买盘
33,14:54:44,36.42,--,4,14568,买盘
34,14:54:41,36.42,--,45,163890,买盘
35,14:54:38,36.42,--,8,29136,买盘
36,14:54:35,36.42,--,3,10926,买盘
37,14:54:32,36.42,0.01,30,109260,买盘
38,14:54:23,36.41,--,1,3640,卖盘
39,14:54:20,36.41,--,20,72820,买盘
40,14:54:14,36.41,0.01,5,18205,买盘
41,14:54:11,36.4,-0.01,3,10920,卖盘
42,14:54:08,36.41,0.01,1,3640,买盘
43,14:54:05,36.4,0.02,116,422240,买盘
44,14:54:02,36.38,--,17,61846,卖盘
45,14:53:56,36.38,-0.01,10,36380,卖盘
46,14:53:53,36.39,--,13,47307,买盘
47,14:53:50,36.39,--,20,72780,买盘
48,14:53:47,36.39,0.01,6,21834,买盘
49,14:53:44,36.38,-0.01,8,29104,卖盘
50,14:53:41,36.39,--,2,7278,买盘
51,14:53:38,36.39,--,8,29112,买盘
52,14:53:35,36.39,--,15,54585,买盘
53,14:53:32,36.39,--,2,7278,买盘
54,14:53:26,36.39,--,6,21834,买盘
55,14:53:20,36.39,-0.01,10,36390,卖盘
56,14:53:08,36.4,--,13,47320,买盘
57,14:53:05,36.4,--,3,10920,买盘
58,14:53:02,36.4,0.01,1,3640,买盘
59,14:52:59,36.39,--,10,36390,卖盘
60,14:52:56,36.39,--,1,3639,卖盘
61,14:52:50,36.39,--,8,29112,买盘
62,14:52:47,36.39,--,1,3639,买盘
63,14:52:38,36.39,0.01,1,3639,买盘
64,14:52:20,36.38,-0.01,1,3638,卖盘
65,14:52:17,36.39,--,5,18195,买盘
66,14:52:08,36.39,0.01,1,3639,卖盘
67,14:52:02,36.38,-0.01,5,18190,卖盘
68,14:51:59,36.39,--,1,3639,卖盘
69,14:51:56,36.39,0.01,23,84315,买盘
70,14:51:50,36.38,-0.01,4,14552,卖盘
71,14:51:47,36.39,0.01,4,14556,买盘
72,14:51:44,36.38,-0.01,20,72760,卖盘
73,14:51:41,36.39,--,1,3639,买盘
74,14:51:35,36.39,0.01,1,3639,买盘
75,14:51:32,36.38,-0.01,1,3638,卖盘
76,14:51:29,36.39,--,5,18195,买盘
77,14:51:26,36.39,--,2,7278,买盘
78,14:51:23,36.39,-0.01,33,123107,卖盘
79,14:51:20,36.4,--,8,29120,买盘
80,14:51:14,36.4,--,1,3640,买盘
81,14:51:11,36.4,--,3,10920,买盘
82,14:51:08,36.4,0.01,2,7280,买盘
83,14:51:02,36.39,-0.01,15,54585,卖盘
84,14:50:56,36.4,--,12,43680,买盘
85,14:50:50,36.4,--,26,94640,买盘
86,14:50:47,36.4,0.01,10,36400,买盘
87,14:50:41,36.39,--,1,3639,卖盘
88,14:50:32,36.39,-0.01,13,47307,卖盘
89,14:50:23,36.4,0.01,4,14560,买盘
90,14:50:20,36.39,--,2,7278,卖盘
91,14:50:14,36.39,--,23,83697,卖盘
92,14:49:59,36.39,-0.01,3,10917,卖盘
93,14:49:50,36.4,--,59,215924,买盘
94,14:49:47,36.4,--,59,214760,买盘
95,14:49:41,36.4,--,1,3640,买盘
96,14:49:38,36.4,--,6,21840,买盘
97,14:49:35,36.4,--,31,112840,买盘
98,14:49:32,36.4,--,5,18200,买盘
99,14:49:29,36.4,0.01,5,18200,买盘
100,14:49:26,36.39,-0.01,6,21834,卖盘
101,14:49:23,36.4,--,10,36400,买盘
102,14:49:20,36.4,0.01,1,3640,买盘
103,14:49:17,36.39,--,2,10662,卖盘
104,14:49:14,36.39,-0.01,24,87336,卖盘
105,14:49:11,36.4,--,2,7280,买盘
106,14:49:08,36.4,0.01,2,7280,买盘
107,14:49:05,36.39,-0.01,12,43668,卖盘
108,14:48:53,36.4,--,4,14560,买盘
109,14:48:50,36.4,-0.02,16,58240,卖盘
110,14:48:38,36.42,--,3,10926,买盘
111,14:48:32,36.42,--,6,21852,买盘
112,14:48:29,36.42,--,1,3642,买盘
113,14:48:26,36.42,0.01,73,265866,买盘
114,14:48:20,36.41,--,1,3640,买盘
115,14:48:17,36.41,--,1,3640,买盘
116,14:48:14,36.41,--,10,36410,买盘
117,14:48:11,36.41,0.02,11,40050,买盘
118,14:48:08,36.39,-0.02,11,40029,卖盘
119,14:48:05,36.41,--,149,545858,买盘
120,14:47:59,36.41,--,1,3640,买盘
121,14:47:56,36.41,--,2,7281,买盘
122,14:47:53,36.41,--,7,25486,买盘
123,14:47:41,36.41,--,3,10922,卖盘
124,14:47:32,36.41,0.01,3,10922,买盘
125,14:47:29,36.4,-0.01,300,1092000,卖盘
126,14:47:23,36.41,-0.01,7,25486,卖盘
127,14:47:20,36.42,0.01,3,10926,买盘
128,14:47:17,36.41,-0.01,6,21845,卖盘
129,14:47:14,36.42,--,3,10926,买盘
130,14:47:11,36.42,--,58,211236,买盘
131,14:47:05,36.42,--,33,120186,买盘
132,14:46:50,36.42,-0.01,114,415916,卖盘
133,14:46:32,36.43,--,3,13843,买盘
134,14:46:26,36.43,-0.01,3,10929,买盘
135,14:46:20,36.44,-0.01,4,15304,卖盘
136,14:46:17,36.45,0.02,5,21141,买盘
137,14:46:11,36.43,-0.02,79,288525,卖盘
138,14:46:08,36.45,--,23,83835,买盘
139,14:46:05,36.45,--,1,3645,买盘
140,14:45:56,36.45,0.02,2,7290,买盘
141,14:45:50,36.43,-0.02,9,32787,卖盘
142,14:45:41,36.45,--,26,94770,买盘
143,14:45:38,36.45,--,7,25515,买盘
144,14:45:35,36.45,--,1,3645,买盘
145,14:45:32,36.45,--,11,40095,买盘
146,14:45:26,36.45,--,2,7290,买盘
147,14:45:23,36.45,--,8,29160,买盘
148,14:45:17,36.45,--,15,54675,买盘
149,14:45:14,36.45,--,1,6561,买盘
150,14:45:11,36.45,0.02,29,105705,买盘
151,14:45:05,36.43,-0.02,8,29144,卖盘
152,14:45:02,36.45,--,16,58320,买盘
153,14:44:59,36.45,-0.05,130,473850,卖盘
154,14:44:53,36.5,0.04,11,40150,买盘
155,14:44:50,36.46,-0.04,7,25522,卖盘
156,14:44:47,36.5,--,1,3650,买盘
157,14:44:44,36.5,--,4,14600,买盘
158,14:44:41,36.5,0.04,13,47450,买盘
159,14:44:35,36.46,-0.04,97,353662,卖盘
160,14:44:32,36.5,--,2,7300,买盘
161,14:44:23,36.5,0.02,11,40150,买盘
162,14:44:20,36.48,--,1,3647,买盘
163,14:44:17,36.48,--,1,3647,买盘
164,14:44:14,36.48,--,11,40128,买盘
165,14:44:08,36.48,--,1,3647,买盘
166,14:44:05,36.48,0.02,4,14591,买盘
167,14:44:02,36.46,-0.02,9,32814,卖盘
168,14:43:59,36.48,--,1,3647,买盘
169,14:43:56,36.48,0.05,37,134976,买盘
170,14:43:50,36.43,-0.02,1,3643,卖盘
171,14:43:41,36.45,0.02,3,10935,买盘
172,14:43:35,36.43,--,29,105647,卖盘
173,14:43:29,36.43,-0.02,1,3643,卖盘
174,14:43:26,36.45,--,1,3645,买盘
175,14:43:23,36.45,0.02,14,51030,买盘
176,14:43:20,36.43,-0.02,1,3643,卖盘
177,14:43:17,36.45,--,1,3645,买盘
178,14:43:14,36.45,--,1,3645,买盘
179,14:43:08,36.45,--,5,18225,买盘
180,14:42:59,36.45,0.02,2,7290,买盘
181,14:42:56,36.43,--,13,47359,买盘
182,14:42:50,36.43,--,1,3643,买盘
183,14:42:47,36.43,--,11,40073,买盘
184,14:42:38,36.43,--,1,3643,买盘
185,14:42:35,36.43,--,4,14572,买盘
186,14:42:29,36.43,-0.02,8,29144,卖盘
187,14:42:26,36.45,--,14,51030,买盘
188,14:42:20,36.45,--,5,18225,买盘
189,14:42:17,36.45,--,2,7290,买盘
190,14:42:14,36.45,-0.03,158,575910,卖盘
191,14:42:11,36.48,0.01,27,98495,买盘
192,14:41:59,36.47,--,17,61999,卖盘
193,14:41:47,36.47,--,1,3647,卖盘
194,14:41:44,36.47,--,4,14588,卖盘
195,14:41:38,36.47,--,2,7294,卖盘
196,14:41:35,36.47,--,1,3647,卖盘
197,14:41:29,36.47,--,25,91175,买盘
198,14:41:23,36.47,--,8,29176,买盘
199,14:41:20,36.47,--,14,51058,买盘
200,14:41:17,36.47,--,9,32823,买盘
201,14:41:14,36.47,-0.01,26,94822,卖盘
202,14:41:11,36.48,0.01,1,3647,买盘
203,14:41:05,36.47,-0.01,10,36470,卖盘
204,14:41:02,36.48,0.01,1,3647,买盘
205,14:40:59,36.47,--,1,3647,买盘
206,14:40:56,36.47,--,10,36470,买盘
207,14:40:53,36.47,--,1,3647,买盘
208,14:40:50,36.47,--,1,3647,买盘
209,14:40:44,36.47,--,7,25529,买盘
210,14:40:41,36.47,-0.03,68,247996,卖盘
211,14:40:38,36.5,--,4,14600,买盘
212,14:40:35,36.5,0.03,1,3650,买盘
213,14:40:32,36.47,-0.03,102,371994,卖盘
214,14:40:29,36.5,--,2,7300,买盘
215,14:40:26,36.5,--,100,365000,买盘
216,14:40:23,36.5,--,2,7300,买盘
217,14:40:20,36.5,0.02,211,770150,买盘
218,14:40:17,36.48,--,21,78468,卖盘
219,14:40:14,36.48,0.01,8,30971,买盘
220,14:40:11,36.47,-0.01,79,288113,卖盘
221,14:40:08,36.48,--,11,40128,买盘
222,14:40:02,36.48,--,8,29183,买盘
223,14:39:59,36.48,--,5,18240,买盘
224,14:39:56,36.48,--,7,25535,买盘
225,14:39:47,36.48,--,14,52932,卖盘
226,14:39:44,36.48,-0.01,80,291840,卖盘
227,14:39:35,36.49,-0.01,5,18245,卖盘
228,14:39:29,36.5,--,32,116800,买盘
229,14:39:20,36.5,--,2,7300,买盘
230,14:39:17,36.5,0.02,3,10950,卖盘
231,14:39:14,36.48,-0.01,47,171455,卖盘
232,14:39:11,36.49,-0.05,100,364900,卖盘
233,14:39:04,36.54,--,1,3654,买盘
234,14:39:01,36.54,--,20,73080,买盘
235,14:38:58,36.54,0.04,6,21924,买盘
236,14:38:46,36.5,--,1,3650,卖盘
237,14:38:43,36.5,-0.04,5,18250,卖盘
238,14:38:40,36.54,0.06,1,3654,买盘
239,14:38:37,36.48,-0.01,86,315114,卖盘
240,14:38:34,36.49,--,14,51086,买盘
241,14:38:31,36.49,--,18,65682,买盘
242,14:38:25,36.49,--,13,47437,买盘
243,14:38:19,36.49,--,7,25543,买盘
244,14:38:16,36.49,--,75,273675,卖盘
245,14:38:13,36.49,-0.01,2,7298,卖盘
246,14:38:10,36.5,--,5,18250,买盘
247,14:38:01,36.5,--,1,3650,买盘
248,14:37:58,36.5,0.01,95,349378,买盘
249,14:37:55,36.49,--,8,30615,买盘
250,14:37:52,36.49,--,22,80278,买盘
251,14:37:49,36.49,--,14,51086,买盘
252,14:37:46,36.49,0.01,1,3649,买盘
253,14:37:43,36.48,--,2,7295,卖盘
254,14:37:40,36.48,-0.01,1,3647,卖盘
255,14:37:34,36.49,--,2,7298,买盘
256,14:37:31,36.49,-0.01,12,46269,卖盘
257,14:37:28,36.5,0.01,120,438000,买盘
258,14:37:19,36.49,--,10,37657,卖盘
259,14:37:13,36.49,0.01,28,102172,买盘
260,14:36:58,36.48,0.02,7,25535,买盘
261,14:36:55,36.46,-0.03,13,48127,卖盘
262,14:36:52,36.49,--,1,3649,买盘
263,14:36:49,36.49,0.01,1,3649,买盘
264,14:36:46,36.48,--,1,3647,买盘
265,14:36:40,36.48,--,10,36480,卖盘
266,14:36:37,36.48,-0.02,4,14591,卖盘
267,14:36:34,36.5,0.02,3,10950,买盘
268,14:36:28,36.48,-0.02,1,3647,卖盘
269,14:36:25,36.5,0.02,3,10950,买盘
270,14:36:22,36.48,-0.02,22,81496,卖盘
271,14:36:16,36.5,--,3,10950,买盘
272,14:36:13,36.5,0.02,3,10950,买盘
273,14:36:01,36.48,-0.01,5,20647,卖盘
274,14:35:58,36.49,--,11,40139,买盘
275,14:35:55,36.49,-0.01,5,18245,卖盘
276,14:35:49,36.5,--,10,36500,买盘
277,14:35:40,36.5,--,3,10950,买盘
278,14:35:31,36.5,-0.09,318,1163291,卖盘
279,14:35:28,36.59,0.04,2,7318,中性盘
280,14:35:19,36.55,-0.05,90,331179,卖盘
281,14:35:16,36.6,0.02,4,14640,买盘
282,14:35:10,36.58,--,6,21948,卖盘
283,14:35:07,36.58,-0.02,10,36580,卖盘
284,14:35:04,36.6,0.02,10,36600,买盘
285,14:34:55,36.58,--,2,8559,卖盘
286,14:34:40,36.58,0.03,18,66356,买盘
287,14:34:37,36.55,--,25,92106,卖盘
288,14:34:34,36.55,-0.03,10,36550,卖盘
289,14:34:28,36.58,--,8,29264,买盘
290,14:34:22,36.58,--,8,32409,卖盘
291,14:34:16,36.58,--,2,8193,卖盘
292,14:34:10,36.58,0.03,12,44627,买盘
293,14:34:04,36.55,--,19,69445,卖盘
294,14:33:58,36.55,--,10,37281,卖盘
295,14:33:52,36.55,--,3,12792,买盘
296,14:33:49,36.55,--,2,7309,买盘
297,14:33:40,36.55,--,2,7309,买盘
298,14:33:37,36.55,--,4,16447,卖盘
299,14:33:34,36.55,-0.05,28,102339,卖盘
300,14:33:28,36.6,--,7,25620,买盘
301,14:33:22,36.6,0.05,5,18300,买盘
302,14:33:19,36.55,--,6,23757,买盘
303,14:33:16,36.55,-0.05,2,9137,卖盘
304,14:33:13,36.6,--,1,3660,买盘
305,14:33:10,36.6,--,61,223260,买盘
306,14:33:04,36.6,--,89,325740,买盘
307,14:33:01,36.6,0.05,2,7320,买盘
308,14:32:58,36.55,-0.05,33,120614,卖盘
309,14:32:55,36.6,0.04,11,40260,买盘
310,14:32:52,36.56,--,5,18280,买盘
311,14:32:46,36.56,--,4,14624,买盘
312,14:32:43,36.56,-0.04,1,3656,中性盘
313,14:32:37,36.6,--,36,131760,买盘
314,14:32:34,36.6,--,1,3660,买盘
315,14:32:31,36.6,--,3,10980,买盘
316,14:32:22,36.6,--,1,3660,买盘
317,14:32:16,36.6,0.05,39,143984,买盘
318,14:32:13,36.55,-0.01,10,36550,卖盘
319,14:32:10,36.56,--,11,40216,买盘
320,14:32:07,36.56,0.01,2,7312,买盘
321,14:32:04,36.55,--,29,105994,卖盘
322,14:31:58,36.55,-0.05,39,144591,卖盘
323,14:31:55,36.6,--,11,40260,买盘
324,14:31:52,36.6,0.05,2,7320,买盘
325,14:31:49,36.55,-0.05,34,124269,卖盘
326,14:31:46,36.6,--,1,3660,买盘
327,14:31:43,36.6,--,5,18300,买盘
328,14:31:40,36.6,0.02,18,65880,买盘
329,14:31:37,36.58,--,66,242452,卖盘
330,14:31:34,36.58,--,16,58528,卖盘
331,14:31:28,36.58,--,12,43896,卖盘
332,14:31:25,36.58,-0.04,16,58528,卖盘
333,14:31:22,36.62,0.01,31,114986,买盘
334,14:31:19,36.61,0.01,25,92696,买盘
335,14:31:16,36.6,-0.02,59,217623,卖盘
336,14:31:13,36.62,0.01,20,73240,买盘
337,14:31:10,36.61,-0.01,143,523523,卖盘
338,14:31:04,36.62,0.01,4,14647,买盘
339,14:31:01,36.61,-0.01,14,51254,卖盘
340,14:30:58,36.62,-0.15,28,102536,卖盘
341,14:30:55,36.77,0.16,18,66186,买盘
342,14:30:52,36.61,-0.01,39,142779,卖盘
343,14:30:46,36.62,-0.15,2,7323,卖盘
344,14:30:43,36.77,0.16,195,717015,买盘
345,14:30:37,36.61,--,1,3661,卖盘
346,14:30:34,36.61,-0.16,6,21966,卖盘
347,14:30:28,36.77,-0.03,5,18385,卖盘
348,14:30:25,36.8,0.03,4,14719,买盘
349,14:30:19,36.77,-0.03,2,7354,卖盘
350,14:30:16,36.8,--,12,46552,买盘
351,14:30:13,36.8,0.03,7,25759,买盘
352,14:30:04,36.77,--,5,18385,买盘
353,14:30:01,36.77,0.17,2,7354,买盘
354,14:29:58,36.6,--,24,89304,卖盘
355,14:29:55,36.6,-0.11,7,25620,卖盘
356,14:29:49,36.71,0.01,10,36710,买盘
357,14:29:46,36.7,0.1,23,86208,买盘
358,14:29:37,36.6,--,31,116388,卖盘
359,14:29:34,36.6,--,12,43920,卖盘
360,14:29:25,36.6,--,6,21960,卖盘
361,14:29:22,36.6,--,52,191052,买盘
362,14:29:19,36.6,--,17,64416,买盘
363,14:29:16,36.6,--,1,3660,买盘
364,14:29:07,36.6,0.02,17,62220,买盘
365,14:29:01,36.58,0.02,3,10974,买盘
366,14:28:58,36.56,--,2,7312,买盘
367,14:28:52,36.56,-0.04,19,69464,卖盘
368,14:28:49,36.6,--,2,7320,买盘
369,14:28:46,36.6,--,1,3660,买盘
370,14:28:43,36.6,--,2,7320,买盘
371,14:28:40,36.6,-0.1,79,289140,卖盘
372,14:28:37,36.7,0.04,30,110100,买盘
373,14:28:34,36.66,--,2,7331,买盘
374,14:28:31,36.66,--,4,14663,卖盘
375,14:28:28,36.66,-0.04,26,95315,卖盘
376,14:28:22,36.7,--,10,36700,买盘
377,14:28:16,36.7,--,6,22020,买盘
378,14:28:13,36.7,-0.01,40,146800,卖盘
379,14:28:10,36.71,-0.01,6,22026,卖盘
380,14:28:07,36.72,0.01,12,44064,买盘
381,14:28:01,36.71,-0.01,12,44052,卖盘
382,14:27:58,36.72,--,3,11016,买盘
383,14:27:55,36.72,--,19,69768,卖盘
384,14:27:52,36.72,-0.03,5,18360,卖盘
385,14:27:46,36.75,-0.03,8,29400,卖盘
386,14:27:40,36.78,--,4,14712,买盘
387,14:27:37,36.78,-0.02,4,14712,卖盘
388,14:27:34,36.8,-0.01,79,293038,卖盘
389,14:27:31,36.81,0.01,22,80982,买盘
390,14:27:22,36.8,--,12,44160,卖盘
391,14:27:19,36.8,-0.01,29,107087,卖盘
392,14:27:16,36.81,--,1,3681,买盘
393,14:27:13,36.81,0.01,10,36810,买盘
394,14:27:10,36.8,0.01,10,37793,买盘
395,14:27:07,36.79,-0.01,4,14716,卖盘
396,14:27:01,36.8,0.01,2,7359,买盘
397,14:26:58,36.79,-0.03,9,36348,卖盘
398,14:26:49,36.82,0.02,11,40502,买盘
399,14:26:46,36.8,-0.01,22,80960,卖盘
400,14:26:37,36.81,0.01,1,3681,买盘
401,14:26:34,36.8,-0.15,17,62559,卖盘
402,14:26:28,36.95,0.15,16,59120,买盘
403,14:26:25,36.8,-0.15,22,80960,卖盘
404,14:26:22,36.95,0.14,21,77595,买盘
405,14:26:19,36.81,-0.02,16,58896,卖盘
406,14:26:16,36.83,-0.12,6,22098,卖盘
407,14:26:13,36.95,0.12,15,55425,买盘
408,14:26:10,36.83,-0.12,16,58928,卖盘
409,14:26:07,36.95,0.09,40,147800,买盘
410,14:26:01,36.86,--,30,114044,卖盘
411,14:25:52,36.86,-0.09,12,44232,卖盘
412,14:25:49,36.95,--,44,162580,买盘
413,14:25:43,36.95,0.09,2,7390,买盘
414,14:25:37,36.86,-0.01,68,254260,卖盘
415,14:25:31,36.87,0.01,10,36870,买盘
416,14:25:28,36.86,-0.01,12,44232,卖盘
417,14:25:25,36.87,--,16,58991,买盘
418,14:25:19,36.87,-0.08,43,158541,卖盘
419,14:25:07,36.95,0.08,15,55425,买盘
420,14:25:04,36.87,-0.08,2,7373,卖盘
421,14:25:01,36.95,0.09,3,11085,买盘
422,14:24:58,36.86,--,61,225914,卖盘
423,14:24:52,36.86,--,1,3686,卖盘
424,14:24:49,36.86,--,6,22116,卖盘
425,14:24:46,36.86,--,1,6892,买盘
426,14:24:43,36.86,--,12,44453,买盘
427,14:24:31,36.86,0.01,4,14744,买盘
428,14:24:28,36.85,--,1,3685,卖盘
429,14:24:22,36.85,-0.01,2,7370,卖盘
430,14:24:19,36.86,--,4,14744,买盘
431,14:24:16,36.86,-0.09,4,14744,中性盘
432,14:24:04,36.95,0.1,12,44340,买盘
433,14:24:01,36.85,--,21,80480,买盘
434,14:23:58,36.85,-0.1,7,25795,卖盘
435,14:23:55,36.95,0.1,7,25865,买盘
436,14:23:52,36.85,--,17,62645,卖盘
437,14:23:46,36.85,--,1,3685,卖盘
438,14:23:43,36.85,-0.14,28,103180,卖盘
439,14:23:40,36.99,0.16,14,53265,买盘
440,14:23:34,36.83,--,11,40513,卖盘
441,14:23:28,36.83,-0.16,33,121539,卖盘
442,14:23:25,36.99,0.19,4,14796,买盘
443,14:23:16,36.8,-0.03,54,198719,卖盘
444,14:23:13,36.83,0.02,1,3683,卖盘
445,14:23:10,36.81,-0.17,21,77301,卖盘
446,14:23:07,36.98,0.18,10,36980,买盘
447,14:23:04,36.8,-0.18,50,184000,卖盘
448,14:23:01,36.98,0.15,17,62865,买盘
449,14:22:58,36.83,-0.15,4,17715,卖盘
450,14:22:55,36.98,--,31,114637,买盘
451,14:22:49,36.98,0.15,10,36980,买盘
452,14:22:46,36.83,-0.15,9,33147,卖盘
453,14:22:43,36.98,0.18,40,148622,买盘
454,14:22:31,36.8,-0.15,21,77280,卖盘
455,14:22:28,36.95,--,30,110997,买盘
456,14:22:25,36.95,0.15,12,44340,买盘
457,14:22:22,36.8,-0.15,18,66240,卖盘
458,14:22:19,36.95,0.13,11,40645,买盘
459,14:22:13,36.82,-0.06,43,158326,卖盘
460,14:22:07,36.88,0.05,1,3688,中性盘
461,14:22:04,36.83,-0.12,14,51562,卖盘
462,14:22:01,36.95,--,11,40645,买盘
463,14:21:58,36.95,--,10,38021,买盘
464,14:21:55,36.95,--,10,36950,买盘
465,14:21:52,36.95,-0.03,1,3695,买盘
466,14:21:46,36.98,--,2,7395,买盘
467,14:21:43,36.98,0.1,3,11093,买盘
468,14:21:40,36.88,--,2,7376,卖盘
469,14:21:37,36.88,-0.1,17,64429,卖盘
470,14:21:34,36.98,--,3,11093,买盘
471,14:21:28,36.98,-0.01,1,3697,买盘
472,14:21:25,36.99,0.11,2,7398,买盘
473,14:21:13,36.88,-0.11,7,25816,卖盘
474,14:21:10,36.99,--,3,11097,买盘
475,14:21:01,36.99,0.11,3,11097,买盘
476,14:20:55,36.88,-0.11,31,114328,卖盘
477,14:20:52,36.99,-0.01,6,22194,中性盘
478,14:20:40,37.0,--,9,33300,中性盘
479,14:20:34,37.0,--,10,37000,卖盘
480,14:20:28,37.0,--,22,81511,买盘
481,14:20:22,37.0,--,6,23273,买盘
482,14:20:19,37.0,0.02,16,59200,买盘
483,14:20:13,36.98,0.1,15,55469,买盘
484,14:20:10,36.88,-0.1,7,25816,卖盘
485,14:20:06,36.98,--,4,14791,买盘
486,14:20:03,36.98,0.1,1,3697,买盘
487,14:20:00,36.88,0.05,1,3688,买盘
488,14:19:48,36.83,-0.05,31,114173,卖盘
489,14:19:42,36.88,-0.1,5,18440,卖盘
490,14:19:39,36.98,0.09,2,7395,买盘
491,14:19:36,36.89,--,41,151249,卖盘
492,14:19:33,36.89,-0.12,16,59024,中性盘
493,14:19:27,37.01,-0.01,39,146855,买盘
494,14:19:21,37.02,0.02,18,66636,买盘
495,14:19:18,37.0,-0.02,20,74000,卖盘
496,14:19:15,37.02,0.13,12,44424,买盘
497,14:19:12,36.89,-0.1,5,18445,卖盘
498,14:19:09,36.99,0.11,31,114669,买盘
499,14:19:06,36.88,-0.11,30,110640,卖盘
500,14:19:03,36.99,0.11,25,92475,中性盘
501,14:18:54,36.88,--,4,14752,卖盘
502,14:18:51,36.88,--,23,84824,卖盘
503,14:18:45,36.88,-0.12,4,14752,卖盘
504,14:18:39,37.0,0.12,12,44400,买盘
505,14:18:36,36.88,-0.12,14,51632,卖盘
506,14:18:30,37.0,0.11,5,18500,买盘
507,14:18:24,36.89,--,4,14792,卖盘
508,14:18:18,36.89,--,7,26966,卖盘
509,14:18:15,36.89,-0.11,6,22134,卖盘
510,14:18:09,37.0,0.12,1,3700,买盘
511,14:18:06,36.88,-0.12,17,62696,卖盘
512,14:18:03,37.0,0.08,1,3700,买盘
513,14:18:00,36.92,0.03,2,7384,买盘
514,14:17:51,36.89,-0.11,1,3689,卖盘
515,14:17:48,37.0,0.08,2,7400,买盘
516,14:17:45,36.92,0.04,3,11076,买盘
517,14:17:33,36.88,-0.02,3,11064,卖盘
518,14:17:30,36.9,0.02,1,3690,中性盘
519,14:17:24,36.88,-0.04,7,25816,卖盘
520,14:17:21,36.92,0.04,2,7384,买盘
521,14:17:18,36.88,--,10,36880,卖盘
522,14:17:15,36.88,--,15,55320,卖盘
523,14:17:09,36.88,-0.02,15,55320,卖盘
524,14:17:06,36.9,--,2,7380,卖盘
525,14:17:03,36.9,--,18,66420,买盘
526,14:17:00,36.9,0.01,7,25830,买盘
527,14:16:57,36.89,-0.01,47,173383,卖盘
528,14:16:51,36.9,0.01,5,18450,买盘
529,14:16:48,36.89,--,4,14756,卖盘
530,14:16:45,36.89,-0.01,1,3689,卖盘
531,14:16:42,36.9,0.01,2,7380,买盘
532,14:16:39,36.89,-0.01,4,14756,卖盘
533,14:16:36,36.9,--,12,44280,卖盘
534,14:16:27,36.9,--,7,25830,卖盘
535,14:16:21,36.9,-0.06,2,7380,卖盘
536,14:16:18,36.96,0.05,20,76433,买盘
537,14:16:15,36.91,--,0,110,卖盘
538,14:16:12,36.91,-0.01,1,4761,卖盘
539,14:16:09,36.92,--,5,18460,买盘
540,14:16:06,36.92,--,1,3692,中性盘
541,14:16:03,36.92,0.01,3,11076,中性盘
542,14:15:51,36.91,--,2,7381,卖盘
543,14:15:42,36.91,--,5,18455,卖盘
544,14:15:36,36.91,-0.01,1,3690,卖盘
545,14:15:33,36.92,-0.01,11,43122,卖盘
546,14:15:30,36.93,0.01,1,3693,卖盘
547,14:15:27,36.92,-0.09,2,7384,卖盘
548,14:15:18,37.01,0.09,5,18505,买盘
549,14:15:09,36.92,-0.04,3,11076,卖盘
550,14:15:06,36.96,-0.05,2,7392,卖盘
551,14:15:03,37.01,0.05,2,7402,买盘
552,14:15:00,36.96,-0.05,3,11088,卖盘
553,14:14:57,37.01,0.05,2,7402,买盘
554,14:14:54,36.96,-0.05,5,18480,卖盘
555,14:14:48,37.01,0.1,10,38194,买盘
556,14:14:45,36.91,-0.05,3,11072,卖盘
557,14:14:42,36.96,0.05,12,44352,买盘
558,14:14:39,36.91,-0.05,6,22145,卖盘
559,14:14:36,36.96,--,4,14784,买盘
560,14:14:33,36.96,--,0,2513,卖盘
561,14:14:30,36.96,-0.05,3,11088,卖盘
562,14:14:24,37.01,--,17,62917,买盘
563,14:14:21,37.01,--,1,3701,买盘
564,14:14:18,37.01,0.05,10,37010,买盘
565,14:14:09,36.96,--,0,36,卖盘
566,14:14:06,36.96,-0.02,14,52889,卖盘
567,14:14:00,36.98,--,13,48073,买盘
568,14:13:54,36.98,--,10,36980,买盘
569,14:13:48,36.98,--,10,36980,买盘
570,14:13:45,36.98,--,103,380893,买盘
571,14:13:42,36.98,--,32,118335,买盘
572,14:13:39,36.98,--,6,22187,买盘
573,14:13:36,36.98,--,12,44375,买盘
574,14:13:27,36.98,0.02,16,59167,买盘
575,14:13:24,36.96,--,7,25872,买盘
576,14:13:18,36.96,--,2,7392,买盘
577,14:13:15,36.96,--,7,25872,买盘
578,14:13:12,36.96,--,1,3696,买盘
579,14:13:09,36.96,-0.02,10,36960,中性盘
580,14:13:00,36.98,0.07,2,7395,买盘
581,14:12:57,36.91,-0.07,13,47982,卖盘
582,14:12:54,36.98,-0.01,18,69670,卖盘
583,14:12:51,36.99,0.01,1,3699,中性盘
584,14:12:48,36.98,-0.03,43,162120,卖盘
585,14:12:45,37.01,0.02,6,22206,买盘
586,14:12:33,36.99,-0.02,5,18495,卖盘
587,14:12:30,37.01,--,2,7402,买盘
588,14:12:27,37.01,0.02,1,3701,买盘
589,14:12:24,36.99,--,13,48087,卖盘
590,14:12:18,36.99,-0.02,7,25893,卖盘
591,14:12:12,37.01,0.02,2,7402,买盘
592,14:12:09,36.99,--,2,7398,卖盘
593,14:12:06,36.99,--,3,11133,卖盘
594,14:12:03,36.99,-0.02,10,38136,卖盘
595,14:12:00,37.01,0.02,1,3701,买盘
596,14:11:51,36.99,-0.02,4,14796,卖盘
597,14:11:48,37.01,0.02,3,11103,买盘
598,14:11:45,36.99,-0.02,1,3699,卖盘
599,14:11:42,37.01,--,1,3701,买盘
600,14:11:39,37.01,0.03,1,3701,买盘
601,14:11:36,36.98,-0.03,4,14791,卖盘
602,14:11:30,37.01,--,12,44412,买盘
603,14:11:21,37.01,0.01,32,118432,买盘
604,14:11:15,37.0,-0.01,5,21312,卖盘
605,14:11:12,37.01,--,7,26795,买盘
606,14:11:06,37.01,--,44,162844,买盘
607,14:11:00,37.01,--,2,7402,买盘
608,14:10:54,37.01,-0.01,2,7402,买盘
609,14:10:51,37.02,-0.01,21,77742,买盘
610,14:10:42,37.03,0.02,1,3703,买盘
611,14:10:39,37.01,-0.01,56,207256,卖盘
612,14:10:36,37.02,-0.01,9,35169,卖盘
613,14:10:33,37.03,0.01,6,22218,买盘
614,14:10:27,37.02,--,20,74040,卖盘
615,14:10:24,37.02,-0.01,4,14808,卖盘
616,14:10:15,37.03,--,3,11109,买盘
617,14:10:12,37.03,--,1,3703,买盘
618,14:10:09,37.03,--,1,3703,买盘
619,14:10:00,37.03,0.01,2,8590,买盘
620,14:09:57,37.02,-0.03,33,125349,卖盘
621,14:09:54,37.05,--,2,7409,买盘
622,14:09:45,37.05,0.03,10,37050,买盘
623,14:09:42,37.02,-0.03,0,111,卖盘
624,14:09:39,37.05,--,1,4779,买盘
625,14:09:36,37.05,-0.05,27,100034,卖盘
626,14:09:33,37.1,--,2,7420,买盘
627,14:09:27,37.1,0.02,1,3710,买盘
628,14:09:24,37.08,0.03,11,40788,买盘
629,14:09:21,37.05,0.02,10,37050,中性盘
630,14:09:15,37.03,-0.05,20,74060,卖盘
631,14:09:12,37.08,0.03,2,7416,买盘
632,14:09:06,37.05,--,70,259349,卖盘
633,14:09:00,37.05,--,3,11115,卖盘
634,14:08:54,37.05,-0.05,82,303810,卖盘
635,14:08:45,37.1,0.04,3,11130,买盘
636,14:08:42,37.06,--,5,18530,卖盘
637,14:08:36,37.06,-0.04,2,7412,卖盘
638,14:08:33,37.1,0.04,2,7420,买盘
639,14:08:30,37.06,-0.04,4,14824,卖盘
640,14:08:21,37.1,0.05,6,22260,买盘
641,14:08:18,37.05,-0.01,2,7409,卖盘
642,14:08:15,37.06,0.01,15,55590,中性盘
643,14:08:03,37.05,-0.05,24,88920,卖盘
644,14:07:54,37.1,--,1,3710,买盘
645,14:07:51,37.1,-0.05,82,304220,卖盘
646,14:07:48,37.15,0.02,11,40865,买盘
647,14:07:42,37.13,--,4,14852,卖盘
648,14:07:39,37.13,-0.02,9,33417,卖盘
649,14:07:36,37.15,0.02,2,7430,买盘
650,14:07:24,37.13,-0.02,1,3713,卖盘
651,14:07:12,37.15,0.01,2,7430,买盘
652,14:07:06,37.14,0.01,1,3714,卖盘
653,14:07:03,37.13,-0.02,1,3713,卖盘
654,14:06:54,37.15,0.02,2,7430,买盘
655,14:06:51,37.13,--,3,11139,卖盘
656,14:06:42,37.13,--,10,37130,卖盘
657,14:06:36,37.13,-0.02,6,22278,卖盘
658,14:06:33,37.15,0.02,3,11145,买盘
659,14:06:27,37.13,-0.02,14,51982,卖盘
660,14:06:21,37.15,--,8,29720,买盘
661,14:06:18,37.15,-0.02,30,114904,卖盘
662,14:06:15,37.17,0.01,2,7434,买盘
663,14:06:12,37.16,-0.01,7,26011,卖盘
664,14:06:03,37.17,0.01,23,85491,中性盘
665,14:05:54,37.16,-0.11,76,282416,卖盘
666,14:05:51,37.27,--,2,7528,买盘
667,14:05:48,37.27,0.07,2,8572,买盘
668,14:05:39,37.2,-0.07,1,3720,卖盘
669,14:05:36,37.27,0.07,2,7454,买盘
670,14:05:33,37.2,--,1,3720,卖盘
671,14:05:30,37.2,--,1,3720,卖盘
672,14:05:18,37.2,--,2,7440,卖盘
673,14:05:15,37.2,--,3,11160,卖盘
674,14:05:09,37.2,--,1,3720,卖盘
675,14:05:06,37.2,--,1,3720,卖盘
676,14:05:00,37.2,--,1,3720,卖盘
677,14:04:57,37.2,--,5,18600,买盘
678,14:04:51,37.2,--,1,3720,卖盘
679,14:04:33,37.2,--,1,3720,卖盘
680,14:04:27,37.2,--,1,3720,卖盘
681,14:04:24,37.2,--,1,3720,卖盘
682,14:04:12,37.2,0.03,6,22320,买盘
683,14:04:06,37.17,--,1,3717,卖盘
684,14:03:57,37.17,-0.03,5,18585,卖盘
685,14:03:54,37.2,0.03,3,11160,买盘
686,14:03:39,37.17,-0.03,2,8623,卖盘
687,14:03:30,37.2,0.03,2,7440,中性盘
688,14:03:24,37.17,--,4,14868,卖盘
689,14:03:15,37.17,-0.05,10,37170,卖盘
690,14:03:12,37.22,0.02,1,3722,买盘
691,14:03:09,37.2,0.03,13,49550,买盘
692,14:03:06,37.17,-0.03,5,18585,卖盘
693,14:03:03,37.2,--,16,62049,卖盘
694,14:03:00,37.2,--,19,70680,卖盘
695,14:02:51,37.2,0.03,66,246710,买盘
696,14:02:45,37.17,-0.03,12,44604,卖盘
697,14:02:42,37.2,0.02,1,3720,买盘
698,14:02:36,37.18,-0.02,1,3718,卖盘
699,14:02:30,37.2,--,11,43449,卖盘
700,14:02:27,37.2,--,2,7440,卖盘
701,14:02:18,37.2,--,9,33480,卖盘
702,14:02:12,37.2,-0.02,23,85560,卖盘
703,14:02:09,37.22,0.02,2,7444,买盘
704,14:02:06,37.2,--,12,44640,卖盘
705,14:02:00,37.2,--,24,89280,卖盘
706,14:01:51,37.2,--,5,18600,卖盘
707,14:01:48,37.2,--,1,3720,卖盘
708,14:01:39,37.2,--,0,37,卖盘
709,14:01:36,37.2,-0.02,0,1153,卖盘
710,14:01:33,37.22,--,2,7444,买盘
711,14:01:09,37.22,0.02,1,3722,买盘
712,14:01:06,37.2,-0.02,1,3720,卖盘
713,14:00:54,37.22,0.02,2,7444,买盘
714,14:00:45,37.2,-0.01,1,3720,卖盘
715,14:00:36,37.21,-0.01,1,3721,中性盘
716,14:00:33,37.22,0.02,2,7444,买盘
717,14:00:27,37.2,-0.02,4,14880,卖盘
718,14:00:21,37.22,-0.05,12,47194,卖盘
719,14:00:11,37.27,0.05,2,7454,买盘
720,14:00:08,37.22,--,9,33498,卖盘
721,14:00:02,37.22,--,1,3722,卖盘
722,13:59:59,37.22,--,30,111660,卖盘
723,13:59:53,37.22,--,3,11166,卖盘
724,13:59:50,37.22,--,1,3722,卖盘
725,13:59:38,37.22,--,8,29776,卖盘
726,13:59:35,37.22,--,0,74,卖盘
727,13:59:32,37.22,--,5,18610,卖盘
728,13:59:29,37.22,--,30,112776,卖盘
729,13:59:20,37.22,--,2,7444,卖盘
730,13:59:14,37.22,--,15,55830,卖盘
731,13:58:59,37.22,--,30,111660,卖盘
732,13:58:41,37.22,--,2,7444,卖盘
733,13:58:29,37.22,0.02,5,18610,卖盘
734,13:58:20,37.2,-0.02,3,11160,卖盘
735,13:58:11,37.22,--,1,3722,卖盘
736,13:58:05,37.22,0.02,3,11166,买盘
737,13:58:02,37.2,--,4,14880,卖盘
738,13:57:56,37.2,--,5,18600,卖盘
739,13:57:53,37.2,--,14,52080,买盘
740,13:57:47,37.2,0.03,8,29760,买盘
741,13:57:44,37.17,-0.01,9,33453,卖盘
742,13:57:41,37.18,--,7,26026,卖盘
743,13:57:35,37.18,--,2,7436,卖盘
744,13:57:29,37.18,0.01,13,48445,买盘
745,13:57:26,37.17,--,0,1077,卖盘
746,13:57:23,37.17,--,10,37170,卖盘
747,13:57:14,37.17,-0.01,34,126378,卖盘
748,13:57:11,37.18,--,1,3718,卖盘
749,13:57:05,37.18,0.01,1,3718,中性盘
750,13:56:41,37.17,-0.03,1,3717,卖盘
751,13:56:35,37.2,0.03,1,3720,买盘
752,13:56:32,37.17,--,2,7434,卖盘
753,13:56:26,37.17,-0.01,3,11151,卖盘
754,13:56:17,37.18,--,12,44616,卖盘
755,13:56:11,37.18,-0.02,1,3718,卖盘
756,13:55:59,37.2,0.02,2,7440,买盘
757,13:55:47,37.18,--,1,3718,卖盘
758,13:55:38,37.18,--,3,11154,卖盘
759,13:55:29,37.18,--,10,37180,卖盘
760,13:55:20,37.18,--,1,4907,卖盘
761,13:55:11,37.18,--,2,7436,卖盘
762,13:54:50,37.18,--,1,3718,卖盘
763,13:54:35,37.18,--,3,11154,卖盘
764,13:54:26,37.18,--,3,11154,卖盘
765,13:54:20,37.18,-0.1,7,26026,卖盘
766,13:54:11,37.28,0.1,13,48464,买盘
767,13:54:08,37.18,--,9,33462,卖盘
768,13:54:02,37.18,-0.1,16,59488,卖盘
769,13:53:56,37.28,--,29,108112,卖盘
770,13:53:53,37.28,--,58,216224,卖盘
771,13:53:47,37.28,--,4,14912,卖盘
772,13:53:41,37.28,0.02,8,29824,卖盘
773,13:53:32,37.26,--,8,29808,买盘
774,13:53:29,37.26,0.08,1,3726,买盘
775,13:53:26,37.18,--,26,96668,卖盘
776,13:53:20,37.18,-0.04,20,74360,卖盘
777,13:53:17,37.22,0.04,6,22369,买盘
778,13:53:14,37.18,--,0,1152,卖盘
779,13:53:11,37.18,-0.02,62,230516,卖盘
780,13:53:08,37.2,--,8,33108,买盘
781,13:53:05,37.2,--,8,29760,买盘
782,13:52:59,37.2,-0.01,213,792732,卖盘
783,13:52:56,37.21,--,1,3721,卖盘
784,13:52:53,37.21,0.01,1,3721,中性盘
785,13:52:41,37.2,-0.02,1,3720,卖盘
786,13:52:35,37.22,--,5,18610,卖盘
787,13:52:32,37.22,--,1,3722,买盘
788,13:52:29,37.22,0.02,1,3722,买盘
789,13:52:26,37.2,-0.01,18,66960,卖盘
790,13:52:11,37.21,--,63,234423,卖盘
791,13:52:08,37.21,--,2,7442,卖盘
792,13:52:02,37.21,--,6,22326,卖盘
793,13:51:53,37.21,-0.01,24,89304,卖盘
794,13:51:44,37.22,-0.02,74,277884,卖盘
795,13:51:38,37.24,--,9,33516,卖盘
796,13:51:23,37.24,-0.03,31,115444,卖盘
797,13:51:20,37.27,--,1,3727,卖盘
798,13:51:14,37.27,0.03,0,37,中性盘
799,13:51:11,37.24,-0.02,111,414518,卖盘
800,13:51:08,37.26,--,1,3726,卖盘
801,13:50:50,37.26,--,1,3726,卖盘
802,13:50:44,37.26,-0.12,1,3726,卖盘
803,13:50:35,37.38,0.12,3,11214,买盘
804,13:50:20,37.26,0.01,1,3726,卖盘
805,13:50:11,37.25,--,1,3725,卖盘
806,13:50:02,37.25,-0.01,1,3725,卖盘
807,13:49:53,37.26,0.01,1,3726,卖盘
808,13:49:50,37.25,-0.01,3,11175,卖盘
809,13:49:41,37.26,-0.12,3,11178,卖盘
810,13:49:35,37.38,0.13,1,3738,买盘
811,13:49:29,37.25,--,1,3725,卖盘
812,13:49:20,37.25,--,3,11175,卖盘
813,13:49:08,37.25,--,0,74,卖盘
814,13:49:05,37.25,--,1,4842,卖盘
815,13:48:50,37.25,--,4,14900,卖盘
816,13:48:41,37.25,--,1,3725,卖盘
817,13:48:35,37.25,--,1,3725,卖盘
818,13:48:26,37.25,0.01,2,7450,卖盘
819,13:48:23,37.24,--,1,6144,买盘
820,13:48:17,37.24,--,7,27371,卖盘
821,13:48:08,37.24,--,1,3724,卖盘
822,13:48:02,37.24,--,3,11172,卖盘
823,13:47:47,37.24,--,10,37240,卖盘
824,13:47:38,37.24,-0.16,2,7448,卖盘
825,13:47:32,37.4,--,10,37400,买盘
826,13:47:17,37.4,0.16,8,29920,买盘
827,13:47:14,37.24,--,10,37240,卖盘
828,13:47:05,37.24,--,1,3798,卖盘
829,13:46:59,37.24,--,0,1117,卖盘
830,13:46:56,37.24,--,4,14896,卖盘
831,13:46:47,37.24,-0.03,14,52136,卖盘
832,13:46:35,37.27,0.03,1,3727,中性盘
833,13:46:23,37.24,--,5,18620,卖盘
834,13:46:20,37.24,--,1,3724,卖盘
835,13:46:14,37.24,--,14,52136,卖盘
836,13:46:08,37.24,-0.16,6,22344,卖盘
837,13:45:59,37.4,--,8,29920,买盘
838,13:45:56,37.4,0.16,8,29920,买盘
839,13:45:53,37.24,--,4,14896,卖盘
840,13:45:44,37.24,-0.01,14,52136,卖盘
841,13:45:11,37.25,--,1,3725,卖盘
842,13:45:05,37.25,--,3,11175,卖盘
843,13:44:56,37.25,0.01,12,44811,买盘
844,13:44:53,37.24,-0.01,0,1079,卖盘
845,13:44:50,37.25,0.01,6,22350,买盘
846,13:44:41,37.24,-0.01,2,7448,卖盘
847,13:44:35,37.25,0.01,1,3725,买盘
848,13:44:32,37.24,--,4,14896,卖盘
849,13:44:26,37.24,-0.01,2,7448,卖盘
850,13:44:23,37.25,--,14,52150,卖盘
851,13:44:17,37.25,-0.15,1,3725,卖盘
852,13:44:14,37.4,0.15,3,11220,买盘
853,13:44:11,37.25,-0.15,5,18625,卖盘
854,13:44:02,37.4,-0.01,3,11220,买盘
855,13:43:56,37.41,--,11,41150,买盘
856,13:43:47,37.41,--,11,41150,买盘
857,13:43:44,37.41,0.16,22,82301,买盘
858,13:43:41,37.25,-0.16,1,3725,卖盘
859,13:43:35,37.41,0.16,10,37410,买盘
860,13:43:32,37.25,-0.16,3,11175,卖盘
861,13:43:26,37.41,--,11,41150,买盘
862,13:43:23,37.41,--,1,3740,买盘
863,13:43:17,37.41,0.17,11,41150,买盘
864,13:43:14,37.24,-0.17,1,3724,卖盘
865,13:43:11,37.41,-0.01,11,41150,中性盘
866,13:43:05,37.42,0.18,7,26194,买盘
867,13:42:56,37.24,--,5,18620,卖盘
868,13:42:53,37.24,--,10,37277,卖盘
869,13:42:50,37.24,-0.18,1,4878,买盘
870,13:42:44,37.42,-0.01,2,7484,中性盘
871,13:42:35,37.43,--,31,116033,买盘
872,13:42:26,37.43,0.09,32,119776,买盘
873,13:42:23,37.34,--,5,18670,买盘
874,13:42:14,37.34,-0.08,20,77219,卖盘
875,13:42:10,37.42,0.02,28,104776,买盘
876,13:42:04,37.4,--,32,119680,买盘
877,13:42:01,37.4,0.06,1,3740,买盘
878,13:41:58,37.34,--,2,7468,卖盘
879,13:41:52,37.34,0.1,11,42268,买盘
880,13:41:49,37.24,-0.01,3,11172,卖盘
881,13:41:40,37.25,0.01,5,18625,买盘
882,13:41:28,37.24,-0.01,15,55860,卖盘
883,13:41:25,37.25,--,1,3725,买盘
884,13:41:19,37.25,--,1,3725,买盘
885,13:41:07,37.25,--,2,9983,卖盘
886,13:41:01,37.25,--,1,3725,卖盘
887,13:40:49,37.25,--,0,37,卖盘
888,13:40:46,37.25,--,0,1154,卖盘
889,13:40:37,37.25,--,8,29800,卖盘
890,13:40:22,37.25,--,10,37250,卖盘
891,13:40:10,37.25,--,8,29800,卖盘
892,13:39:40,37.25,-0.15,8,29800,卖盘
893,13:39:22,37.4,--,2,7480,卖盘
894,13:39:19,37.4,--,1,3740,卖盘
895,13:39:10,37.4,0.15,1,3740,买盘
896,13:39:07,37.25,--,9,33525,卖盘
897,13:39:01,37.25,-0.15,1,3725,卖盘
898,13:38:52,37.4,0.16,1,3740,买盘
899,13:38:43,37.24,--,8,29792,卖盘
900,13:38:37,37.24,--,9,34707,卖盘
901,13:38:31,37.24,--,1,3724,卖盘
902,13:38:19,37.24,-0.16,1,3724,卖盘
903,13:38:13,37.4,0.16,5,18700,买盘
904,13:38:04,37.24,-0.04,9,33516,卖盘
905,13:37:40,37.28,--,1,3728,卖盘
906,13:37:34,37.28,--,1,3728,卖盘
907,13:37:31,37.28,0.04,2,7456,买盘
908,13:37:01,37.24,0.01,1,3724,中性盘
909,13:36:46,37.23,--,2,7445,卖盘
910,13:36:37,37.23,-0.01,7,26060,卖盘
911,13:36:34,37.24,0.01,0,1191,卖盘
912,13:36:28,37.23,-0.22,4,14891,卖盘
913,13:36:25,37.45,0.22,16,59920,买盘
914,13:36:22,37.23,-0.22,6,22337,卖盘
915,13:36:19,37.45,0.22,15,56175,买盘
916,13:36:13,37.23,--,21,78183,卖盘
917,13:36:07,37.23,-0.2,2,7445,卖盘
918,13:35:58,37.43,0.19,16,59888,买盘
919,13:35:55,37.24,-0.01,7,26068,卖盘
920,13:35:52,37.25,-0.18,10,37250,卖盘
921,13:35:46,37.43,0.15,15,56145,买盘
922,13:35:37,37.28,0.01,20,74560,卖盘
923,13:35:37,37.27,-0.16,14,52178,卖盘
924,13:35:28,37.43,0.15,16,59888,买盘
925,13:35:25,37.28,-0.03,4,14912,卖盘
926,13:35:19,37.31,-0.02,43,163940,卖盘
927,13:35:16,37.33,--,1,3733,卖盘
928,13:35:10,37.33,--,16,59728,卖盘
929,13:35:04,37.33,--,1,3733,卖盘
930,13:34:58,37.33,0.01,3,12430,买盘
931,13:34:37,37.32,--,0,2500,卖盘
932,13:34:31,37.32,--,0,1194,卖盘
933,13:33:40,37.32,--,1,3732,卖盘
934,13:33:28,37.32,-0.01,2,7464,卖盘
935,13:33:16,37.33,--,1,3733,卖盘
936,13:33:01,37.33,--,2,7466,卖盘
937,13:32:37,37.33,0.01,1,3733,中性盘
938,13:32:28,37.32,0.01,2,7501,卖盘
939,13:32:25,37.31,--,0,1156,卖盘
940,13:32:13,37.31,--,3,11193,卖盘
941,13:32:04,37.31,-0.01,10,37310,卖盘
942,13:31:58,37.32,-0.09,3,11196,卖盘
943,13:31:43,37.41,0.09,11,41150,买盘
944,13:31:34,37.32,-0.08,25,93300,卖盘
945,13:31:31,37.4,--,9,33660,卖盘
946,13:31:22,37.4,0.08,90,336974,买盘
947,13:31:16,37.32,-0.05,9,33588,卖盘
948,13:31:10,37.37,0.05,3,11211,买盘
949,13:31:07,37.32,--,13,48516,卖盘
950,13:31:01,37.32,--,2,7464,卖盘
951,13:30:58,37.32,--,9,33588,卖盘
952,13:30:55,37.32,--,1,3732,卖盘
953,13:30:52,37.32,--,8,29856,卖盘
954,13:30:40,37.32,0.01,9,33588,买盘
955,13:30:31,37.31,--,5,18655,卖盘
956,13:30:28,37.31,--,0,111,卖盘
957,13:30:22,37.31,--,0,1081,卖盘
958,13:30:01,37.31,0.04,1,3731,买盘
959,13:29:58,37.27,--,5,18635,卖盘
960,13:29:28,37.27,-0.04,5,18635,卖盘
961,13:29:10,37.31,--,3,11193,买盘
962,13:28:55,37.31,0.04,13,48503,买盘
963,13:28:28,37.27,--,2,7454,卖盘
964,13:28:19,37.27,--,0,111,卖盘
965,13:28:16,37.27,0.01,13,49531,买盘
966,13:28:07,37.26,0.01,3,11178,卖盘
967,13:28:04,37.25,--,7,26075,卖盘
968,13:28:01,37.25,--,15,55875,买盘
969,13:27:52,37.25,--,5,18625,买盘
970,13:27:37,37.25,--,60,223500,买盘
971,13:27:10,37.25,--,4,14900,卖盘
972,13:27:04,37.25,--,4,14900,卖盘
973,13:26:58,37.25,-0.01,2,7450,卖盘
974,13:26:31,37.26,--,2,8793,卖盘
975,13:26:28,37.26,--,2,7452,卖盘
976,13:26:10,37.26,--,0,74,卖盘
977,13:26:07,37.26,--,0,1117,卖盘
978,13:26:04,37.26,-0.01,10,37260,卖盘
979,13:25:46,37.27,-0.04,14,52178,卖盘
980,13:25:22,37.31,0.04,1,3731,买盘
981,13:25:13,37.27,--,1,3727,中性盘
982,13:25:07,37.27,--,3,11181,卖盘
983,13:24:52,37.27,0.01,2,7454,中性盘
984,13:24:34,37.26,--,10,37260,卖盘
985,13:24:25,37.26,--,9,33534,卖盘
986,13:24:22,37.26,--,27,100602,卖盘
987,13:24:16,37.26,--,29,108054,卖盘
988,13:24:10,37.26,--,3,11178,卖盘
989,13:24:07,37.26,--,0,37,卖盘
990,13:24:04,37.26,--,0,1155,卖盘
991,13:24:01,37.26,-0.05,8,29808,卖盘
992,13:23:55,37.31,--,2,7462,卖盘
993,13:23:52,37.31,--,27,100737,卖盘
994,13:23:40,37.31,--,8,29848,卖盘
995,13:23:28,37.31,-0.01,27,100737,卖盘
996,13:23:04,37.32,--,1,3732,卖盘
997,13:22:58,37.32,--,1,3732,卖盘
998,13:22:52,37.32,0.01,4,14928,中性盘
999,13:22:49,37.31,-0.09,3,11193,中性盘
1000,13:22:37,37.4,0.1,8,29920,买盘
1001,13:22:34,37.3,0.04,1,3729,中性盘
1002,13:22:22,37.26,--,4,14904,卖盘
1003,13:22:07,37.26,--,1,3726,卖盘
1004,13:22:01,37.26,0.04,2,7452,中性盘
1005,13:21:52,37.22,--,4,14888,卖盘
1006,13:21:46,37.22,-0.2,6,22332,卖盘
1007,13:21:34,37.42,0.2,20,74840,买盘
1008,13:21:21,37.22,-0.03,1,3722,卖盘
1009,13:21:09,37.25,0.04,2,7450,中性盘
1010,13:20:48,37.21,--,2,7442,卖盘
1011,13:20:39,37.21,--,4,14884,卖盘
1012,13:20:33,37.21,-0.22,14,52094,卖盘
1013,13:20:27,37.43,0.17,48,179664,买盘
1014,13:20:21,37.26,0.05,2,7452,中性盘
1015,13:20:03,37.21,--,2,7442,卖盘
1016,13:19:48,37.21,-0.05,6,22326,卖盘
1017,13:19:45,37.26,0.05,1,3726,买盘
1018,13:19:42,37.21,-0.05,1,3721,卖盘
1019,13:19:36,37.26,0.01,4,14904,买盘
1020,13:19:27,37.25,--,2,7450,卖盘
1021,13:19:18,37.25,-0.01,6,22350,卖盘
1022,13:19:06,37.26,-0.18,1,3726,卖盘
1023,13:19:03,37.44,0.09,1,3744,买盘
1024,13:18:57,37.35,0.1,1,3735,中性盘
1025,13:18:51,37.25,0.05,6,22350,卖盘
1026,13:18:39,37.2,--,1,3720,卖盘
1027,13:18:30,37.2,0.01,2,7440,中性盘
1028,13:18:24,37.19,-0.27,3,11157,卖盘
1029,13:18:21,37.46,0.27,3,11238,买盘
1030,13:18:15,37.19,--,9,33471,卖盘
1031,13:18:12,37.19,--,3,11157,中性盘
1032,13:18:00,37.19,-0.27,4,14876,中性盘
1033,13:17:54,37.46,--,7,26222,买盘
1034,13:17:45,37.46,--,13,48698,卖盘
1035,13:17:42,37.46,0.29,5,18730,买盘
1036,13:17:39,37.17,-0.29,8,29736,卖盘
1037,13:17:33,37.46,0.25,6,22476,买盘
1038,13:17:27,37.21,0.05,27,100467,中性盘
1039,13:17:18,37.16,--,36,133776,卖盘
1040,13:17:12,37.16,-0.28,23,85467,卖盘
1041,13:17:09,37.44,0.01,26,97344,买盘
1042,13:17:03,37.43,0.27,43,160949,买盘
1043,13:16:57,37.16,-0.26,4,14863,卖盘
1044,13:16:54,37.42,--,3,11226,卖盘
1045,13:16:51,37.42,0.26,23,86066,买盘
1046,13:16:48,37.16,-0.24,6,22295,卖盘
1047,13:16:45,37.4,--,9,33660,卖盘
1048,13:16:42,37.4,0.25,17,66385,买盘
1049,13:16:33,37.15,-0.15,3,11145,卖盘
1050,13:16:30,37.3,0.15,16,59679,买盘
1051,13:16:27,37.15,-0.15,9,33435,卖盘
1052,13:16:15,37.3,0.05,19,70870,买盘
1053,13:16:12,37.25,--,12,44700,卖盘
1054,13:16:09,37.25,-0.03,5,18625,中性盘
1055,13:16:03,37.28,0.13,11,41008,买盘
1056,13:16:00,37.15,-0.08,8,29720,卖盘
1057,13:15:57,37.23,0.08,10,37230,买盘
1058,13:15:51,37.15,-0.01,11,40865,卖盘
1059,13:15:45,37.16,--,16,59455,买盘
1060,13:15:39,37.16,0.01,6,22295,买盘
1061,13:15:36,37.15,--,4,14860,卖盘
1062,13:15:30,37.15,-0.08,1,3715,卖盘
1063,13:15:24,37.23,0.08,11,40953,买盘
1064,13:15:21,37.15,--,2,7430,卖盘
1065,13:15:12,37.15,--,3,11145,卖盘
1066,13:15:06,37.15,0.01,5,18575,买盘
1067,13:14:57,37.14,--,3,11142,卖盘
1068,13:14:48,37.14,-0.01,8,29712,卖盘
1069,13:14:42,37.15,--,28,104020,卖盘
1070,13:14:06,37.15,--,1,3715,卖盘
1071,13:14:00,37.15,--,4,14860,卖盘
1072,13:13:51,37.15,-0.08,16,59440,卖盘
1073,13:13:45,37.23,0.07,47,174980,买盘
1074,13:13:42,37.16,--,10,37160,卖盘
1075,13:13:36,37.16,-0.06,44,163503,卖盘
1076,13:13:33,37.22,--,10,37220,卖盘
1077,13:13:27,37.22,--,36,133992,卖盘
1078,13:13:21,37.22,--,9,33498,卖盘
1079,13:13:18,37.22,0.06,8,29776,买盘
1080,13:13:15,37.16,-0.06,9,33444,卖盘
1081,13:13:12,37.22,0.05,31,115382,买盘
1082,13:12:54,37.17,0.01,2,7434,中性盘
1083,13:12:42,37.16,--,6,22295,卖盘
1084,13:12:24,37.16,--,2,7431,卖盘
1085,13:12:12,37.16,-0.01,6,22295,卖盘
1086,13:12:09,37.17,--,1,3717,卖盘
1087,13:12:00,37.17,0.01,4,14868,中性盘
1088,13:11:54,37.16,--,2,7431,卖盘
1089,13:11:45,37.16,--,1,3715,卖盘
1090,13:11:42,37.16,--,6,22295,卖盘
1091,13:11:36,37.16,--,1,3715,卖盘
1092,13:11:21,37.16,--,2,7431,卖盘
1093,13:11:12,37.16,--,8,29727,卖盘
1094,13:10:57,37.16,--,20,74320,卖盘
1095,13:10:39,37.16,--,2,7431,卖盘
1096,13:10:30,37.16,--,1,3715,卖盘
1097,13:10:24,37.16,--,1,3715,卖盘
1098,13:10:12,37.16,--,3,11147,卖盘
1099,13:10:00,37.16,--,3,11147,买盘
1100,13:09:54,37.16,--,2,7431,买盘
1101,13:09:42,37.16,-0.01,2,7431,卖盘
1102,13:09:36,37.17,0.01,1,3717,卖盘
1103,13:09:24,37.16,--,1,3715,卖盘
1104,13:09:18,37.16,--,2,7431,卖盘
1105,13:09:15,37.16,-0.01,2,7431,卖盘
1106,13:09:09,37.17,-0.05,8,29736,卖盘
1107,13:08:54,37.22,--,4,14888,买盘
1108,13:08:45,37.22,--,1,3722,买盘
1109,13:08:42,37.22,--,8,29776,买盘
1110,13:08:03,37.22,0.06,1,3722,买盘
1111,13:07:57,37.16,--,2,7431,卖盘
1112,13:07:48,37.16,-0.07,5,18580,卖盘
1113,13:07:42,37.23,--,17,63290,买盘
1114,13:07:30,37.23,0.07,1,3722,买盘
1115,13:07:27,37.16,--,1,3715,卖盘
1116,13:07:18,37.16,-0.07,2,7431,卖盘
1117,13:07:09,37.23,0.07,7,26060,买盘
1118,13:07:03,37.16,-0.07,2,7431,卖盘
1119,13:06:57,37.23,0.07,3,11168,买盘
1120,13:06:54,37.16,--,1,3715,卖盘
1121,13:06:51,37.16,0.01,7,26011,中性盘
1122,13:06:45,37.15,--,1,3715,卖盘
1123,13:06:36,37.15,-0.01,1,3715,卖盘
1124,13:06:30,37.16,--,4,14863,卖盘
1125,13:06:21,37.16,-0.07,3,11147,卖盘
1126,13:06:18,37.23,0.06,10,37230,买盘
1127,13:06:15,37.17,-0.06,1,3717,卖盘
1128,13:06:09,37.23,--,11,40953,卖盘
1129,13:06:03,37.23,--,2,7445,买盘
1130,13:05:48,37.23,0.06,1,3722,买盘
1131,13:05:36,37.17,--,1,3717,卖盘
1132,13:05:24,37.17,--,1,3717,卖盘
1133,13:05:18,37.17,-0.06,1,3717,卖盘
1134,13:05:15,37.23,0.06,1,3722,买盘
1135,13:05:06,37.17,0.02,1,3717,中性盘
1136,13:05:03,37.15,--,1,3715,卖盘
1137,13:04:51,37.15,-0.08,6,22290,中性盘
1138,13:04:42,37.23,0.08,5,18615,买盘
1139,13:04:36,37.15,--,2,7430,卖盘
1140,13:04:30,37.15,-0.05,3,11145,卖盘
1141,13:04:21,37.2,0.06,10,37200,中性盘
1142,13:04:06,37.14,--,2,7428,卖盘
1143,13:03:51,37.14,--,2,7428,卖盘
1144,13:03:39,37.14,0.02,9,33426,卖盘
1145,13:03:36,37.12,-0.02,31,115071,卖盘
1146,13:03:24,37.14,0.02,2,7428,卖盘
1147,13:03:18,37.12,-0.01,9,33408,卖盘
1148,13:03:03,37.13,--,32,118816,卖盘
1149,13:02:54,37.13,--,8,29704,卖盘
1150,13:02:45,37.13,-0.03,8,29704,卖盘
1151,13:02:39,37.16,0.03,1,3715,卖盘
1152,13:02:32,37.13,-0.03,30,111390,卖盘
1153,13:02:23,37.16,0.03,1,3715,卖盘
1154,13:02:20,37.13,--,3,11139,卖盘
1155,13:02:11,37.13,-0.02,9,33417,卖盘
1156,13:02:02,37.15,0.02,30,111450,卖盘
1157,13:01:56,37.13,--,3,11139,卖盘
1158,13:01:47,37.13,--,9,33417,卖盘
1159,13:01:35,37.13,0.01,33,122529,中性盘
1160,13:01:02,37.12,--,19,70528,卖盘
1161,13:00:32,37.12,-0.11,19,70528,卖盘
1162,13:00:29,37.23,0.03,1,3722,买盘
1163,13:00:08,37.2,0.05,23,85560,卖盘
1164,13:00:02,37.15,0.04,73,271195,买盘
1165,11:29:52,37.11,--,4,14844,卖盘
1166,11:29:49,37.11,--,1,3711,卖盘
1167,11:29:46,37.11,--,1,3711,卖盘
1168,11:29:43,37.11,--,2,7422,卖盘
1169,11:29:34,37.11,--,7,25977,买盘
1170,11:29:22,37.11,0.01,7,25977,买盘
1171,11:29:13,37.1,--,1,3710,卖盘
1172,11:29:04,37.1,-0.02,1,3710,卖盘
1173,11:28:58,37.12,--,4,14847,卖盘
1174,11:28:52,37.12,--,1,3711,卖盘
1175,11:28:46,37.12,--,5,18560,卖盘
1176,11:28:37,37.12,-0.01,19,70528,卖盘
1177,11:28:31,37.13,0.03,2,7426,中性盘
1178,11:28:25,37.1,-0.01,66,244860,卖盘
1179,11:28:16,37.11,-0.09,6,22266,卖盘
1180,11:28:07,37.2,--,4,14880,卖盘
1181,11:28:04,37.2,0.09,16,59520,买盘
1182,11:27:55,37.11,-0.01,16,59376,卖盘
1183,11:27:40,37.12,0.01,1,3711,中性盘
1184,11:27:34,37.11,-0.09,1,3711,卖盘
1185,11:27:22,37.2,0.09,5,18600,买盘
1186,11:27:19,37.11,--,1,3711,卖盘
1187,11:27:04,37.11,--,1,3711,卖盘
1188,11:26:55,37.11,-0.09,6,22266,卖盘
1189,11:26:49,37.2,--,1,3720,卖盘
1190,11:26:40,37.2,--,2,7440,卖盘
1191,11:26:31,37.2,--,6,22320,卖盘
1192,11:26:28,37.2,--,2,7440,卖盘
1193,11:26:22,37.2,--,5,18600,卖盘
1194,11:25:58,37.2,--,1,3720,卖盘
1195,11:25:43,37.2,--,1,3720,卖盘
1196,11:25:37,37.2,--,1,3720,卖盘
1197,11:25:28,37.2,--,1,3720,卖盘
1198,11:25:22,37.2,--,5,18600,卖盘
1199,11:25:16,37.2,--,2,7440,卖盘
1200,11:25:10,37.2,--,8,29760,卖盘
1201,11:25:01,37.2,-0.02,29,107880,卖盘
1202,11:24:55,37.22,-0.01,101,375922,卖盘
1203,11:24:40,37.23,-0.01,4,14891,卖盘
1204,11:24:25,37.24,--,14,52136,卖盘
1205,11:24:13,37.24,--,1,3724,卖盘
1206,11:24:10,37.24,--,50,186200,卖盘
1207,11:24:04,37.24,-0.01,2,7448,卖盘
1208,11:24:01,37.25,0.01,1,3725,买盘
1209,11:23:58,37.24,-0.01,7,26068,卖盘
1210,11:23:52,37.25,--,23,85675,卖盘
1211,11:23:43,37.25,--,2,7450,卖盘
1212,11:23:34,37.25,--,9,33525,卖盘
1213,11:23:27,37.25,--,1,3725,卖盘
1214,11:23:21,37.25,--,31,115475,卖盘
1215,11:23:12,37.25,--,3,11175,卖盘
1216,11:23:00,37.25,--,8,29800,卖盘
1217,11:22:54,37.25,--,1,3725,卖盘
1218,11:22:48,37.25,-0.01,31,115475,卖盘
1219,11:22:45,37.26,-0.04,1,3726,卖盘
1220,11:22:33,37.3,0.05,1,3729,买盘
1221,11:22:30,37.25,--,5,18625,卖盘
1222,11:22:21,37.25,--,15,55875,卖盘
1223,11:22:15,37.25,--,1,3725,卖盘
1224,11:22:00,37.25,--,4,14900,卖盘
1225,11:21:48,37.25,--,16,59600,卖盘
1226,11:21:42,37.25,--,1,3725,卖盘
1227,11:21:27,37.25,--,4,14900,卖盘
1228,11:21:18,37.25,-0.01,15,55875,卖盘
1229,11:21:09,37.26,--,1,3726,卖盘
1230,11:20:57,37.26,0.01,2,7452,买盘
1231,11:20:54,37.25,--,1,3725,卖盘
1232,11:20:06,37.25,-0.01,1,3725,卖盘
1233,11:19:51,37.26,0.01,1,3726,中性盘
1234,11:19:36,37.25,--,3,11175,卖盘
1235,11:19:18,37.25,0.01,10,37250,中性盘
1236,11:19:09,37.24,--,1,3724,卖盘
1237,11:19:03,37.24,-0.2,3,11172,卖盘
1238,11:19:00,37.44,--,1,3744,买盘
1239,11:18:54,37.44,0.19,1,3744,买盘
1240,11:18:51,37.25,--,1,3725,买盘
1241,11:18:48,37.25,-0.18,9,33525,卖盘
1242,11:18:45,37.43,0.18,1,3743,买盘
1243,11:18:39,37.25,--,1,3725,卖盘
1244,11:18:30,37.25,--,4,14900,卖盘
1245,11:18:24,37.25,--,2,7450,卖盘
1246,11:18:21,37.25,--,5,18625,卖盘
1247,11:18:15,37.25,-0.01,9,33525,卖盘
1248,11:18:09,37.26,0.01,17,63342,买盘
1249,11:17:57,37.25,--,3,11175,卖盘
1250,11:17:45,37.25,--,9,33525,卖盘
1251,11:17:09,37.25,--,1,3725,卖盘
1252,11:17:00,37.25,--,1,3725,卖盘
1253,11:16:54,37.25,--,6,22350,卖盘
1254,11:16:45,37.25,-0.02,8,29800,卖盘
1255,11:16:30,37.27,0.01,3,11181,中性盘
1256,11:16:18,37.26,--,8,29808,卖盘
1257,11:16:06,37.26,-0.03,1,3726,卖盘
1258,11:15:57,37.29,0.03,3,11187,中性盘
1259,11:15:48,37.26,--,2,7452,卖盘
1260,11:15:45,37.26,--,11,40986,卖盘
1261,11:15:42,37.26,-0.18,1,3726,卖盘
1262,11:15:39,37.44,0.18,5,18720,买盘
1263,11:15:33,37.26,0.01,2,7452,买盘
1264,11:15:27,37.25,-0.01,3,11175,卖盘
1265,11:15:15,37.26,-0.01,9,33534,卖盘
1266,11:15:03,37.27,--,1,3727,卖盘
1267,11:14:51,37.27,--,3,11181,卖盘
1268,11:14:45,37.27,-0.03,12,44724,卖盘
1269,11:14:36,37.3,0.04,1,3729,卖盘
1270,11:14:30,37.26,--,4,14904,卖盘
1271,11:14:21,37.26,--,11,40986,卖盘
1272,11:14:15,37.26,-0.18,3,11178,卖盘
1273,11:14:12,37.44,0.18,14,52416,买盘
1274,11:14:06,37.26,--,11,40986,卖盘
1275,11:14:03,37.26,--,1,3726,卖盘
1276,11:14:00,37.26,-0.14,1,3726,卖盘
1277,11:13:57,37.4,0.14,36,134640,买盘
1278,11:13:54,37.26,--,1,3726,卖盘
1279,11:13:48,37.26,--,4,14904,卖盘
1280,11:13:33,37.26,--,1,3726,卖盘
1281,11:13:24,37.26,-0.04,2,7452,卖盘
1282,11:13:12,37.3,0.05,7,26109,买盘
1283,11:13:03,37.25,--,3,11175,卖盘
1284,11:12:54,37.25,-0.04,3,11175,卖盘
1285,11:12:48,37.29,-0.02,13,48477,卖盘
1286,11:12:36,37.31,--,2,7462,卖盘
1287,11:12:33,37.31,--,3,11193,买盘
1288,11:12:30,37.31,0.01,12,44772,买盘
1289,11:12:21,37.3,--,16,59679,卖盘
1290,11:12:18,37.3,--,10,37300,卖盘
1291,11:12:15,37.3,--,11,41030,卖盘
1292,11:12:09,37.3,0.06,44,164120,买盘
1293,11:12:06,37.24,--,3,11172,卖盘
1294,11:11:57,37.24,-0.04,6,22344,卖盘
1295,11:11:54,37.28,--,3,11184,卖盘
1296,11:11:51,37.28,--,3,11184,卖盘
1297,11:11:42,37.28,--,19,70832,卖盘
1298,11:11:36,37.28,-0.02,10,37280,中性盘
1299,11:11:30,37.3,0.06,2,7459,买盘
1300,11:11:27,37.24,-0.03,68,255354,卖盘
1301,11:11:24,37.27,-0.03,31,115537,卖盘
1302,11:11:21,37.3,0.02,2,7459,买盘
1303,11:11:18,37.28,-0.02,107,398896,卖盘
1304,11:11:15,37.3,0.01,1,3729,买盘
1305,11:11:12,37.29,--,4,14916,卖盘
1306,11:11:09,37.29,-0.01,3,11187,卖盘
1307,11:11:06,37.3,0.01,10,37300,买盘
1308,11:11:00,37.29,-0.01,3,11187,卖盘
1309,11:10:57,37.3,0.01,10,37300,买盘
1310,11:10:54,37.29,-0.01,6,22374,卖盘
1311,11:10:51,37.3,0.01,5,18650,买盘
1312,11:10:45,37.29,--,15,55935,卖盘
1313,11:10:42,37.29,-0.01,4,14916,卖盘
1314,11:10:33,37.3,0.01,11,41030,买盘
1315,11:10:24,37.29,--,1,3729,卖盘
1316,11:10:12,37.29,--,4,14916,卖盘
1317,11:10:03,37.29,--,1,3729,卖盘
1318,11:09:54,37.29,--,1,3729,卖盘
1319,11:09:09,37.29,--,1,3729,卖盘
1320,11:09:00,37.29,--,4,14916,卖盘
1321,11:08:51,37.29,-0.01,14,52206,卖盘
1322,11:08:45,37.3,--,1,3729,卖盘
1323,11:08:42,37.3,--,50,186500,卖盘
1324,11:08:36,37.3,-0.01,1,3729,卖盘
1325,11:08:30,37.31,--,3,11193,卖盘
1326,11:08:21,37.31,--,2,7462,卖盘
1327,11:08:18,37.31,--,10,37310,卖盘
1328,11:08:12,37.31,--,8,29848,卖盘
1329,11:07:51,37.31,--,20,74620,卖盘
1330,11:07:42,37.31,-0.03,3,11193,卖盘
1331,11:06:42,37.34,--,10,37340,买盘
1332,11:06:12,37.34,-0.11,4,14936,卖盘
1333,11:06:00,37.45,--,4,14980,买盘
1334,11:05:51,37.45,0.12,89,333305,买盘
1335,11:05:39,37.33,--,4,14932,卖盘
1336,11:05:09,37.33,-0.12,8,29864,卖盘
1337,11:05:06,37.45,0.12,1,3745,中性盘
1338,11:05:00,37.33,--,1,3733,卖盘
1339,11:04:39,37.33,--,7,26131,卖盘
1340,11:04:15,37.33,--,5,18665,卖盘
1341,11:04:09,37.33,--,1,3733,卖盘
1342,11:03:51,37.33,--,1,3733,卖盘
1343,11:03:39,37.33,--,1,3733,卖盘
1344,11:03:24,37.33,--,18,67194,卖盘
1345,11:03:09,37.33,--,1,3733,卖盘
1346,11:02:53,37.33,0.03,24,89592,买盘
1347,11:02:50,37.3,--,3,11190,卖盘
1348,11:02:47,37.3,--,5,18650,卖盘
1349,11:02:44,37.3,--,3,11190,卖盘
1350,11:02:38,37.3,-0.03,2,7459,卖盘
1351,11:02:35,37.33,--,3,11199,卖盘
1352,11:02:05,37.33,--,2,7466,卖盘
1353,11:02:02,37.33,--,1,3733,卖盘
1354,11:01:53,37.33,-0.15,1,3733,卖盘
1355,11:01:47,37.48,--,6,22487,买盘
1356,11:01:38,37.48,0.18,6,22487,买盘
1357,11:01:35,37.3,--,2,7459,卖盘
1358,11:01:05,37.3,--,1,3729,卖盘
1359,11:00:59,37.3,-0.18,1,3729,卖盘
1360,11:00:50,37.48,0.18,1,3747,买盘
1361,11:00:35,37.3,--,1,3729,卖盘
1362,11:00:11,37.3,--,1,3729,卖盘
1363,11:00:05,37.3,0.02,1,3729,卖盘
1364,10:59:53,37.28,-0.01,2,7456,卖盘
1365,10:59:47,37.29,0.01,6,22374,卖盘
1366,10:59:41,37.28,--,5,18640,卖盘
1367,10:59:35,37.28,--,11,41008,卖盘
1368,10:59:32,37.28,-0.27,6,22368,卖盘
1369,10:59:29,37.55,0.26,20,75100,买盘
1370,10:59:23,37.29,-0.21,1,3729,卖盘
1371,10:59:20,37.5,0.22,18,67500,买盘
1372,10:59:14,37.28,--,3,11184,卖盘
1373,10:59:11,37.28,--,1,3728,卖盘
1374,10:59:05,37.28,--,11,41008,卖盘
1375,10:58:53,37.28,--,2,7456,卖盘
1376,10:58:41,37.28,--,5,18640,卖盘
1377,10:58:35,37.28,-0.15,17,63376,卖盘
1378,10:58:20,37.43,0.16,22,82346,买盘
1379,10:57:47,37.27,--,1,3727,卖盘
1380,10:57:44,37.27,--,1,3727,卖盘
1381,10:57:23,37.27,--,3,11181,卖盘
1382,10:57:17,37.27,0.01,1,3727,买盘
1383,10:57:14,37.26,-0.01,1,3726,卖盘
1384,10:57:08,37.27,--,9,33543,买盘
1385,10:57:05,37.27,0.01,4,14908,买盘
1386,10:56:59,37.26,-0.01,2,7452,卖盘
1387,10:56:53,37.27,-0.29,10,37270,中性盘
1388,10:56:41,37.56,0.3,26,97656,买盘
1389,10:56:35,37.26,--,3,11178,卖盘
1390,10:56:26,37.26,--,8,29808,卖盘
1391,10:56:17,37.26,-0.17,29,108054,卖盘
1392,10:56:11,37.43,-0.09,2,7486,中性盘
1393,10:56:05,37.52,0.26,100,375200,买盘
1394,10:56:02,37.26,--,1,3726,卖盘
1395,10:55:56,37.26,-0.14,8,29808,卖盘
1396,10:55:53,37.4,0.14,1,3740,买盘
1397,10:55:47,37.26,-0.01,29,108054,卖盘
1398,10:55:41,37.27,-0.22,2,7454,卖盘
1399,10:55:35,37.49,0.22,101,378649,买盘
1400,10:55:23,37.27,--,7,26089,卖盘
1401,10:55:14,37.27,-0.14,5,18635,卖盘
1402,10:55:11,37.41,0.14,19,71079,中性盘
1403,10:55:02,37.27,--,17,63359,卖盘
1404,10:54:59,37.27,--,1,3727,卖盘
1405,10:54:50,37.27,0.01,1,3727,卖盘
1406,10:54:44,37.26,--,5,18630,卖盘
1407,10:54:32,37.26,--,17,63342,卖盘
1408,10:54:26,37.26,--,1,3726,卖盘
1409,10:54:11,37.26,0.01,5,18630,卖盘
1410,10:54:05,37.25,-0.01,18,67050,卖盘
1411,10:53:53,37.26,-0.16,1,3726,卖盘
1412,10:53:50,37.42,0.16,1,3742,买盘
1413,10:53:47,37.26,--,1,3726,卖盘
1414,10:53:35,37.26,0.03,1,3726,买盘
1415,10:53:32,37.23,-0.03,3,11168,卖盘
1416,10:53:20,37.26,0.03,1,3726,买盘
1417,10:53:17,37.23,--,9,33507,卖盘
1418,10:53:08,37.23,-0.02,21,78183,卖盘
1419,10:52:59,37.25,--,10,38144,卖盘
1420,10:52:56,37.25,-0.17,23,85675,卖盘
1421,10:52:53,37.42,--,54,202068,买盘
1422,10:52:50,37.42,0.19,79,295618,买盘
1423,10:52:41,37.23,-0.03,9,33507,卖盘
1424,10:52:35,37.26,0.01,30,111780,中性盘
1425,10:52:26,37.25,--,103,383675,卖盘
1426,10:52:20,37.25,0.01,1,3725,卖盘
1427,10:52:17,37.24,--,11,40964,卖盘
1428,10:52:14,37.24,--,4,14896,卖盘
1429,10:51:59,37.24,--,8,29792,卖盘
1430,10:51:56,37.24,--,7,26068,卖盘
1431,10:51:44,37.24,0.01,2,7448,中性盘
1432,10:51:38,37.23,--,9,33507,卖盘
1433,10:51:26,37.23,--,2,7445,卖盘
1434,10:51:23,37.23,0.01,2,7445,中性盘
1435,10:51:08,37.22,-0.04,6,22332,卖盘
1436,10:50:59,37.26,-0.04,20,74520,卖盘
1437,10:50:35,37.3,--,1,3729,卖盘
1438,10:50:26,37.3,-0.11,2,7459,卖盘
1439,10:50:20,37.41,--,2,7481,卖盘
1440,10:50:14,37.41,0.11,8,29927,买盘
1441,10:50:11,37.3,--,1,3729,卖盘
1442,10:50:05,37.3,--,1,3729,卖盘
1443,10:49:56,37.3,--,1,3729,卖盘
1444,10:49:47,37.3,0.03,4,14919,中性盘
1445,10:49:41,37.27,-0.15,2,7454,卖盘
1446,10:49:32,37.42,0.12,15,56130,买盘
1447,10:49:29,37.3,-0.1,8,29839,卖盘
1448,10:49:23,37.4,0.05,16,59840,买盘
1449,10:49:20,37.35,-0.01,6,22410,卖盘
1450,10:49:17,37.36,--,15,56040,买盘
1451,10:49:14,37.36,-0.06,5,18680,卖盘
1452,10:49:08,37.42,0.06,16,59872,买盘
1453,10:49:05,37.36,--,6,22416,卖盘
1454,10:48:59,37.36,-0.06,4,14944,卖盘
1455,10:48:56,37.42,0.03,16,59872,买盘
1456,10:48:50,37.39,0.03,9,33651,中性盘
1457,10:48:44,37.36,-0.06,5,18680,卖盘
1458,10:48:38,37.42,0.04,16,59872,买盘
1459,10:48:35,37.38,--,5,18690,卖盘
1460,10:48:32,37.38,--,10,37380,卖盘
1461,10:48:29,37.38,-0.04,6,22428,卖盘
1462,10:48:26,37.42,0.03,17,63614,买盘
1463,10:48:17,37.39,-0.03,22,82258,卖盘
1464,10:48:08,37.42,0.02,10,37420,买盘
1465,10:48:05,37.4,0.01,12,44880,买盘
1466,10:48:02,37.39,-0.01,22,82258,卖盘
1467,10:47:53,37.4,--,1,3740,中性盘
1468,10:47:41,37.4,--,2,7480,买盘
1469,10:47:38,37.4,-0.02,10,37400,买盘
1470,10:47:32,37.42,0.01,10,37420,买盘
1471,10:47:26,37.41,-0.01,3,11222,中性盘
1472,10:47:14,37.42,0.01,25,93550,买盘
1473,10:47:11,37.41,0.01,5,18705,买盘
1474,10:47:08,37.4,--,4,14960,买盘
1475,10:47:05,37.4,0.01,4,14960,中性盘
1476,10:46:59,37.39,-0.02,20,74780,中性盘
1477,10:46:53,37.41,0.01,20,74820,买盘
1478,10:46:50,37.4,--,1,3740,中性盘
1479,10:46:29,37.4,--,19,71060,卖盘
1480,10:46:26,37.4,-0.02,5,18700,卖盘
1481,10:46:23,37.42,0.04,4,14968,买盘
1482,10:46:02,37.38,-0.04,26,97188,卖盘
1483,10:45:56,37.42,--,8,29936,买盘
1484,10:45:53,37.42,--,4,14968,买盘
1485,10:45:47,37.42,-0.01,43,160906,卖盘
1486,10:45:41,37.43,--,9,33687,买盘
1487,10:45:38,37.43,0.01,2,7486,买盘
1488,10:45:32,37.42,--,6,22452,卖盘
1489,10:45:26,37.42,-0.01,10,37420,卖盘
1490,10:45:23,37.43,--,4,14972,买盘
1491,10:45:13,37.43,--,4,14972,买盘
1492,10:45:07,37.43,--,10,37430,买盘
1493,10:45:04,37.43,-0.02,3,11229,卖盘
1494,10:45:01,37.45,0.02,9,33705,买盘
1495,10:44:55,37.43,--,2,7486,卖盘
1496,10:44:46,37.43,-0.05,2,7486,卖盘
1497,10:44:43,37.48,0.04,5,18740,买盘
1498,10:44:40,37.44,--,8,29952,卖盘
1499,10:44:37,37.44,-0.04,4,14976,卖盘
1500,10:44:28,37.48,0.04,2,7495,买盘
1501,10:44:25,37.44,--,1,3744,卖盘
1502,10:44:10,37.44,--,4,14976,卖盘
1503,10:44:01,37.44,--,11,41184,卖盘
1504,10:43:58,37.44,--,1,3744,卖盘
1505,10:43:55,37.44,--,2,7488,卖盘
1506,10:43:52,37.44,-0.04,6,22464,卖盘
1507,10:43:46,37.48,0.04,4,14991,买盘
1508,10:43:43,37.44,0.01,19,71136,买盘
1509,10:43:37,37.43,--,4,14972,卖盘
1510,10:43:31,37.43,--,12,44916,买盘
1511,10:43:28,37.43,--,6,22458,卖盘
1512,10:43:19,37.43,-0.01,6,22458,卖盘
1513,10:43:16,37.44,0.01,4,14976,买盘
1514,10:43:13,37.43,-0.07,5,18715,卖盘
1515,10:43:10,37.5,0.07,18,67500,买盘
1516,10:43:04,37.43,--,7,26201,卖盘
1517,10:43:01,37.43,-0.02,11,41173,卖盘
1518,10:42:58,37.45,0.02,2,7490,中性盘
1519,10:42:49,37.43,-0.07,2,7486,卖盘
1520,10:42:43,37.5,0.07,9,33750,买盘
1521,10:42:37,37.43,--,5,18715,卖盘
1522,10:42:31,37.43,--,5,18715,卖盘
1523,10:42:28,37.43,--,15,56145,卖盘
1524,10:42:22,37.43,-0.07,15,56145,卖盘
1525,10:42:16,37.5,0.07,11,41250,买盘
1526,10:42:07,37.43,-0.09,22,82346,卖盘
1527,10:42:04,37.52,-0.04,1,3752,中性盘
1528,10:42:01,37.56,0.06,77,289212,买盘
1529,10:41:52,37.5,--,9,33750,卖盘
1530,10:41:46,37.5,--,3,11250,卖盘
1531,10:41:43,37.5,0.07,31,116250,买盘
1532,10:41:37,37.43,-0.07,6,22458,卖盘
1533,10:41:31,37.5,--,7,26250,买盘
1534,10:41:25,37.5,-0.02,2,7500,卖盘
1535,10:41:22,37.52,0.02,2,7504,买盘
1536,10:41:19,37.5,--,3,11250,卖盘
1537,10:41:13,37.5,--,2,7500,卖盘
1538,10:41:10,37.5,--,4,15000,卖盘
1539,10:41:04,37.5,--,4,15000,卖盘
1540,10:40:58,37.5,-0.03,10,37500,卖盘
1541,10:40:55,37.53,0.03,2,7506,买盘
1542,10:40:52,37.5,--,10,37500,卖盘
1543,10:40:49,37.5,-0.04,2,7500,卖盘
1544,10:40:43,37.54,0.01,4,15016,买盘
1545,10:40:40,37.53,0.03,7,26271,买盘
1546,10:40:31,37.5,-0.04,1,3750,卖盘
1547,10:40:22,37.54,0.04,6,22524,买盘
1548,10:40:13,37.5,-0.04,3,11250,卖盘
1549,10:40:10,37.54,--,7,26278,买盘
1550,10:40:01,37.54,0.04,8,30032,买盘
1551,10:39:58,37.5,-0.03,45,168750,卖盘
1552,10:39:52,37.53,--,10,37530,中性盘
1553,10:39:46,37.53,-0.01,1,3753,中性盘
1554,10:39:40,37.54,0.04,8,30032,买盘
1555,10:39:37,37.5,--,1,3750,卖盘
1556,10:39:31,37.5,--,2,7500,卖盘
1557,10:39:28,37.5,-0.04,1,3750,卖盘
1558,10:39:22,37.54,--,2,7508,买盘
1559,10:39:16,37.54,--,8,30032,买盘
1560,10:39:04,37.54,0.04,8,30032,买盘
1561,10:38:58,37.5,-0.04,1,3750,中性盘
1562,10:38:46,37.54,0.04,7,26278,买盘
1563,10:38:40,37.5,-0.04,1,3750,卖盘
1564,10:38:37,37.54,--,8,30032,买盘
1565,10:38:34,37.54,0.04,2,7508,买盘
1566,10:38:31,37.5,--,3,11250,卖盘
1567,10:38:28,37.5,-0.04,5,18750,卖盘
1568,10:38:25,37.54,--,13,48802,中性盘
1569,10:38:16,37.54,0.04,7,26278,买盘
1570,10:38:07,37.5,-0.04,13,48750,卖盘
1571,10:37:58,37.54,0.04,2,7508,买盘
1572,10:37:55,37.5,--,1,3750,卖盘
1573,10:37:49,37.5,-0.04,2,7500,卖盘
1574,10:37:46,37.54,0.04,10,37540,买盘
1575,10:37:43,37.5,0.01,34,127500,买盘
1576,10:37:37,37.49,-0.01,1,3749,卖盘
1577,10:37:34,37.5,0.08,6,22500,买盘
1578,10:37:28,37.42,--,4,14968,卖盘
1579,10:37:22,37.42,--,7,26194,卖盘
1580,10:37:16,37.42,-0.07,6,22452,卖盘
1581,10:37:13,37.49,0.07,10,37490,买盘
1582,10:37:10,37.42,--,10,37420,卖盘
1583,10:37:07,37.42,--,5,18710,卖盘
1584,10:37:04,37.42,--,11,41162,卖盘
1585,10:37:01,37.42,0.03,11,41162,买盘
1586,10:36:52,37.39,--,2,7478,卖盘
1587,10:36:43,37.39,--,1,3739,卖盘
1588,10:36:34,37.39,--,1,3739,卖盘
1589,10:36:19,37.39,-0.03,1,3739,中性盘
1590,10:36:04,37.42,0.04,3,11226,中性盘
1591,10:35:55,37.38,0.02,3,11214,中性盘
1592,10:35:49,37.36,-0.17,7,26152,卖盘
1593,10:35:46,37.53,0.17,4,15012,买盘
1594,10:35:40,37.36,0.01,6,22416,中性盘
1595,10:35:37,37.35,--,19,70965,卖盘
1596,10:35:31,37.35,-0.07,30,112050,卖盘
1597,10:35:25,37.42,-0.08,4,14968,卖盘
1598,10:35:22,37.5,0.15,107,404625,买盘
1599,10:35:13,37.35,-0.07,81,302535,卖盘
1600,10:35:07,37.42,-0.08,7,26194,中性盘
1601,10:35:01,37.5,0.09,281,1053750,买盘
1602,10:34:58,37.41,-0.09,13,48632,卖盘
1603,10:34:52,37.5,--,15,56250,买盘
1604,10:34:46,37.5,0.08,30,112500,买盘
1605,10:34:43,37.42,-0.07,5,18710,卖盘
1606,10:34:40,37.49,--,1,3749,卖盘
1607,10:34:37,37.49,--,11,41239,卖盘
1608,10:34:31,37.49,-0.01,10,37490,卖盘
1609,10:34:28,37.5,0.01,10,37500,买盘
1610,10:34:25,37.49,-0.01,18,67482,卖盘
1611,10:34:22,37.5,--,3,11250,买盘
1612,10:34:19,37.5,0.01,58,217500,买盘
1613,10:34:10,37.49,--,2,7498,卖盘
1614,10:34:07,37.49,--,1,3749,卖盘
1615,10:34:01,37.49,--,1,3749,卖盘
1616,10:33:58,37.49,--,1,3749,卖盘
1617,10:33:55,37.49,--,1,3749,卖盘
1618,10:33:49,37.49,--,1,3749,卖盘
1619,10:33:40,37.49,--,2,7498,卖盘
1620,10:33:37,37.49,--,5,18745,卖盘
1621,10:33:31,37.49,--,1,3749,卖盘
1622,10:33:28,37.49,--,5,18745,卖盘
1623,10:33:01,37.49,0.08,53,198697,买盘
1624,10:32:55,37.41,-0.05,5,18705,卖盘
1625,10:32:52,37.46,-0.01,31,116126,卖盘
1626,10:32:46,37.47,-0.01,2,7494,卖盘
1627,10:32:40,37.48,0.01,1,3747,买盘
1628,10:32:37,37.47,--,2,7494,卖盘
1629,10:32:34,37.47,--,5,18735,卖盘
1630,10:32:31,37.47,--,1,3747,卖盘
1631,10:32:25,37.47,--,8,29976,卖盘
1632,10:32:22,37.47,--,1,3747,卖盘
1633,10:32:13,37.47,-0.02,2,7494,卖盘
1634,10:32:10,37.49,0.02,1,3749,买盘
1635,10:32:04,37.47,--,4,14988,卖盘
1636,10:32:01,37.47,0.07,1,3747,买盘
1637,10:31:55,37.4,--,16,59840,卖盘
1638,10:31:49,37.4,-0.07,6,22440,卖盘
1639,10:31:37,37.47,0.07,12,44964,买盘
1640,10:31:34,37.4,-0.09,10,37400,卖盘
1641,10:31:25,37.49,0.08,21,78729,买盘
1642,10:31:19,37.41,0.01,14,52373,卖盘
1643,10:31:13,37.4,-0.09,7,26180,卖盘
1644,10:31:04,37.49,--,49,183701,买盘
1645,10:31:01,37.49,0.09,26,97474,买盘
1646,10:30:52,37.4,-0.09,18,67320,卖盘
1647,10:30:49,37.49,--,3,11247,买盘
1648,10:30:46,37.49,0.09,65,243685,买盘
1649,10:30:43,37.4,-0.09,10,37400,卖盘
1650,10:30:40,37.49,0.09,3,11247,买盘
1651,10:30:37,37.4,-0.09,20,74800,卖盘
1652,10:30:34,37.49,--,1,3749,买盘
1653,10:30:31,37.49,0.11,15,56235,买盘
1654,10:30:28,37.38,-0.11,10,37380,卖盘
1655,10:30:25,37.49,0.11,62,232438,买盘
1656,10:30:22,37.38,-0.1,18,67284,卖盘
1657,10:30:19,37.48,--,1,3747,买盘
1658,10:30:16,37.48,0.1,16,59967,买盘
1659,10:30:13,37.38,-0.09,2,7476,卖盘
1660,10:30:10,37.47,0.09,2,7494,买盘
1661,10:30:07,37.38,0.02,23,85974,卖盘
1662,10:30:01,37.36,0.01,4,14944,买盘
1663,10:29:58,37.35,-0.13,18,67230,卖盘
1664,10:29:49,37.48,0.12,7,26235,买盘
1665,10:29:46,37.36,-0.12,2,7472,卖盘
1666,10:29:43,37.48,0.12,29,108691,买盘
1667,10:29:40,37.36,--,3,11208,卖盘
1668,10:29:34,37.36,-0.11,12,44832,卖盘
1669,10:29:31,37.47,0.11,1,3747,买盘
1670,10:29:25,37.36,--,4,14944,卖盘
1671,10:29:22,37.36,-0.1,29,108344,卖盘
1672,10:29:19,37.46,0.1,17,63682,买盘
1673,10:29:16,37.36,--,11,41096,买盘
1674,10:29:13,37.36,--,1,3736,买盘
1675,10:29:10,37.36,--,23,85928,买盘
1676,10:29:07,37.36,--,4,14944,买盘
1677,10:28:58,37.36,-0.04,23,85928,卖盘
1678,10:28:52,37.4,0.04,1,3740,买盘
1679,10:28:43,37.36,-0.04,1,3736,卖盘
1680,10:28:37,37.4,--,4,14960,买盘
1681,10:28:28,37.4,--,8,29920,买盘
1682,10:28:22,37.4,--,9,33660,买盘
1683,10:28:19,37.4,--,2,7480,卖盘
1684,10:28:13,37.4,-0.07,3,11220,卖盘
1685,10:28:10,37.47,0.07,11,41217,买盘
1686,10:28:07,37.4,--,5,18700,买盘
1687,10:28:04,37.4,0.05,1,3740,买盘
1688,10:27:58,37.35,--,4,14940,卖盘
1689,10:27:49,37.35,-0.05,10,37350,卖盘
1690,10:27:43,37.4,-0.01,7,26180,卖盘
1691,10:27:34,37.41,-0.04,34,127193,卖盘
1692,10:27:31,37.45,0.04,23,86135,买盘
1693,10:27:25,37.41,-0.04,1,3740,卖盘
1694,10:27:16,37.45,0.05,3,11235,买盘
1695,10:27:13,37.4,--,2,7480,卖盘
1696,10:27:04,37.4,--,1,3740,卖盘
1697,10:26:58,37.4,--,1,3740,卖盘
1698,10:26:52,37.4,--,2,7480,卖盘
1699,10:26:46,37.4,--,1,3740,卖盘
1700,10:26:40,37.4,--,5,18700,卖盘
1701,10:26:28,37.4,0.05,2,7480,中性盘
1702,10:26:19,37.35,-0.01,7,26145,卖盘
1703,10:26:13,37.36,-0.11,9,33624,卖盘
1704,10:26:10,37.47,0.07,15,56205,买盘
1705,10:26:06,37.4,--,1,3740,买盘
1706,10:26:03,37.4,--,24,89760,买盘
1707,10:26:00,37.4,0.05,1,3740,买盘
1708,10:25:57,37.35,-0.05,8,29880,卖盘
1709,10:25:51,37.4,0.05,1,3740,买盘
1710,10:25:48,37.35,-0.14,18,67230,卖盘
1711,10:25:45,37.49,0.14,10,37490,买盘
1712,10:25:39,37.35,--,48,179280,卖盘
1713,10:25:33,37.35,-0.14,6,22410,卖盘
1714,10:25:27,37.49,0.04,115,431135,买盘
1715,10:25:24,37.45,--,37,138565,卖盘
1716,10:25:18,37.45,--,13,48685,卖盘
1717,10:25:15,37.45,-0.02,7,26215,卖盘
1718,10:25:12,37.47,0.02,3,11241,买盘
1719,10:25:09,37.45,0.07,57,213465,买盘
1720,10:25:06,37.38,-0.07,18,67284,卖盘
1721,10:25:03,37.45,0.01,2,7490,买盘
1722,10:25:00,37.44,-0.01,4,14976,卖盘
1723,10:24:57,37.45,0.01,6,22470,买盘
1724,10:24:54,37.44,-0.01,21,78624,卖盘
1725,10:24:51,37.45,0.01,1,3745,买盘
1726,10:24:45,37.44,-0.01,13,48672,卖盘
1727,10:24:39,37.45,--,1,3745,买盘
1728,10:24:36,37.45,0.01,1,3745,买盘
1729,10:24:30,37.44,--,2,7488,卖盘
1730,10:24:24,37.44,0.01,9,33696,买盘
1731,10:24:15,37.43,-0.01,7,26201,卖盘
1732,10:24:09,37.44,0.12,1,3744,买盘
1733,10:24:03,37.32,-0.11,24,89568,卖盘
1734,10:24:00,37.43,0.03,10,37430,买盘
1735,10:23:54,37.4,--,21,78540,卖盘
1736,10:23:51,37.4,0.1,57,213329,买盘
1737,10:23:48,37.3,-0.01,30,111899,卖盘
1738,10:23:42,37.31,-0.09,2,7462,卖盘
1739,10:23:39,37.4,0.09,100,374000,买盘
1740,10:23:33,37.31,-0.04,2,7462,卖盘
1741,10:23:30,37.35,0.04,1,3735,买盘
1742,10:23:27,37.31,--,5,18655,卖盘
1743,10:23:24,37.31,--,6,22386,卖盘
1744,10:23:18,37.31,-0.04,19,70889,卖盘
1745,10:23:15,37.35,0.06,3,11205,买盘
1746,10:23:09,37.29,-0.03,29,108141,卖盘
1747,10:23:06,37.32,0.01,36,134352,买盘
1748,10:22:57,37.31,0.01,3,11193,买盘
1749,10:22:54,37.3,0.01,20,74600,买盘
1750,10:22:51,37.29,--,79,294591,卖盘
1751,10:22:39,37.29,0.01,6,22374,买盘
1752,10:22:36,37.28,0.16,1,3728,中性盘
1753,10:22:21,37.12,-0.01,1,3711,卖盘
1754,10:22:12,37.13,-0.19,3,11139,卖盘
1755,10:22:03,37.32,0.04,6,22392,买盘
1756,10:22:00,37.28,-0.02,5,18640,卖盘
1757,10:21:57,37.3,--,2,7459,卖盘
1758,10:21:45,37.3,0.01,4,14919,买盘
1759,10:21:39,37.29,--,1,3729,卖盘
1760,10:21:30,37.29,0.15,4,14916,买盘
1761,10:21:15,37.14,-0.14,1,3714,卖盘
1762,10:21:03,37.28,--,4,14912,买盘
1763,10:21:00,37.28,--,4,14912,买盘
1764,10:20:48,37.28,-0.03,55,205040,卖盘
1765,10:20:42,37.31,0.03,110,410410,中性盘
1766,10:20:24,37.28,-0.03,41,152848,卖盘
1767,10:20:18,37.31,-0.01,3,11193,中性盘
1768,10:19:51,37.32,0.04,5,18660,买盘
1769,10:19:45,37.28,-0.04,1,3728,卖盘
1770,10:19:33,37.32,--,7,29520,卖盘
1771,10:19:27,37.32,--,5,18660,卖盘
1772,10:19:18,37.32,0.04,93,347411,买盘
1773,10:19:12,37.28,--,1,3728,卖盘
1774,10:19:06,37.28,--,6,22368,卖盘
1775,10:19:00,37.28,--,1,3728,卖盘
1776,10:18:54,37.28,-0.02,2,7456,中性盘
1777,10:18:51,37.3,0.02,175,652750,买盘
1778,10:18:45,37.28,--,22,82016,买盘
1779,10:18:36,37.28,0.15,1,3728,买盘
1780,10:18:12,37.13,-0.15,1,3713,中性盘
1781,10:17:57,37.28,0.16,99,369072,买盘
1782,10:17:42,37.12,-0.16,32,118783,卖盘
1783,10:17:24,37.28,--,30,111840,买盘
1784,10:17:15,37.28,0.01,100,372800,买盘
1785,10:17:12,37.27,--,23,85721,买盘
1786,10:17:03,37.27,0.15,2,7454,买盘
1787,10:16:48,37.12,--,2,7423,卖盘
1788,10:16:42,37.12,--,22,81664,卖盘
1789,10:16:21,37.12,--,3,11136,卖盘
1790,10:16:12,37.12,-0.15,22,81664,卖盘
1791,10:16:00,37.27,--,20,74540,买盘
1792,10:15:54,37.27,--,4,14908,买盘
1793,10:15:45,37.27,0.15,1,3727,买盘
1794,10:15:09,37.12,--,1,3711,卖盘
1795,10:15:06,37.12,-0.16,2,7423,卖盘
1796,10:15:03,37.28,--,4,14912,买盘
1797,10:14:57,37.28,--,30,111840,买盘
1798,10:14:42,37.28,--,92,342976,卖盘
1799,10:14:39,37.28,-0.01,15,55920,卖盘
1800,10:14:33,37.29,0.01,4,14916,买盘
1801,10:14:30,37.28,--,1,3728,卖盘
1802,10:14:24,37.28,--,7,26096,卖盘
1803,10:14:12,37.28,--,6,22368,卖盘
1804,10:14:09,37.28,-0.01,2,7456,卖盘
1805,10:14:06,37.29,--,5,18645,买盘
1806,10:13:57,37.29,--,1,3729,买盘
1807,10:13:45,37.29,0.17,72,268488,买盘
1808,10:13:39,37.12,-0.1,4,14847,卖盘
1809,10:13:36,37.22,0.1,30,111660,买盘
1810,10:13:30,37.12,--,18,69154,买盘
1811,10:13:27,37.12,--,100,371200,买盘
1812,10:13:00,37.12,0.07,14,51968,买盘
1813,10:12:57,37.05,--,16,59279,卖盘
1814,10:12:48,37.05,-0.02,2,7409,卖盘
1815,10:12:27,37.07,--,5,18535,买盘
1816,10:12:24,37.07,-0.04,45,166815,卖盘
1817,10:12:15,37.11,0.03,17,63087,买盘
1818,10:12:12,37.08,-0.03,6,22248,中性盘
1819,10:12:06,37.11,--,2,7422,买盘
1820,10:11:48,37.11,-0.1,31,115041,卖盘
1821,10:11:45,37.21,--,5,18605,卖盘
1822,10:11:42,37.21,0.01,6,22326,买盘
1823,10:11:18,37.2,0.1,9,33480,买盘
1824,10:11:15,37.1,0.03,8,29680,中性盘
1825,10:11:09,37.07,-0.03,4,14828,卖盘
1826,10:10:54,37.1,--,8,29680,买盘
1827,10:10:42,37.1,0.03,2,7420,买盘
1828,10:10:39,37.07,-0.13,3,11121,卖盘
1829,10:10:36,37.2,0.16,1,3720,买盘
1830,10:10:12,37.04,--,7,25928,卖盘
1831,10:10:09,37.04,0.04,2,7408,卖盘
1832,10:10:06,37.0,--,12,44400,卖盘
1833,10:10:03,37.0,--,2,7400,买盘
1834,10:10:00,37.0,--,1,3700,买盘
1835,10:09:54,37.0,-0.23,47,173900,卖盘
1836,10:09:51,37.23,--,2,7445,买盘
1837,10:09:45,37.23,0.03,31,115412,买盘
1838,10:09:36,37.2,--,10,37200,买盘
1839,10:09:33,37.2,0.16,32,119040,买盘
1840,10:09:24,37.04,-0.16,44,162976,卖盘
1841,10:09:12,37.2,0.15,32,119040,买盘
1842,10:09:03,37.05,--,31,114854,买盘
1843,10:08:51,37.05,--,2,7409,买盘
1844,10:08:48,37.05,-0.18,16,59279,卖盘
1845,10:08:33,37.23,-0.03,64,241622,卖盘
1846,10:08:24,37.26,--,2,7452,卖盘
1847,10:08:15,37.26,--,5,18630,卖盘
1848,10:08:09,37.26,-0.02,1,3726,卖盘
1849,10:08:00,37.28,0.02,8,29824,买盘
1850,10:07:54,37.26,--,10,37260,卖盘
1851,10:07:48,37.26,--,15,55890,买盘
1852,10:07:45,37.26,0.03,5,18630,买盘
1853,10:07:39,37.23,-0.01,1,3722,卖盘
1854,10:07:36,37.24,--,6,22344,买盘
1855,10:07:27,37.24,0.01,6,22344,买盘
1856,10:07:18,37.23,0.13,49,182799,买盘
1857,10:07:12,37.1,-0.04,16,59360,卖盘
1858,10:07:09,37.14,-0.06,1,3714,卖盘
1859,10:07:03,37.2,--,6,22320,买盘
1860,10:07:00,37.2,0.06,5,18600,买盘
1861,10:06:51,37.14,0.04,4,14856,买盘
1862,10:06:48,37.1,-0.04,1,3710,卖盘
1863,10:06:42,37.14,--,6,22284,买盘
1864,10:06:35,37.14,--,4,14856,买盘
1865,10:06:32,37.14,--,8,29712,买盘
1866,10:06:29,37.14,--,15,55710,买盘
1867,10:06:20,37.14,--,5,18570,买盘
1868,10:06:11,37.14,0.04,6,22284,买盘
1869,10:06:02,37.1,-0.03,10,37100,卖盘
1870,10:05:53,37.13,0.01,6,22278,买盘
1871,10:05:38,37.12,--,6,22272,买盘
1872,10:05:35,37.12,-0.01,2,7423,卖盘
1873,10:05:32,37.13,--,6,22278,买盘
1874,10:05:29,37.13,-0.01,8,29704,中性盘
1875,10:05:23,37.14,--,36,133704,买盘
1876,10:05:17,37.14,--,6,22284,买盘
1877,10:05:11,37.14,-0.06,42,155988,卖盘
1878,10:05:08,37.2,0.06,5,18600,买盘
1879,10:04:50,37.14,-0.06,23,85422,卖盘
1880,10:04:05,37.2,--,10,37200,买盘
1881,10:03:50,37.2,-0.03,11,40920,卖盘
1882,10:03:41,37.23,--,11,40953,买盘
1883,10:03:23,37.23,-0.01,4,14891,卖盘
1884,10:02:59,37.24,-0.02,4,14896,卖盘
1885,10:02:56,37.26,0.02,5,18630,买盘
1886,10:02:50,37.24,-0.05,6,22344,卖盘
1887,10:01:56,37.29,--,14,52206,卖盘
1888,10:01:35,37.29,-0.03,23,85767,卖盘
1889,10:01:29,37.32,--,2,7464,中性盘
1890,10:01:20,37.32,0.03,1,3732,买盘
1891,10:01:11,37.29,-0.03,30,111870,卖盘
1892,10:01:02,37.32,--,20,74640,买盘
1893,10:00:56,37.32,0.03,5,18660,买盘
1894,10:00:53,37.29,-0.03,7,26103,卖盘
1895,10:00:47,37.32,0.03,22,82104,买盘
1896,10:00:44,37.29,0.06,3,11187,中性盘
1897,10:00:32,37.23,-0.07,5,18615,卖盘
1898,10:00:29,37.3,--,21,78330,买盘
1899,10:00:05,37.3,--,9,33570,买盘
1900,09:59:59,37.3,--,10,37300,买盘
1901,09:59:47,37.3,--,17,63409,买盘
1902,09:59:41,37.3,0.01,31,115629,买盘
1903,09:59:35,37.29,0.03,76,283404,买盘
1904,09:59:23,37.26,0.07,21,78246,买盘
1905,09:59:17,37.19,-0.01,33,122726,卖盘
1906,09:59:08,37.2,0.01,3,11160,买盘
1907,09:59:05,37.19,--,2,7438,卖盘
1908,09:59:02,37.19,0.05,54,202202,买盘
1909,09:58:53,37.14,--,2,7428,卖盘
1910,09:58:47,37.14,-0.03,50,185700,卖盘
1911,09:58:44,37.17,0.03,7,26019,买盘
1912,09:58:32,37.14,-0.04,54,200556,卖盘
1913,09:58:26,37.18,0.04,2,7436,中性盘
1914,09:58:08,37.14,-0.05,3,11142,卖盘
1915,09:58:05,37.19,0.05,10,37190,买盘
1916,09:58:02,37.14,-0.04,6,22284,卖盘
1917,09:57:53,37.18,0.04,10,37180,买盘
1918,09:57:47,37.14,-0.05,1,3714,中性盘
1919,09:57:41,37.19,--,11,40909,买盘
1920,09:57:35,37.19,0.14,11,40909,买盘
1921,09:57:29,37.05,-0.11,6,22230,卖盘
1922,09:57:26,37.16,0.01,10,37160,买盘
1923,09:57:17,37.15,0.01,10,37150,买盘
1924,09:57:08,37.14,--,10,37140,买盘
1925,09:56:59,37.14,-0.01,16,59424,中性盘
1926,09:56:41,37.15,--,7,26005,买盘
1927,09:56:29,37.15,--,13,48295,买盘
1928,09:56:14,37.15,--,10,37150,买盘
1929,09:56:08,37.15,0.11,11,40865,买盘
1930,09:55:59,37.04,-0.11,3,11112,卖盘
1931,09:55:56,37.15,--,10,37150,买盘
1932,09:55:41,37.15,--,7,26005,买盘
1933,09:55:32,37.15,--,11,40865,买盘
1934,09:55:17,37.15,--,6,22290,买盘
1935,09:55:05,37.15,0.05,31,115165,买盘
1936,09:55:02,37.1,--,20,74200,买盘
1937,09:54:59,37.1,0.09,2,7420,买盘
1938,09:54:56,37.01,-0.06,23,85123,卖盘
1939,09:54:44,37.07,--,8,29656,买盘
1940,09:54:41,37.07,--,4,14828,买盘
1941,09:54:38,37.07,--,6,22242,买盘
1942,09:54:35,37.07,--,1,3707,买盘
1943,09:54:32,37.07,0.06,9,33363,买盘
1944,09:54:26,37.01,-0.06,33,122133,卖盘
1945,09:54:17,37.07,--,27,100089,买盘
1946,09:54:11,37.07,--,5,18535,买盘
1947,09:54:05,37.07,--,5,18535,买盘
1948,09:53:59,37.07,0.06,6,22242,买盘
1949,09:53:56,37.01,-0.02,13,48113,卖盘
1950,09:53:53,37.03,-0.03,7,25921,卖盘
1951,09:53:44,37.06,-0.01,7,25942,中性盘
1952,09:53:41,37.07,--,1,3707,买盘
1953,09:53:38,37.07,--,1,3707,买盘
1954,09:53:35,37.07,--,6,22242,买盘
1955,09:53:32,37.07,--,5,18535,买盘
1956,09:53:29,37.07,--,2,7414,买盘
1957,09:53:23,37.07,--,5,18535,买盘
1958,09:53:20,37.07,0.06,1,3707,买盘
1959,09:53:08,37.01,--,8,29608,卖盘
1960,09:52:53,37.01,-0.05,1,3701,卖盘
1961,09:52:44,37.06,0.03,2,7412,买盘
1962,09:52:41,37.03,0.03,50,185150,买盘
1963,09:52:29,37.0,--,6,22200,买盘
1964,09:52:23,37.0,--,17,62900,卖盘
1965,09:52:11,37.0,-0.01,5,18500,卖盘
1966,09:51:50,37.01,-0.09,9,33309,卖盘
1967,09:51:29,37.1,0.02,5,18550,买盘
1968,09:51:26,37.08,0.08,2,7416,买盘
1969,09:51:20,37.0,-0.03,10,37000,卖盘
1970,09:51:08,37.03,-0.07,2,7406,卖盘
1971,09:51:02,37.1,-0.05,7,25970,中性盘
1972,09:50:32,37.15,--,11,40865,买盘
1973,09:50:26,37.15,0.06,1,3715,买盘
1974,09:50:20,37.09,-0.05,7,25963,卖盘
1975,09:50:14,37.14,-0.01,2,7428,中性盘
1976,09:50:02,37.15,--,3,11145,买盘
1977,09:49:59,37.15,0.06,1,3715,买盘
1978,09:49:53,37.09,-0.01,7,25963,卖盘
1979,09:49:47,37.1,0.01,10,37100,中性盘
1980,09:49:20,37.09,--,7,25963,卖盘
1981,09:49:14,37.09,--,5,18545,卖盘
1982,09:48:59,37.09,-0.09,2,7418,中性盘
1983,09:48:56,37.18,0.1,2,7436,中性盘
1984,09:48:50,37.08,--,7,25956,卖盘
1985,09:48:47,37.08,-0.1,23,85284,卖盘
1986,09:48:41,37.18,--,5,18590,卖盘
1987,09:48:38,37.18,0.1,5,18590,买盘
1988,09:48:29,37.08,0.07,20,74160,买盘
1989,09:48:20,37.01,-0.07,5,18505,卖盘
1990,09:48:02,37.08,--,2,7416,买盘
1991,09:47:59,37.08,0.07,17,63036,买盘
1992,09:47:50,37.01,-0.07,5,18505,卖盘
1993,09:47:41,37.08,0.07,1,3708,买盘
1994,09:47:38,37.01,-0.07,4,14804,卖盘
1995,09:47:35,37.08,0.02,14,51912,买盘
1996,09:47:32,37.06,--,3,11118,买盘
1997,09:47:29,37.06,0.05,15,55590,买盘
1998,09:47:20,37.01,-0.01,5,18505,卖盘
1999,09:47:04,37.02,--,14,51828,买盘
2000,09:46:52,37.02,0.01,13,48126,买盘
2001,09:46:49,37.01,-0.01,2,7402,卖盘
2002,09:46:46,37.02,--,3,11106,买盘
2003,09:46:40,37.02,--,3,11106,买盘
2004,09:46:31,37.02,--,17,62934,买盘
2005,09:46:25,37.02,0.02,11,40722,买盘
2006,09:46:22,37.0,-0.02,2,7400,卖盘
2007,09:46:13,37.02,--,3,11106,买盘
2008,09:45:58,37.02,0.02,5,18510,买盘
2009,09:45:49,37.0,0.03,21,77700,买盘
2010,09:45:46,36.97,0.09,5,18485,买盘
2011,09:45:40,36.88,--,5,18440,卖盘
2012,09:45:31,36.88,0.01,7,25816,买盘
2013,09:45:28,36.87,0.04,4,14747,买盘
2014,09:45:01,36.83,-0.04,14,51562,卖盘
2015,09:44:52,36.87,0.07,1,3686,中性盘
2016,09:44:16,36.8,-0.17,11,40480,卖盘
2017,09:44:10,36.97,--,10,36970,卖盘
2018,09:44:04,36.97,0.18,80,295760,买盘
2019,09:43:55,36.79,--,2,7358,卖盘
2020,09:43:46,36.79,-0.09,3,11037,卖盘
2021,09:43:19,36.88,--,4,14752,卖盘
2022,09:43:16,36.88,--,3,11064,卖盘
2023,09:43:10,36.88,--,3,11064,卖盘
2024,09:42:46,36.88,--,3,11064,卖盘
2025,09:42:43,36.88,--,5,18440,卖盘
2026,09:42:37,36.88,--,11,40568,卖盘
2027,09:42:16,36.88,--,1,3688,卖盘
2028,09:42:13,36.88,0.08,1,3688,买盘
2029,09:42:10,36.8,--,3,11040,卖盘
2030,09:42:07,36.8,0.01,3,11040,中性盘
2031,09:41:49,36.79,-0.1,10,36790,卖盘
2032,09:41:46,36.89,0.1,10,36890,买盘
2033,09:41:40,36.79,--,37,136123,买盘
2034,09:41:37,36.79,--,39,143481,买盘
2035,09:41:07,36.79,--,10,36790,买盘
2036,09:41:01,36.79,-0.09,30,110370,卖盘
2037,09:40:19,36.88,--,5,18440,卖盘
2038,09:40:10,36.88,-0.02,1,3688,卖盘
2039,09:39:58,36.9,--,1,3690,卖盘
2040,09:39:52,36.9,0.01,1,3690,卖盘
2041,09:39:46,36.89,--,6,22134,卖盘
2042,09:39:13,36.89,--,6,22134,卖盘
2043,09:39:07,36.89,--,1,3689,卖盘
2044,09:39:01,36.89,-0.09,5,18445,卖盘
2045,09:38:52,36.98,0.09,7,25885,买盘
2046,09:38:49,36.89,--,5,18445,卖盘
2047,09:38:46,36.89,-0.09,1,3689,卖盘
2048,09:38:34,36.98,--,4,14791,卖盘
2049,09:38:28,36.98,--,16,59167,买盘
2050,09:38:25,36.98,0.09,1,3697,买盘
2051,09:38:16,36.89,0.01,3,11067,卖盘
2052,09:38:04,36.88,--,3,11064,买盘
2053,09:37:58,36.88,--,6,22128,卖盘
2054,09:37:43,36.88,--,1,3688,卖盘
2055,09:37:37,36.88,0.11,17,62696,买盘
2056,09:37:25,36.77,-0.11,50,183850,卖盘
2057,09:37:19,36.88,--,4,14752,买盘
2058,09:37:16,36.88,--,10,36880,中性盘
2059,09:37:01,36.88,--,3,11064,买盘
2060,09:36:46,36.88,--,13,47944,卖盘
2061,09:36:43,36.88,--,31,114328,卖盘
2062,09:36:22,36.88,--,19,70072,卖盘
2063,09:36:16,36.88,--,10,36880,卖盘
2064,09:36:13,36.88,-0.11,31,114328,卖盘
2065,09:36:10,36.99,0.1,11,40689,买盘
2066,09:36:07,36.89,--,5,18445,买盘
2067,09:35:52,36.89,--,8,29512,买盘
2068,09:35:49,36.89,--,2,7378,买盘
2069,09:35:46,36.89,0.01,7,25823,买盘
2070,09:35:43,36.88,-0.01,1,3688,卖盘
2071,09:35:40,36.89,--,20,73780,买盘
2072,09:35:37,36.89,-0.04,2,7378,买盘
2073,09:35:31,36.93,-0.07,3,11079,卖盘
2074,09:35:25,37.0,0.11,8,29600,买盘
2075,09:35:16,36.89,0.01,4,14756,中性盘
2076,09:35:01,36.88,--,18,66384,卖盘
2077,09:34:55,36.88,-0.11,41,151208,卖盘
2078,09:34:46,36.99,-0.04,1,3699,中性盘
2079,09:34:43,37.03,0.15,6,22218,买盘
2080,09:34:40,36.88,-0.15,1,3688,卖盘
2081,09:34:37,37.03,0.15,5,18515,买盘
2082,09:34:34,36.88,-0.15,14,51632,卖盘
2083,09:34:31,37.03,--,5,18515,买盘
2084,09:34:25,37.03,-0.01,33,122199,中性盘
2085,09:34:19,37.04,--,5,18520,买盘
2086,09:34:13,37.04,--,25,92600,买盘
2087,09:34:07,37.04,--,5,18520,买盘
2088,09:34:04,37.04,--,1,3704,买盘
2089,09:34:01,37.04,0.01,7,25928,买盘
2090,09:33:58,37.03,0.04,7,25921,买盘
2091,09:33:55,36.99,--,6,22194,买盘
2092,09:33:52,36.99,-0.05,1,3699,买盘
2093,09:33:49,37.04,0.01,8,29632,买盘
2094,09:33:46,37.03,-0.01,1,3703,中性盘
2095,09:33:40,37.04,--,10,37040,买盘
2096,09:33:34,37.04,--,1,3704,买盘
2097,09:33:31,37.04,-0.01,1,3704,买盘
2098,09:33:28,37.05,--,1,3704,买盘
2099,09:33:22,37.05,-0.01,10,37050,中性盘
2100,09:33:16,37.06,--,10,37060,买盘
2101,09:33:10,37.06,0.02,5,18530,买盘
2102,09:33:04,37.04,0.17,5,18520,买盘
2103,09:32:55,36.87,--,5,18435,买盘
2104,09:32:52,36.87,-0.19,4,14747,卖盘
2105,09:32:46,37.06,--,5,18530,买盘
2106,09:32:43,37.06,--,1,3706,买盘
2107,09:32:40,37.06,--,5,18530,买盘
2108,09:32:37,37.06,--,2,7412,买盘
2109,09:32:31,37.06,--,1,3706,买盘
2110,09:32:28,37.06,-0.01,1,3706,买盘
2111,09:32:25,37.07,--,36,133452,卖盘
2112,09:32:22,37.07,--,17,63019,买盘
2113,09:32:19,37.07,--,1,3707,买盘
2114,09:32:13,37.07,-0.01,1,3707,买盘
2115,09:32:10,37.08,--,6,22248,卖盘
2116,09:32:07,37.08,--,55,203940,买盘
2117,09:32:04,37.08,--,2,7416,买盘
2118,09:31:55,37.08,-0.2,8,29664,买盘
2119,09:31:46,37.28,--,2,7456,买盘
2120,09:31:40,37.28,-0.01,1,3728,中性盘
2121,09:31:34,37.29,--,4,14916,买盘
2122,09:31:31,37.29,0.67,1,3729,买盘
2123,09:31:25,36.62,-0.68,1,3661,卖盘
2124,09:31:22,37.3,--,5,18650,买盘
2125,09:31:19,37.3,0.3,3,11190,买盘
2126,09:31:16,37.0,-0.32,10,37000,卖盘
2127,09:31:10,37.32,--,1,3732,买盘
2128,09:31:07,37.32,0.78,5,18660,中性盘
2129,09:30:58,36.54,-0.81,3,10962,卖盘
2130,09:30:55,37.35,--,1,3735,买盘
2131,09:30:52,37.35,-0.05,2,7470,中性盘
2132,09:30:46,37.4,--,3,11220,买盘
2133,09:30:43,37.4,0.01,3,11220,买盘
2134,09:30:37,37.39,-0.01,1,3739,卖盘
2135,09:30:34,37.4,0.42,2,7480,买盘
2136,09:30:31,36.98,-0.41,4,14791,卖盘
2137,09:30:28,37.39,0.06,2,7478,买盘
2138,09:30:25,37.33,0.28,37,138121,买盘
2139,09:30:22,37.05,0.07,7,25934,买盘
2140,09:30:16,36.98,0.27,13,48073,买盘
2141,09:30:10,36.71,--,1,3671,买盘
2142,09:30:07,36.71,--,11,40381,买盘
2143,09:30:04,36.71,0.2,63,231273,买盘
2144,09:30:01,36.51,--,2,7302,卖盘
2145,09:25:51,36.51,--,0,0,卖盘
2146,09:25:06,36.51,36.51,6,21906,买盘
