,time,price,change,volume,amount,type
0,15:00:21,13.62,0.01,3739,5093444,卖盘
1,14:58:05,13.61,--,0,0,卖盘
2,14:56:59,13.61,-0.01,63,85743,卖盘
3,14:56:53,13.62,--,10,13620,买盘
4,14:56:50,13.62,--,15,20430,买盘
5,14:56:47,13.62,0.01,50,68100,买盘
6,14:56:44,13.61,0.01,14,19054,中性盘
7,14:56:35,13.6,-0.01,268,364480,卖盘
8,14:56:32,13.61,0.01,72,97992,买盘
9,14:56:29,13.6,--,40,54400,卖盘
10,14:56:26,13.6,-0.01,251,341360,卖盘
11,14:56:23,13.61,--,45,61245,卖盘
12,14:56:20,13.61,--,25,34025,卖盘
13,14:56:17,13.61,-0.01,48,65328,卖盘
14,14:56:14,13.62,--,138,187956,买盘
15,14:56:11,13.62,0.01,184,250608,买盘
16,14:56:08,13.61,--,144,195984,卖盘
17,14:56:02,13.61,--,133,181013,卖盘
18,14:55:59,13.61,--,39,53079,卖盘
19,14:55:56,13.61,-0.01,10,13610,卖盘
20,14:55:53,13.62,--,103,140286,买盘
21,14:55:50,13.62,0.01,60,81720,买盘
22,14:55:47,13.61,--,7,9527,卖盘
23,14:55:44,13.61,0.01,73,99353,买盘
24,14:55:41,13.6,--,40,54400,卖盘
25,14:55:38,13.6,-0.01,24,32640,卖盘
26,14:55:35,13.61,0.01,135,183735,买盘
27,14:55:32,13.6,--,30,40800,卖盘
28,14:55:26,13.6,-0.01,56,76160,卖盘
29,14:55:20,13.61,0.01,450,612450,买盘
30,14:55:14,13.6,--,44,59840,卖盘
31,14:55:11,13.6,--,10,13600,卖盘
32,14:55:08,13.6,-0.01,30,40800,卖盘
33,14:55:05,13.61,--,13,17693,卖盘
34,14:55:02,13.61,0.01,508,691388,买盘
35,14:54:59,13.6,--,16,21760,卖盘
36,14:54:50,13.6,-0.01,37,50320,卖盘
37,14:54:47,13.61,0.01,87,118407,买盘
38,14:54:44,13.6,--,3,4080,卖盘
39,14:54:41,13.6,--,20,27200,卖盘
40,14:54:35,13.6,--,27,36720,卖盘
41,14:54:32,13.6,--,43,58480,卖盘
42,14:54:26,13.6,0.01,68,92480,买盘
43,14:54:23,13.59,-0.01,75,101925,卖盘
44,14:54:17,13.6,--,53,72080,买盘
45,14:54:14,13.6,--,311,422960,卖盘
46,14:54:08,13.6,-0.01,2,2720,卖盘
47,14:54:05,13.61,0.01,42,57162,买盘
48,14:54:02,13.6,--,10,13600,卖盘
49,14:53:56,13.6,--,5,6800,卖盘
50,14:53:53,13.6,--,14,19040,卖盘
51,14:53:47,13.6,--,239,325040,买盘
52,14:53:44,13.6,--,20,27200,买盘
53,14:53:41,13.6,--,63,85680,买盘
54,14:53:35,13.6,--,17,23120,买盘
55,14:53:32,13.6,--,39,53040,买盘
56,14:53:29,13.6,--,83,112880,买盘
57,14:53:20,13.6,0.01,22,29920,买盘
58,14:53:14,13.59,--,43,58437,卖盘
59,14:53:11,13.59,-0.01,105,142695,卖盘
60,14:53:08,13.6,--,5,6800,卖盘
61,14:53:05,13.6,--,41,55760,卖盘
62,14:53:02,13.6,0.01,62,84428,买盘
63,14:52:59,13.59,-0.01,60,81540,卖盘
64,14:52:56,13.6,0.01,109,148240,买盘
65,14:52:53,13.59,-0.01,129,175311,卖盘
66,14:52:50,13.6,--,117,159120,买盘
67,14:52:47,13.6,--,50,68000,买盘
68,14:52:41,13.6,--,45,61200,买盘
69,14:52:38,13.6,--,37,50320,买盘
70,14:52:32,13.6,--,6,8160,买盘
71,14:52:29,13.6,--,10,13600,买盘
72,14:52:26,13.6,--,20,27200,买盘
73,14:52:23,13.6,--,700,952000,买盘
74,14:52:20,13.6,0.01,21,28560,买盘
75,14:52:17,13.59,--,11,14949,卖盘
76,14:52:14,13.59,-0.01,72,97848,卖盘
77,14:52:08,13.6,--,60,81600,买盘
78,14:52:05,13.6,0.01,383,520880,买盘
79,14:51:56,13.59,--,14,19026,卖盘
80,14:51:47,13.59,--,353,479727,卖盘
81,14:51:44,13.59,-0.01,170,231030,卖盘
82,14:51:41,13.6,--,8,10880,卖盘
83,14:51:38,13.6,0.01,12,16320,买盘
84,14:51:32,13.59,--,6,8154,卖盘
85,14:51:29,13.59,-0.01,123,167157,卖盘
86,14:51:26,13.6,0.01,71,96560,买盘
87,14:51:23,13.59,-0.01,54,73386,卖盘
88,14:51:20,13.6,0.01,5,6800,买盘
89,14:51:17,13.59,-0.01,177,240543,卖盘
90,14:51:14,13.6,--,20,27200,卖盘
91,14:51:11,13.6,--,38,51680,卖盘
92,14:51:08,13.6,--,20,27200,卖盘
93,14:51:05,13.6,--,47,63920,卖盘
94,14:51:02,13.6,--,36,48960,卖盘
95,14:50:59,13.6,--,200,272000,卖盘
96,14:50:56,13.6,--,143,194480,卖盘
97,14:50:53,13.6,--,30,40800,卖盘
98,14:50:50,13.6,--,28,38080,卖盘
99,14:50:44,13.6,--,83,112880,卖盘
100,14:50:41,13.6,0.01,30,40800,卖盘
101,14:50:35,13.59,-0.01,38,51642,卖盘
102,14:50:32,13.6,--,105,142800,卖盘
103,14:50:26,13.6,--,25,34000,买盘
104,14:50:23,13.6,0.01,43,58480,买盘
105,14:50:20,13.59,-0.01,15,20385,卖盘
106,14:50:17,13.6,--,84,114240,卖盘
107,14:50:14,13.6,--,7,9520,卖盘
108,14:50:11,13.6,0.01,28,38080,中性盘
109,14:50:08,13.59,-0.01,67,91053,卖盘
110,14:50:05,13.6,--,378,514188,买盘
111,14:49:59,13.6,0.01,66,89760,买盘
112,14:49:56,13.59,-0.01,89,121766,卖盘
113,14:49:53,13.6,--,562,764320,买盘
114,14:49:50,13.6,--,20,27200,买盘
115,14:49:47,13.6,--,74,100640,买盘
116,14:49:44,13.6,--,8,12185,买盘
117,14:49:41,13.6,-0.01,1022,1390844,卖盘
118,14:49:38,13.61,--,375,510375,买盘
119,14:49:35,13.61,0.01,49,66689,买盘
120,14:49:29,13.6,--,127,172720,卖盘
121,14:49:26,13.6,-0.01,82,111520,卖盘
122,14:49:23,13.61,--,428,582508,买盘
123,14:49:17,13.61,--,10,13610,买盘
124,14:49:14,13.61,--,43,58523,买盘
125,14:49:11,13.61,-0.01,416,566829,卖盘
126,14:49:08,13.62,0.01,145,197490,买盘
127,14:49:05,13.61,--,68,92548,卖盘
128,14:48:59,13.61,-0.01,24,32664,卖盘
129,14:48:53,13.62,0.01,45,61290,买盘
130,14:48:50,13.61,-0.01,71,96631,卖盘
131,14:48:47,13.62,--,18,24516,买盘
132,14:48:44,13.62,--,1584,2157408,买盘
133,14:48:41,13.62,--,74,101441,卖盘
134,14:48:38,13.62,--,29,39498,卖盘
135,14:48:32,13.62,--,27,37482,买盘
136,14:48:29,13.62,--,159,217211,卖盘
137,14:48:23,13.62,--,100,136200,卖盘
138,14:48:20,13.62,-0.01,23,31326,卖盘
139,14:48:17,13.63,0.01,15,20445,中性盘
140,14:48:14,13.62,--,47,64013,卖盘
141,14:48:08,13.62,--,23,31326,卖盘
142,14:48:05,13.62,-0.01,252,344259,卖盘
143,14:47:59,13.63,0.01,10,13630,买盘
144,14:47:53,13.62,-0.01,30,40860,卖盘
145,14:47:47,13.63,--,60,81780,买盘
146,14:47:44,13.63,0.01,8,10904,买盘
147,14:47:41,13.62,-0.01,160,218137,卖盘
148,14:47:38,13.63,--,15,20445,买盘
149,14:47:35,13.63,--,62,84506,买盘
150,14:47:32,13.63,--,42,57246,买盘
151,14:47:29,13.63,-0.01,47,65205,卖盘
152,14:47:26,13.64,0.01,10,13640,买盘
153,14:47:20,13.63,-0.01,3,4089,卖盘
154,14:47:17,13.64,0.01,5,6820,买盘
155,14:47:14,13.63,-0.01,140,191038,卖盘
156,14:47:11,13.64,--,10,13640,中性盘
157,14:46:53,13.64,-0.01,5,6820,卖盘
158,14:46:50,13.65,--,2,2730,买盘
159,14:46:47,13.65,0.03,55,75075,买盘
160,14:46:44,13.62,-0.03,140,190897,卖盘
161,14:46:38,13.65,--,3,4095,买盘
162,14:46:35,13.65,0.03,1,1365,买盘
163,14:46:32,13.62,-0.04,140,190680,卖盘
164,14:46:29,13.66,0.04,49,66934,买盘
165,14:46:26,13.62,-0.03,102,138924,卖盘
166,14:46:23,13.65,-0.01,20,27300,中性盘
167,14:46:17,13.66,0.01,2171,2965586,买盘
168,14:46:14,13.65,--,140,191318,卖盘
169,14:46:11,13.65,-0.01,50,68250,卖盘
170,14:46:08,13.66,0.01,11,15026,买盘
171,14:46:05,13.65,-0.01,58,79170,卖盘
172,14:46:02,13.66,--,64,87424,买盘
173,14:45:56,13.66,0.01,15,20490,买盘
174,14:45:50,13.65,--,5,6825,卖盘
175,14:45:47,13.65,--,23,31395,卖盘
176,14:45:41,13.65,--,152,207698,卖盘
177,14:45:38,13.65,--,3,4095,卖盘
178,14:45:32,13.65,--,13,17745,卖盘
179,14:45:29,13.65,--,800,1092655,买盘
180,14:45:20,13.65,0.01,2,2730,买盘
181,14:45:17,13.64,--,1,1582,买盘
182,14:45:14,13.64,--,145,197998,买盘
183,14:45:11,13.64,0.01,67,91388,买盘
184,14:45:08,13.63,-0.01,29,39527,卖盘
185,14:45:05,13.64,0.01,24,32736,买盘
186,14:45:02,13.63,-0.01,10,13630,卖盘
187,14:44:59,13.64,--,20,27280,买盘
188,14:44:53,13.64,--,47,64108,买盘
189,14:44:50,13.64,--,10,13640,买盘
190,14:44:41,13.64,--,31,42284,卖盘
191,14:44:38,13.64,--,20,27280,卖盘
192,14:44:35,13.64,-0.01,10,13640,卖盘
193,14:44:32,13.65,0.01,17,23205,买盘
194,14:44:29,13.64,--,28,38192,卖盘
195,14:44:26,13.64,--,28,38192,卖盘
196,14:44:23,13.64,-0.01,3,4092,中性盘
197,14:44:20,13.65,--,114,155610,买盘
198,14:44:17,13.65,0.02,10,13650,买盘
199,14:44:14,13.63,-0.02,381,519521,卖盘
200,14:44:08,13.65,--,7,9555,买盘
201,14:44:05,13.65,0.01,31,42315,买盘
202,14:44:02,13.64,--,26,35464,买盘
203,14:43:59,13.64,0.01,98,133672,中性盘
204,14:43:56,13.63,--,95,129485,卖盘
205,14:43:53,13.63,-0.01,78,106314,卖盘
206,14:43:50,13.64,--,73,99572,买盘
207,14:43:47,13.64,0.01,11,15004,买盘
208,14:43:41,13.63,-0.01,163,222387,卖盘
209,14:43:35,13.64,--,29,39556,买盘
210,14:43:29,13.64,--,15,21387,卖盘
211,14:43:26,13.64,--,3,4092,卖盘
212,14:43:23,13.64,--,59,80476,卖盘
213,14:43:20,13.64,--,6,8184,卖盘
214,14:43:17,13.64,--,30,40920,卖盘
215,14:43:14,13.64,--,155,211638,卖盘
216,14:43:11,13.64,--,419,571516,卖盘
217,14:43:08,13.64,-0.01,190,259160,卖盘
218,14:43:02,13.65,0.01,25,34125,买盘
219,14:42:59,13.64,-0.01,250,341000,卖盘
220,14:42:56,13.65,--,68,92820,买盘
221,14:42:50,13.65,--,43,58695,买盘
222,14:42:47,13.65,--,207,282773,买盘
223,14:42:41,13.65,--,26,35490,买盘
224,14:42:38,13.65,--,96,131040,买盘
225,14:42:32,13.65,--,1524,2081406,卖盘
226,14:42:29,13.65,--,170,232050,卖盘
227,14:42:26,13.65,-0.01,30,40950,卖盘
228,14:42:23,13.66,0.01,367,501322,买盘
229,14:42:20,13.65,--,15,20475,卖盘
230,14:42:17,13.65,--,614,838110,卖盘
231,14:42:11,13.65,-0.01,708,966638,卖盘
232,14:42:08,13.66,--,75,102450,买盘
233,14:42:02,13.66,0.01,110,150260,买盘
234,14:41:59,13.65,--,568,775320,卖盘
235,14:41:56,13.65,--,100,136500,卖盘
236,14:41:53,13.65,--,481,656565,卖盘
237,14:41:47,13.65,-0.01,501,683865,卖盘
238,14:41:41,13.66,--,183,250032,卖盘
239,14:41:38,13.66,--,5,6830,卖盘
240,14:41:35,13.66,--,15,21145,卖盘
241,14:41:32,13.66,--,30,40980,卖盘
242,14:41:29,13.66,-0.01,38,51908,卖盘
243,14:41:20,13.67,0.01,52,71084,买盘
244,14:41:17,13.66,--,25,34150,卖盘
245,14:41:14,13.66,--,246,336254,卖盘
246,14:41:11,13.66,--,332,453512,卖盘
247,14:41:08,13.66,--,1,1366,卖盘
248,14:41:05,13.66,--,30,40980,卖盘
249,14:41:02,13.66,--,28,38248,卖盘
250,14:40:59,13.66,-0.01,4,5464,卖盘
251,14:40:56,13.67,0.01,30,41010,买盘
252,14:40:53,13.66,--,259,353794,卖盘
253,14:40:50,13.66,--,32,43712,卖盘
254,14:40:47,13.66,--,34,46444,卖盘
255,14:40:44,13.66,-0.01,140,191458,卖盘
256,14:40:41,13.67,0.01,10,13670,买盘
257,14:40:38,13.66,--,17,23222,卖盘
258,14:40:35,13.66,--,8,10928,卖盘
259,14:40:32,13.66,--,6,8196,卖盘
260,14:40:29,13.66,-0.01,16,21856,卖盘
261,14:40:26,13.67,--,39,53313,买盘
262,14:40:23,13.67,0.01,135,184545,买盘
263,14:40:17,13.66,--,6,8196,卖盘
264,14:40:14,13.66,--,10,13933,卖盘
265,14:40:11,13.66,-0.01,170,232438,卖盘
266,14:40:08,13.67,0.01,6,8202,买盘
267,14:40:05,13.66,-0.01,5,6830,卖盘
268,14:40:02,13.67,0.01,28,38276,买盘
269,14:39:59,13.66,--,46,62836,卖盘
270,14:39:56,13.66,--,102,139332,卖盘
271,14:39:47,13.66,--,60,81960,卖盘
272,14:39:44,13.66,-0.01,224,305984,卖盘
273,14:39:41,13.67,0.01,147,201167,买盘
274,14:39:35,13.66,--,13,17758,卖盘
275,14:39:29,13.66,-0.01,5,6830,卖盘
276,14:39:23,13.67,--,88,120296,买盘
277,14:39:20,13.67,0.01,207,282969,买盘
278,14:39:14,13.66,--,178,243366,卖盘
279,14:39:11,13.66,--,80,109280,卖盘
280,14:39:04,13.66,--,6,8196,卖盘
281,14:39:01,13.66,--,32,43712,卖盘
282,14:38:58,13.66,--,32,43712,卖盘
283,14:38:52,13.66,-0.01,196,267736,卖盘
284,14:38:46,13.67,--,23,31441,买盘
285,14:38:43,13.67,--,69,95033,卖盘
286,14:38:40,13.67,--,156,213470,卖盘
287,14:38:37,13.67,-0.01,5,6835,卖盘
288,14:38:25,13.68,0.01,11,15048,买盘
289,14:38:25,13.67,--,15,20505,卖盘
290,14:38:19,13.67,-0.01,38,51946,卖盘
291,14:38:10,13.68,--,14,19152,买盘
292,14:38:04,13.68,--,75,102600,卖盘
293,14:37:58,13.68,--,35,47880,卖盘
294,14:37:52,13.68,--,10,13680,卖盘
295,14:37:49,13.68,--,10,13680,卖盘
296,14:37:46,13.68,0.01,70,95760,买盘
297,14:37:43,13.67,--,5,6835,卖盘
298,14:37:40,13.67,--,368,503274,卖盘
299,14:37:34,13.67,--,50,68350,卖盘
300,14:37:31,13.67,--,213,291389,买盘
301,14:37:28,13.67,0.01,5,6835,买盘
302,14:37:25,13.66,-0.01,61,83326,卖盘
303,14:37:19,13.67,0.01,60,82020,买盘
304,14:37:16,13.66,--,50,68300,卖盘
305,14:37:13,13.66,--,15,20490,卖盘
306,14:37:10,13.66,-0.01,78,106548,卖盘
307,14:37:04,13.67,--,10,13670,卖盘
308,14:37:01,13.67,--,28,38276,卖盘
309,14:36:58,13.67,0.01,26,35979,买盘
310,14:36:55,13.66,-0.01,20,27320,卖盘
311,14:36:49,13.67,--,40,54680,买盘
312,14:36:46,13.67,--,257,352467,卖盘
313,14:36:40,13.67,--,26,35542,卖盘
314,14:36:28,13.67,--,39,53531,买盘
315,14:36:25,13.67,--,10,13670,买盘
316,14:36:22,13.67,--,168,229656,买盘
317,14:36:13,13.67,0.01,60,82020,中性盘
318,14:36:01,13.66,-0.03,5,6830,卖盘
319,14:35:58,13.69,0.02,578,791282,买盘
320,14:35:55,13.67,--,143,195481,买盘
321,14:35:49,13.67,--,45,61515,买盘
322,14:35:40,13.67,0.01,160,218938,买盘
323,14:35:37,13.66,--,3,4098,卖盘
324,14:35:34,13.66,-0.01,16,21856,卖盘
325,14:35:25,13.67,--,25,34175,买盘
326,14:35:22,13.67,-0.01,1425,1948193,卖盘
327,14:35:19,13.68,--,8,10944,买盘
328,14:35:13,13.68,-0.01,120,165117,卖盘
329,14:35:07,13.69,--,20,27380,卖盘
330,14:35:01,13.69,--,7,9583,卖盘
331,14:34:55,13.69,0.01,8,10952,卖盘
332,14:34:49,13.68,-0.02,5,6840,卖盘
333,14:34:46,13.7,0.02,15,20550,买盘
334,14:34:43,13.68,-0.02,142,194474,卖盘
335,14:34:40,13.7,0.02,1,1370,买盘
336,14:34:34,13.68,-0.03,18,24624,卖盘
337,14:34:28,13.71,0.03,32,43872,买盘
338,14:34:19,13.68,-0.03,81,110808,卖盘
339,14:34:16,13.71,0.03,111,152181,买盘
340,14:34:10,13.68,-0.02,140,191738,卖盘
341,14:34:07,13.7,0.01,6,8220,买盘
342,14:34:04,13.69,-0.02,1,1369,中性盘
343,14:33:52,13.71,0.03,78,106938,买盘
344,14:33:49,13.68,-0.02,30,41040,卖盘
345,14:33:43,13.7,--,5,6850,卖盘
346,14:33:40,13.7,--,2,2740,卖盘
347,14:33:37,13.7,--,10,13700,卖盘
348,14:33:28,13.7,-0.01,5,6850,卖盘
349,14:33:19,13.71,0.01,122,167755,买盘
350,14:33:16,13.7,-0.01,16,21920,卖盘
351,14:33:13,13.71,0.01,246,337266,买盘
352,14:33:10,13.7,--,138,189060,卖盘
353,14:33:04,13.7,--,135,184950,卖盘
354,14:33:01,13.7,--,399,547506,买盘
355,14:32:58,13.7,0.02,5,6850,买盘
356,14:32:55,13.68,-0.02,55,75240,卖盘
357,14:32:52,13.7,0.02,360,493200,买盘
358,14:32:46,13.68,--,100,136800,卖盘
359,14:32:43,13.68,-0.01,5,6840,卖盘
360,14:32:37,13.69,--,1,1369,买盘
361,14:32:31,13.69,--,3,4599,卖盘
362,14:32:13,13.69,0.01,384,526572,买盘
363,14:32:10,13.68,-0.01,66,91628,卖盘
364,14:32:07,13.69,--,26,35594,买盘
365,14:32:04,13.69,0.02,215,294335,买盘
366,14:31:58,13.67,-0.01,145,198215,卖盘
367,14:31:55,13.68,-0.01,43,58824,卖盘
368,14:31:52,13.69,0.01,162,221778,买盘
369,14:31:49,13.68,--,2,2736,买盘
370,14:31:46,13.68,0.01,33,45144,买盘
371,14:31:43,13.67,-0.01,55,75185,卖盘
372,14:31:40,13.68,--,28,38304,买盘
373,14:31:37,13.68,0.01,59,80712,买盘
374,14:31:34,13.67,-0.01,140,191380,卖盘
375,14:31:25,13.68,--,23,31464,买盘
376,14:31:16,13.68,--,2,2736,买盘
377,14:31:10,13.68,--,129,177238,卖盘
378,14:31:04,13.68,--,85,116881,买盘
379,14:31:01,13.68,0.01,10,13680,买盘
380,14:30:58,13.67,-0.01,51,69717,卖盘
381,14:30:55,13.68,--,237,324216,买盘
382,14:30:52,13.68,0.01,30,41040,买盘
383,14:30:49,13.67,-0.01,30,41010,卖盘
384,14:30:46,13.68,--,10,13680,买盘
385,14:30:40,13.68,0.01,12,16416,中性盘
386,14:30:37,13.67,-0.02,99,135333,卖盘
387,14:30:34,13.69,0.01,36,49284,买盘
388,14:30:25,13.68,--,45,61560,买盘
389,14:30:22,13.68,0.01,5,6840,买盘
390,14:30:19,13.67,-0.01,155,211885,卖盘
391,14:30:13,13.68,--,234,320604,卖盘
392,14:30:10,13.68,--,4,5472,卖盘
393,14:30:07,13.68,-0.01,74,101232,卖盘
394,14:29:55,13.69,0.01,30,41070,买盘
395,14:29:52,13.68,--,155,212313,卖盘
396,14:29:46,13.68,--,13,17784,卖盘
397,14:29:46,13.68,-0.01,30,41040,卖盘
398,14:29:37,13.69,0.01,17,23273,买盘
399,14:29:34,13.68,--,47,64296,卖盘
400,14:29:28,13.68,--,9,12312,卖盘
401,14:29:25,13.68,--,170,232778,卖盘
402,14:29:22,13.68,-0.01,11,15048,卖盘
403,14:29:19,13.69,--,1,1369,买盘
404,14:29:16,13.69,--,3,4107,买盘
405,14:29:13,13.69,--,78,106782,买盘
406,14:29:10,13.69,0.01,52,71188,买盘
407,14:29:07,13.68,--,4,5472,卖盘
408,14:29:01,13.68,--,166,227088,卖盘
409,14:28:58,13.68,--,142,194420,卖盘
410,14:28:49,13.68,--,20,27360,卖盘
411,14:28:43,13.68,-0.01,15,20520,卖盘
412,14:28:37,13.69,--,134,183938,卖盘
413,14:28:34,13.69,--,86,117734,卖盘
414,14:28:31,13.69,--,11,15059,卖盘
415,14:28:28,13.69,-0.01,233,320017,卖盘
416,14:28:22,13.7,0.01,60,82200,买盘
417,14:28:16,13.69,-0.01,12,16428,卖盘
418,14:28:10,13.7,0.01,110,150700,买盘
419,14:28:04,13.69,--,95,130055,卖盘
420,14:28:01,13.69,--,26,35594,卖盘
421,14:27:58,13.69,--,107,146483,卖盘
422,14:27:55,13.69,--,153,210661,卖盘
423,14:27:43,13.69,-0.01,25,34225,卖盘
424,14:27:31,13.7,--,10,13700,买盘
425,14:27:28,13.7,--,145,199198,卖盘
426,14:27:25,13.7,--,151,206979,卖盘
427,14:27:22,13.7,-0.01,54,73980,卖盘
428,14:27:19,13.71,0.01,3,4113,买盘
429,14:27:16,13.7,--,69,94530,卖盘
430,14:27:13,13.7,--,96,131520,卖盘
431,14:27:07,13.7,-0.01,33,45210,卖盘
432,14:27:01,13.71,0.01,33,45243,买盘
433,14:26:55,13.7,--,141,193224,卖盘
434,14:26:52,13.7,-0.01,10,13700,卖盘
435,14:26:31,13.71,0.01,2,2742,买盘
436,14:26:28,13.7,-0.01,3,4110,卖盘
437,14:26:25,13.71,--,355,486924,买盘
438,14:26:22,13.71,0.01,9,12339,买盘
439,14:26:19,13.7,-0.01,54,73980,卖盘
440,14:26:16,13.71,0.01,10,13710,买盘
441,14:26:07,13.7,-0.01,10,13700,卖盘
442,14:26:07,13.71,--,78,106938,买盘
443,14:26:01,13.71,--,30,41130,买盘
444,14:25:55,13.71,--,10,13710,买盘
445,14:25:46,13.71,--,1,1371,买盘
446,14:25:43,13.71,--,91,124761,买盘
447,14:25:37,13.71,--,23,32026,卖盘
448,14:25:31,13.71,-0.01,9,12339,卖盘
449,14:25:28,13.72,--,4,5488,买盘
450,14:25:25,13.72,0.01,10,13720,买盘
451,14:25:22,13.71,--,36,49356,卖盘
452,14:25:19,13.71,--,48,65808,卖盘
453,14:25:13,13.71,--,29,39759,卖盘
454,14:25:10,13.71,-0.01,121,165918,卖盘
455,14:25:07,13.72,0.01,504,691488,买盘
456,14:25:04,13.71,--,48,66658,买盘
457,14:24:55,13.71,-0.01,56,77296,卖盘
458,14:24:52,13.72,--,5,6860,买盘
459,14:24:46,13.72,0.01,13,17836,买盘
460,14:24:43,13.71,--,133,182946,卖盘
461,14:24:37,13.71,--,10,13710,卖盘
462,14:24:34,13.71,--,18,24678,卖盘
463,14:24:31,13.71,-0.01,21,28791,卖盘
464,14:24:28,13.72,0.01,41,56252,买盘
465,14:24:22,13.71,--,48,65808,卖盘
466,14:24:19,13.71,-0.01,1,1371,卖盘
467,14:24:16,13.72,--,179,245588,买盘
468,14:24:13,13.72,--,232,318770,买盘
469,14:24:04,13.72,--,7,9604,买盘
470,14:23:55,13.72,-0.01,122,168042,卖盘
471,14:23:49,13.73,0.01,24,32952,买盘
472,14:23:43,13.72,-0.01,126,173091,卖盘
473,14:23:40,13.73,--,10,13730,买盘
474,14:23:34,13.73,0.01,7,9611,买盘
475,14:23:31,13.72,-0.01,11,15092,卖盘
476,14:23:25,13.73,--,99,135927,买盘
477,14:23:19,13.73,--,15,20595,买盘
478,14:23:13,13.73,--,14,19222,买盘
479,14:23:10,13.73,--,24,32952,卖盘
480,14:23:04,13.73,-0.01,10,13730,卖盘
481,14:23:01,13.74,-0.01,24,32976,买盘
482,14:22:58,13.75,--,6,8250,买盘
483,14:22:46,13.75,0.03,181,248875,买盘
484,14:22:43,13.72,-0.02,179,246081,卖盘
485,14:22:34,13.74,--,21,28854,买盘
486,14:22:31,13.74,--,46,63204,买盘
487,14:22:28,13.74,--,81,111294,买盘
488,14:22:22,13.74,0.01,39,53586,买盘
489,14:22:19,13.73,-0.01,26,35698,中性盘
490,14:22:16,13.74,0.01,257,353118,买盘
491,14:22:13,13.73,--,154,211442,卖盘
492,14:22:04,13.73,--,119,163387,买盘
493,14:22:01,13.73,--,26,35698,买盘
494,14:21:58,13.73,--,19,26087,买盘
495,14:21:55,13.73,0.01,23,31579,买盘
496,14:21:52,13.72,0.01,74,101528,买盘
497,14:21:49,13.71,-0.01,19,26049,卖盘
498,14:21:46,13.72,--,10,13720,买盘
499,14:21:43,13.72,--,185,253984,买盘
500,14:21:40,13.72,--,11,15092,买盘
501,14:21:34,13.72,0.01,590,809480,买盘
502,14:21:28,13.71,--,6,8226,卖盘
503,14:21:25,13.71,-0.01,40,54840,卖盘
504,14:21:22,13.72,0.01,48,65856,买盘
505,14:21:16,13.71,--,2,2742,卖盘
506,14:21:13,13.71,-0.01,117,160927,卖盘
507,14:21:10,13.72,--,64,87808,买盘
508,14:21:07,13.72,0.01,2,2744,买盘
509,14:21:04,13.71,--,26,35646,卖盘
510,14:20:55,13.71,--,36,49356,卖盘
511,14:20:52,13.71,--,157,215713,买盘
512,14:20:46,13.71,--,28,38388,买盘
513,14:20:40,13.71,--,93,128325,卖盘
514,14:20:37,13.71,--,33,45243,卖盘
515,14:20:34,13.71,--,10,13710,卖盘
516,14:20:31,13.71,--,36,49356,卖盘
517,14:20:28,13.71,--,59,80889,卖盘
518,14:20:16,13.71,--,53,72663,卖盘
519,14:20:13,13.71,-0.01,124,170552,卖盘
520,14:20:06,13.72,0.01,73,100156,买盘
521,14:20:03,13.71,--,3,4113,卖盘
522,14:20:00,13.71,--,350,479850,卖盘
523,14:19:57,13.71,-0.01,40,54840,卖盘
524,14:19:48,13.72,--,19,26068,买盘
525,14:19:39,13.72,0.01,126,174024,买盘
526,14:19:36,13.71,-0.01,6,8226,卖盘
527,14:19:33,13.72,--,11,15092,买盘
528,14:19:30,13.72,0.01,37,50764,买盘
529,14:19:27,13.71,-0.01,35,47985,卖盘
530,14:19:21,13.72,0.01,58,79576,买盘
531,14:19:18,13.71,--,10,13710,卖盘
532,14:19:15,13.71,--,77,105567,卖盘
533,14:19:12,13.71,--,119,163807,卖盘
534,14:19:09,13.71,--,35,47985,卖盘
535,14:19:06,13.71,--,91,124761,卖盘
536,14:19:03,13.71,--,43,58953,卖盘
537,14:18:57,13.71,--,5,6855,卖盘
538,14:18:51,13.71,--,151,207021,卖盘
539,14:18:48,13.71,-0.01,18,24678,卖盘
540,14:18:45,13.72,0.01,105,144746,买盘
541,14:18:39,13.71,-0.01,143,197094,卖盘
542,14:18:36,13.72,0.01,52,71344,买盘
543,14:18:33,13.71,--,35,47985,卖盘
544,14:18:30,13.71,--,64,87744,卖盘
545,14:18:27,13.71,--,28,38388,卖盘
546,14:18:24,13.71,-0.01,84,115164,卖盘
547,14:18:15,13.72,--,256,352082,卖盘
548,14:18:06,13.72,-0.01,38,53233,卖盘
549,14:18:03,13.73,0.01,29,39817,买盘
550,14:18:00,13.72,-0.01,83,113876,卖盘
551,14:17:57,13.73,0.01,2,2746,买盘
552,14:17:54,13.72,--,3,4116,卖盘
553,14:17:45,13.72,-0.01,150,205800,卖盘
554,14:17:39,13.73,--,246,338471,卖盘
555,14:17:30,13.73,-0.01,16,21968,卖盘
556,14:17:27,13.74,--,19,26106,买盘
557,14:17:24,13.74,0.01,19,26106,买盘
558,14:17:21,13.73,--,21,28833,卖盘
559,14:17:18,13.73,--,201,275973,卖盘
560,14:17:12,13.73,--,121,166242,卖盘
561,14:17:06,13.73,--,6,8238,卖盘
562,14:17:00,13.73,--,10,13730,卖盘
563,14:16:57,13.73,--,1,1373,卖盘
564,14:16:51,13.73,--,35,48055,卖盘
565,14:16:48,13.73,--,14,19222,卖盘
566,14:16:45,13.73,--,5,6865,卖盘
567,14:16:42,13.73,--,117,160750,卖盘
568,14:16:39,13.73,--,50,68650,卖盘
569,14:16:36,13.73,-0.02,65,89245,卖盘
570,14:16:33,13.75,0.01,141,193875,买盘
571,14:16:30,13.74,0.01,34,46716,买盘
572,14:16:24,13.73,-0.01,10,13730,卖盘
573,14:16:21,13.74,0.01,161,221214,买盘
574,14:16:12,13.73,--,116,159597,卖盘
575,14:16:09,13.73,--,40,54920,卖盘
576,14:16:06,13.73,-0.01,8,12082,卖盘
577,14:16:03,13.74,--,50,68700,买盘
578,14:15:57,13.74,0.01,38,52212,买盘
579,14:15:54,13.73,-0.01,440,604120,卖盘
580,14:15:51,13.74,0.01,138,189612,买盘
581,14:15:48,13.73,--,19,26087,卖盘
582,14:15:45,13.73,-0.01,63,86499,卖盘
583,14:15:42,13.74,0.01,118,163066,买盘
584,14:15:39,13.73,-0.01,203,278719,卖盘
585,14:15:36,13.74,0.01,28,38472,买盘
586,14:15:33,13.73,--,15,20595,卖盘
587,14:15:30,13.73,--,49,67277,卖盘
588,14:15:27,13.73,-0.01,200,274600,卖盘
589,14:15:21,13.74,0.01,2,3077,买盘
590,14:15:12,13.73,-0.01,45,62828,卖盘
591,14:15:09,13.74,--,126,174003,卖盘
592,14:15:06,13.74,--,180,248144,买盘
593,14:15:03,13.74,0.01,7,9618,买盘
594,14:15:00,13.73,--,10,13730,卖盘
595,14:14:51,13.73,-0.01,5,6865,卖盘
596,14:14:42,13.74,--,9,13025,卖盘
597,14:14:39,13.74,-0.01,4,5496,卖盘
598,14:14:36,13.75,0.01,619,851125,买盘
599,14:14:33,13.74,--,25,34350,卖盘
600,14:14:30,13.74,--,25,34350,卖盘
601,14:14:27,13.74,--,101,138774,卖盘
602,14:14:24,13.74,-0.02,531,729594,卖盘
603,14:14:21,13.76,--,2,2752,买盘
604,14:14:18,13.76,--,35,48160,买盘
605,14:14:15,13.76,0.02,14,19264,买盘
606,14:14:12,13.74,-0.02,726,998238,卖盘
607,14:14:06,13.76,--,137,188512,买盘
608,14:13:57,13.76,--,158,217738,卖盘
609,14:13:54,13.76,--,612,842112,卖盘
610,14:13:48,13.76,--,1102,1516352,卖盘
611,14:13:45,13.76,--,26,35776,卖盘
612,14:13:42,13.76,--,445,613173,卖盘
613,14:13:39,13.76,--,158,217408,卖盘
614,14:13:36,13.76,--,22,30272,卖盘
615,14:13:33,13.76,--,28,38528,卖盘
616,14:13:30,13.76,--,42,57792,卖盘
617,14:13:27,13.76,--,256,352256,卖盘
618,14:13:24,13.76,--,139,191264,卖盘
619,14:13:18,13.76,--,142,195392,卖盘
620,14:13:15,13.76,--,149,206152,卖盘
621,14:13:12,13.76,--,24,33024,卖盘
622,14:13:06,13.76,-0.01,54,74304,卖盘
623,14:13:00,13.77,0.01,82,112914,买盘
624,14:12:57,13.76,--,22,30272,卖盘
625,14:12:54,13.76,--,122,167872,卖盘
626,14:12:51,13.76,--,70,96320,卖盘
627,14:12:48,13.76,--,239,328864,卖盘
628,14:12:45,13.76,--,175,240800,卖盘
629,14:12:39,13.76,--,65,89440,卖盘
630,14:12:36,13.76,--,320,440320,卖盘
631,14:12:33,13.76,--,244,335744,卖盘
632,14:12:30,13.76,--,141,194016,卖盘
633,14:12:27,13.76,--,100,137600,卖盘
634,14:12:24,13.76,--,62,85312,卖盘
635,14:12:21,13.76,--,31,42656,卖盘
636,14:12:18,13.76,-0.01,56,77056,卖盘
637,14:12:12,13.77,0.01,279,384183,买盘
638,14:12:09,13.76,--,56,77056,卖盘
639,14:12:06,13.76,--,152,209152,卖盘
640,14:12:03,13.76,--,50,68800,卖盘
641,14:12:00,13.76,--,32,44032,卖盘
642,14:11:57,13.76,--,125,172000,卖盘
643,14:11:48,13.76,-0.01,46,63296,卖盘
644,14:11:42,13.77,0.01,15,20655,买盘
645,14:11:39,13.76,-0.01,112,154112,卖盘
646,14:11:36,13.77,-0.01,114,156978,卖盘
647,14:11:30,13.78,--,19,26182,买盘
648,14:11:24,13.78,--,199,274387,卖盘
649,14:11:21,13.78,--,772,1063816,卖盘
650,14:11:15,13.78,--,177,245008,卖盘
651,14:11:12,13.78,-0.01,273,376194,卖盘
652,14:11:09,13.79,0.01,289,398531,买盘
653,14:11:06,13.78,--,412,567736,卖盘
654,14:11:03,13.78,--,67,92326,卖盘
655,14:10:57,13.78,--,2387,3289286,卖盘
656,14:10:54,13.78,--,24,33072,卖盘
657,14:10:51,13.78,--,123,169494,卖盘
658,14:10:45,13.78,--,233,321074,卖盘
659,14:10:42,13.78,--,59,81302,卖盘
660,14:10:39,13.78,-0.01,16,22764,卖盘
661,14:10:36,13.79,0.01,200,275800,买盘
662,14:10:33,13.78,--,239,329342,卖盘
663,14:10:27,13.78,-0.01,75,103350,卖盘
664,14:10:24,13.79,0.01,76,104804,买盘
665,14:10:21,13.78,--,25,34450,卖盘
666,14:10:18,13.78,--,5,6890,卖盘
667,14:10:15,13.78,--,19,26182,卖盘
668,14:10:12,13.78,-0.01,86,118508,卖盘
669,14:10:09,13.79,--,87,120083,买盘
670,14:10:03,13.79,0.01,16,22064,买盘
671,14:10:00,13.78,-0.01,203,279734,卖盘
672,14:09:54,13.79,0.01,104,143416,买盘
673,14:09:45,13.78,-0.01,40,55120,卖盘
674,14:09:42,13.79,--,1,1379,买盘
675,14:09:36,13.79,0.01,310,427490,买盘
676,14:09:33,13.78,-0.01,104,143312,卖盘
677,14:09:27,13.79,--,143,197197,买盘
678,14:09:24,13.79,0.01,90,124109,买盘
679,14:09:21,13.78,-0.01,19,26733,卖盘
680,14:09:18,13.79,0.01,2,2758,买盘
681,14:09:15,13.78,-0.01,19,26182,卖盘
682,14:09:12,13.79,--,160,220640,买盘
683,14:09:09,13.79,0.01,51,70329,买盘
684,14:09:06,13.78,--,17,23426,卖盘
685,14:09:03,13.78,-0.01,2,2756,卖盘
686,14:09:00,13.79,--,353,486786,买盘
687,14:08:57,13.79,--,117,161343,买盘
688,14:08:54,13.79,--,22,30337,买盘
689,14:08:48,13.79,--,182,250977,买盘
690,14:08:45,13.79,--,64,88256,买盘
691,14:08:42,13.79,--,19,26201,买盘
692,14:08:39,13.79,--,600,827400,买盘
693,14:08:36,13.79,--,306,421974,买盘
694,14:08:33,13.79,0.01,283,390257,买盘
695,14:08:30,13.78,--,6,8268,卖盘
696,14:08:18,13.78,--,6,8268,卖盘
697,14:08:15,13.78,0.01,2485,3424440,买盘
698,14:08:09,13.77,--,164,225828,买盘
699,14:08:06,13.77,--,489,673353,卖盘
700,14:08:03,13.77,--,53,72981,卖盘
701,14:08:00,13.77,-0.01,4,5508,卖盘
702,14:07:57,13.78,0.01,23,31694,买盘
703,14:07:54,13.77,--,62,85374,卖盘
704,14:07:51,13.77,--,13,17901,卖盘
705,14:07:48,13.77,-0.01,4,5508,卖盘
706,14:07:45,13.78,0.01,6,8268,买盘
707,14:07:42,13.77,--,3,4131,卖盘
708,14:07:39,13.77,--,10,13770,卖盘
709,14:07:36,13.77,--,18,24786,卖盘
710,14:07:33,13.77,--,10,13770,卖盘
711,14:07:30,13.77,-0.01,26,35802,卖盘
712,14:07:27,13.78,--,100,137800,买盘
713,14:07:24,13.78,0.01,11,15158,买盘
714,14:07:18,13.77,--,5,6885,卖盘
715,14:07:12,13.77,--,65,89505,卖盘
716,14:07:06,13.77,-0.01,2,2754,卖盘
717,14:07:03,13.78,--,90,124020,买盘
718,14:06:57,13.78,0.01,8,11024,买盘
719,14:06:54,13.77,-0.01,6,9088,卖盘
720,14:06:51,13.78,--,33,45474,买盘
721,14:06:48,13.78,0.01,422,581516,买盘
722,14:06:45,13.77,--,28,38556,卖盘
723,14:06:42,13.77,--,21,28917,卖盘
724,14:06:39,13.77,--,53,72981,卖盘
725,14:06:36,13.77,--,9,12943,卖盘
726,14:06:30,13.77,--,110,151470,卖盘
727,14:06:27,13.77,--,1,1377,卖盘
728,14:06:24,13.77,-0.01,3,4131,卖盘
729,14:06:21,13.78,--,13,17914,买盘
730,14:06:18,13.78,0.01,39,53742,买盘
731,14:06:12,13.77,-0.01,14,19278,卖盘
732,14:06:09,13.78,0.01,15,20670,买盘
733,14:06:06,13.77,--,5,6885,卖盘
734,14:06:03,13.77,--,30,41310,卖盘
735,14:06:00,13.77,--,11,15147,卖盘
736,14:05:57,13.77,--,5,6885,卖盘
737,14:05:51,13.77,--,81,111537,买盘
738,14:05:48,13.77,--,125,172125,买盘
739,14:05:42,13.77,--,147,202419,卖盘
740,14:05:39,13.77,--,20,27540,卖盘
741,14:05:36,13.77,--,206,283662,买盘
742,14:05:30,13.77,--,718,988686,买盘
743,14:05:24,13.77,--,11,15147,买盘
744,14:05:18,13.77,--,136,187272,卖盘
745,14:05:15,13.77,--,10,13770,卖盘
746,14:05:12,13.77,--,10,13770,卖盘
747,14:05:09,13.77,--,283,389691,卖盘
748,14:05:03,13.77,-0.01,98,134946,卖盘
749,14:05:00,13.78,0.01,7,9646,买盘
750,14:04:57,13.77,-0.01,74,101898,卖盘
751,14:04:48,13.78,0.01,33,45474,买盘
752,14:04:45,13.77,--,159,218943,卖盘
753,14:04:39,13.77,-0.01,20,27540,卖盘
754,14:04:36,13.78,--,101,139178,买盘
755,14:04:33,13.78,0.01,20,27560,买盘
756,14:04:30,13.77,-0.01,781,1075437,卖盘
757,14:04:27,13.78,--,55,75790,买盘
758,14:04:24,13.78,--,162,223236,买盘
759,14:04:18,13.78,0.01,67,92326,买盘
760,14:04:15,13.77,--,29,39933,卖盘
761,14:04:12,13.77,-0.01,103,141831,卖盘
762,14:04:06,13.78,0.01,522,719316,买盘
763,14:04:00,13.77,--,532,732564,买盘
764,14:03:54,13.77,0.01,130,179010,买盘
765,14:03:51,13.76,-0.01,263,361888,卖盘
766,14:03:45,13.77,--,165,227205,买盘
767,14:03:42,13.77,0.01,21,28917,买盘
768,14:03:39,13.76,--,37,50912,卖盘
769,14:03:33,13.76,--,6,8256,卖盘
770,14:03:24,13.76,--,1911,2629976,买盘
771,14:03:18,13.76,0.01,3,4128,买盘
772,14:03:15,13.75,-0.01,6,8250,买盘
773,14:03:09,13.76,0.01,1514,2083264,买盘
774,14:03:06,13.75,0.01,4,5500,买盘
775,14:03:03,13.74,--,10,13740,卖盘
776,14:03:00,13.74,-0.01,6,8244,卖盘
777,14:02:57,13.75,0.01,140,192500,买盘
778,14:02:54,13.74,--,45,61830,卖盘
779,14:02:48,13.74,--,13,17862,卖盘
780,14:02:45,13.74,-0.01,18,24732,卖盘
781,14:02:42,13.75,--,67,92125,买盘
782,14:02:39,13.75,0.01,16,22000,买盘
783,14:02:36,13.74,--,1,1374,卖盘
784,14:02:30,13.74,--,5,6870,卖盘
785,14:02:24,13.74,-0.01,51,70074,卖盘
786,14:02:24,13.75,--,37,50875,买盘
787,14:02:15,13.75,--,5,6875,买盘
788,14:02:12,13.75,--,95,130625,买盘
789,14:02:09,13.75,0.01,3,4125,买盘
790,14:02:06,13.74,--,5,6870,卖盘
791,14:02:00,13.74,--,15,20610,卖盘
792,14:01:57,13.74,--,47,64578,卖盘
793,14:01:54,13.74,0.01,10,13740,买盘
794,14:01:51,13.73,-0.01,3,4119,卖盘
795,14:01:48,13.74,--,10,13740,买盘
796,14:01:45,13.74,-0.01,15,20610,中性盘
797,14:01:39,13.75,0.02,162,223300,买盘
798,14:01:36,13.73,-0.01,2,2746,卖盘
799,14:01:33,13.74,--,1,1374,买盘
800,14:01:27,13.74,--,25,34350,买盘
801,14:01:24,13.74,--,3,4122,买盘
802,14:01:21,13.74,--,36,50288,卖盘
803,14:01:18,13.74,--,51,70074,卖盘
804,14:01:15,13.74,-0.01,11,15114,卖盘
805,14:01:12,13.75,0.01,465,639375,买盘
806,14:01:06,13.74,--,27,37098,卖盘
807,14:01:00,13.74,--,3,4122,卖盘
808,14:00:51,13.74,--,35,48090,卖盘
809,14:00:48,13.74,--,20,27480,卖盘
810,14:00:45,13.74,--,104,142896,卖盘
811,14:00:42,13.74,-0.01,8,10992,卖盘
812,14:00:36,13.75,0.01,54,74250,买盘
813,14:00:33,13.74,--,80,109920,卖盘
814,14:00:27,13.74,--,7,9618,卖盘
815,14:00:11,13.74,--,10,13740,卖盘
816,14:00:05,13.74,--,25,34350,卖盘
817,13:59:56,13.74,--,2,2748,卖盘
818,13:59:53,13.74,--,23,31602,卖盘
819,13:59:50,13.74,-0.01,60,82440,卖盘
820,13:59:44,13.75,--,15,20625,卖盘
821,13:59:41,13.75,--,10,13750,卖盘
822,13:59:35,13.75,0.01,513,705925,买盘
823,13:59:32,13.74,-0.01,28,38472,卖盘
824,13:59:29,13.75,0.01,267,367125,买盘
825,13:59:26,13.74,--,100,137400,卖盘
826,13:59:20,13.74,--,4,5496,卖盘
827,13:59:11,13.74,--,77,105798,卖盘
828,13:59:02,13.74,-0.01,5,6870,卖盘
829,13:58:59,13.75,0.01,10,13750,买盘
830,13:58:56,13.74,--,218,299532,卖盘
831,13:58:50,13.74,--,14,19236,卖盘
832,13:58:44,13.74,--,8,10992,卖盘
833,13:58:38,13.74,-0.01,4,5496,卖盘
834,13:58:35,13.75,--,16,22000,买盘
835,13:58:32,13.75,--,3,4125,买盘
836,13:58:29,13.75,--,1,1375,买盘
837,13:58:26,13.75,--,27,37950,卖盘
838,13:58:23,13.75,--,33,45375,卖盘
839,13:58:20,13.75,--,74,101750,卖盘
840,13:58:17,13.75,-0.01,10,13750,卖盘
841,13:58:11,13.76,0.01,10,13760,买盘
842,13:58:08,13.75,--,105,144375,卖盘
843,13:58:05,13.75,--,21,28875,卖盘
844,13:58:02,13.75,--,58,79750,卖盘
845,13:57:59,13.75,--,10,13750,卖盘
846,13:57:56,13.75,--,5,6875,卖盘
847,13:57:50,13.75,--,76,104500,卖盘
848,13:57:44,13.75,--,260,358050,买盘
849,13:57:41,13.75,0.01,64,88000,买盘
850,13:57:35,13.74,--,3,4122,卖盘
851,13:57:32,13.74,--,216,296784,卖盘
852,13:57:29,13.74,-0.01,30,41220,卖盘
853,13:57:26,13.75,0.01,13,17875,买盘
854,13:57:23,13.74,-0.01,4,5496,卖盘
855,13:57:20,13.75,--,696,957000,买盘
856,13:57:11,13.75,--,63,86625,买盘
857,13:57:05,13.75,0.01,86,118250,买盘
858,13:57:02,13.74,--,43,59082,卖盘
859,13:56:53,13.74,--,61,83814,买盘
860,13:56:50,13.74,0.01,25,34350,买盘
861,13:56:32,13.73,-0.01,33,45309,卖盘
862,13:56:29,13.74,--,1,1374,卖盘
863,13:56:26,13.74,--,34,46716,卖盘
864,13:56:23,13.74,--,26,35724,卖盘
865,13:56:20,13.74,--,10,13740,卖盘
866,13:56:08,13.74,--,55,75570,中性盘
867,13:56:05,13.74,0.01,2,2748,卖盘
868,13:55:56,13.73,--,48,65904,卖盘
869,13:55:50,13.73,-0.02,3,4119,卖盘
870,13:55:47,13.75,0.01,318,437250,买盘
871,13:55:44,13.74,--,1,1374,买盘
872,13:55:41,13.74,--,10,13740,买盘
873,13:55:38,13.74,-0.01,231,317394,卖盘
874,13:55:35,13.75,--,1014,1394250,买盘
875,13:55:32,13.75,0.01,25,34375,买盘
876,13:55:29,13.74,-0.01,1,1374,卖盘
877,13:55:26,13.75,--,58,79750,买盘
878,13:55:23,13.75,--,43,59125,买盘
879,13:55:17,13.75,0.01,20,27500,买盘
880,13:55:14,13.74,--,35,48090,卖盘
881,13:55:11,13.74,--,20,27480,卖盘
882,13:55:08,13.74,--,60,82440,卖盘
883,13:55:02,13.74,--,11,15114,卖盘
884,13:54:59,13.74,-0.01,53,72822,卖盘
885,13:54:56,13.75,0.01,61,83875,买盘
886,13:54:47,13.74,-0.01,86,118164,中性盘
887,13:54:41,13.75,0.01,33,45375,买盘
888,13:54:38,13.74,--,31,42594,卖盘
889,13:54:32,13.74,--,26,35724,卖盘
890,13:54:29,13.74,--,18,24732,卖盘
891,13:54:26,13.74,-0.01,22,30228,卖盘
892,13:54:23,13.75,0.01,10,13750,买盘
893,13:54:20,13.74,--,145,199230,卖盘
894,13:54:11,13.74,--,25,34350,买盘
895,13:54:08,13.74,--,4,5496,买盘
896,13:54:05,13.74,--,106,145644,卖盘
897,13:54:02,13.74,-0.02,604,829896,中性盘
898,13:53:59,13.76,0.02,1506,2072256,买盘
899,13:53:56,13.74,0.01,2,2748,买盘
900,13:53:53,13.73,-0.01,328,450344,卖盘
901,13:53:50,13.74,0.01,130,178620,买盘
902,13:53:47,13.73,-0.01,50,68650,卖盘
903,13:53:41,13.74,0.01,298,409452,买盘
904,13:53:35,13.73,-0.01,125,171625,卖盘
905,13:53:32,13.74,--,24,32976,买盘
906,13:53:29,13.74,--,10,13740,买盘
907,13:53:17,13.74,--,183,251442,卖盘
908,13:53:14,13.74,-0.01,31,42594,卖盘
909,13:53:11,13.75,--,108,148500,买盘
910,13:53:08,13.75,-0.01,75,103125,中性盘
911,13:53:05,13.76,0.01,381,525356,买盘
912,13:52:59,13.75,-0.01,1073,1475925,卖盘
913,13:52:53,13.76,--,705,970080,买盘
914,13:52:53,13.76,0.01,264,363264,买盘
915,13:52:47,13.75,-0.01,500,687500,卖盘
916,13:52:41,13.76,--,87,119712,买盘
917,13:52:35,13.76,0.01,136,187136,买盘
918,13:52:32,13.75,-0.01,93,127875,卖盘
919,13:52:29,13.76,--,63,86688,买盘
920,13:52:26,13.76,--,110,151360,买盘
921,13:52:23,13.76,0.01,93,127968,买盘
922,13:52:20,13.75,--,15,20625,卖盘
923,13:52:17,13.75,--,111,152625,卖盘
924,13:52:14,13.75,--,180,247500,卖盘
925,13:52:11,13.75,-0.01,40,55000,卖盘
926,13:52:08,13.76,0.01,1335,1838060,买盘
927,13:52:05,13.75,--,890,1223750,买盘
928,13:52:02,13.75,--,1049,1442375,买盘
929,13:51:59,13.75,0.01,300,412500,买盘
930,13:51:53,13.74,--,211,289914,买盘
931,13:51:50,13.74,0.01,577,792798,买盘
932,13:51:47,13.73,--,277,380321,卖盘
933,13:51:44,13.73,-0.01,1260,1729980,卖盘
934,13:51:38,13.74,--,20,27480,买盘
935,13:51:32,13.74,0.01,80,109920,买盘
936,13:51:29,13.73,--,100,137300,卖盘
937,13:51:23,13.73,--,100,137300,卖盘
938,13:51:20,13.73,--,3,4119,卖盘
939,13:51:14,13.73,--,58,79634,卖盘
940,13:51:11,13.73,0.03,8388,11518042,买盘
941,13:51:08,13.7,--,60,82200,卖盘
942,13:51:05,13.7,-0.01,152,208240,卖盘
943,13:51:02,13.71,0.01,16,21936,买盘
944,13:50:59,13.7,--,22,30140,卖盘
945,13:50:53,13.7,--,640,876800,卖盘
946,13:50:50,13.7,--,23,31510,卖盘
947,13:50:47,13.7,--,49,67130,卖盘
948,13:50:44,13.7,--,20,27400,卖盘
949,13:50:38,13.7,--,23,31510,卖盘
950,13:50:35,13.7,--,2,2740,卖盘
951,13:50:32,13.7,-0.01,10,13700,卖盘
952,13:50:26,13.71,0.01,83,113793,买盘
953,13:50:23,13.7,--,41,56170,卖盘
954,13:50:20,13.7,-0.01,3,4110,卖盘
955,13:50:17,13.71,0.01,411,563481,买盘
956,13:50:11,13.7,-0.01,510,698700,卖盘
957,13:50:05,13.71,--,50,68550,买盘
958,13:50:02,13.71,--,124,170004,买盘
959,13:49:56,13.71,--,10,13710,买盘
960,13:49:47,13.71,--,95,130245,买盘
961,13:49:44,13.71,0.01,15,20565,买盘
962,13:49:41,13.7,-0.01,15,20550,卖盘
963,13:49:38,13.71,--,26,35646,买盘
964,13:49:35,13.71,--,1,1371,买盘
965,13:49:29,13.71,0.01,22,30162,买盘
966,13:49:23,13.7,-0.01,326,446620,卖盘
967,13:49:20,13.71,0.01,500,685500,买盘
968,13:49:17,13.7,-0.01,30,41100,卖盘
969,13:49:11,13.71,0.01,3,4113,买盘
970,13:49:05,13.7,--,225,308250,卖盘
971,13:49:02,13.7,--,2,2740,卖盘
972,13:48:56,13.7,0.01,1157,1585528,买盘
973,13:48:47,13.69,--,10,13690,卖盘
974,13:48:41,13.69,--,5,6845,卖盘
975,13:48:32,13.69,0.01,191,261479,买盘
976,13:48:26,13.68,--,8,10944,卖盘
977,13:48:14,13.68,-0.01,14,19152,卖盘
978,13:48:11,13.69,--,46,62974,买盘
979,13:48:08,13.69,--,10,13690,买盘
980,13:48:05,13.69,0.01,2,2738,买盘
981,13:48:02,13.68,-0.01,10,13680,卖盘
982,13:47:41,13.69,--,1,1369,买盘
983,13:47:38,13.69,-0.01,6,8214,买盘
984,13:47:35,13.7,0.01,2250,3082500,买盘
985,13:47:32,13.69,--,100,136900,买盘
986,13:47:17,13.69,--,10,13690,买盘
987,13:47:14,13.69,--,20,27380,买盘
988,13:47:11,13.69,0.01,50,68450,买盘
989,13:46:56,13.68,-0.01,44,60356,卖盘
990,13:46:53,13.69,0.01,35,47915,买盘
991,13:46:44,13.68,-0.01,5,6840,卖盘
992,13:46:35,13.69,--,31,42439,买盘
993,13:46:32,13.69,--,93,128521,卖盘
994,13:46:20,13.69,-0.01,70,95830,卖盘
995,13:46:08,13.7,0.01,6,8220,买盘
996,13:46:05,13.69,-0.01,2,2738,卖盘
997,13:46:02,13.7,--,20,27400,买盘
998,13:45:56,13.7,--,193,264410,买盘
999,13:45:47,13.7,--,5,6850,买盘
1000,13:45:35,13.7,--,41,56170,买盘
1001,13:45:32,13.7,0.01,230,315100,买盘
1002,13:45:29,13.69,--,48,65712,卖盘
1003,13:45:23,13.69,-0.01,10,13690,卖盘
1004,13:45:20,13.7,--,23,31510,买盘
1005,13:45:17,13.7,--,2,2740,买盘
1006,13:45:14,13.7,0.01,84,115080,买盘
1007,13:45:11,13.69,-0.01,7,9583,卖盘
1008,13:45:05,13.7,0.01,34,46580,买盘
1009,13:45:02,13.69,--,1,1369,卖盘
1010,13:44:59,13.69,-0.01,231,316239,卖盘
1011,13:44:56,13.7,--,46,63020,买盘
1012,13:44:53,13.7,0.01,8,10960,买盘
1013,13:44:50,13.69,--,92,125948,卖盘
1014,13:44:38,13.69,--,40,54924,卖盘
1015,13:44:35,13.69,--,40,54760,卖盘
1016,13:44:32,13.69,--,73,99937,卖盘
1017,13:44:23,13.69,-0.01,52,71188,卖盘
1018,13:44:17,13.7,0.01,35,47950,买盘
1019,13:44:14,13.69,0.01,43,58867,中性盘
1020,13:44:05,13.68,-0.01,23,31464,卖盘
1021,13:44:02,13.69,0.01,41,56567,买盘
1022,13:43:56,13.68,--,89,121752,卖盘
1023,13:43:53,13.68,-0.01,7,9576,卖盘
1024,13:43:50,13.69,--,72,98568,买盘
1025,13:43:47,13.69,--,55,75295,买盘
1026,13:43:44,13.69,--,17,23273,买盘
1027,13:43:41,13.69,--,18,24642,买盘
1028,13:43:35,13.69,--,26,35594,买盘
1029,13:43:32,13.69,--,83,113627,买盘
1030,13:43:26,13.69,--,135,184815,买盘
1031,13:43:23,13.69,--,87,119103,买盘
1032,13:43:20,13.69,--,107,146483,买盘
1033,13:43:14,13.69,--,101,138269,买盘
1034,13:43:11,13.69,0.01,28,38332,买盘
1035,13:43:05,13.68,-0.01,3,4104,卖盘
1036,13:43:02,13.69,0.01,14,19166,买盘
1037,13:42:59,13.68,-0.01,84,114912,卖盘
1038,13:42:53,13.69,--,57,78033,买盘
1039,13:42:50,13.69,--,70,95830,买盘
1040,13:42:47,13.69,0.01,150,205350,买盘
1041,13:42:44,13.68,--,70,95760,买盘
1042,13:42:38,13.68,--,3,4104,买盘
1043,13:42:32,13.68,--,18,24624,买盘
1044,13:42:26,13.68,0.01,31,42408,买盘
1045,13:42:23,13.67,-0.01,35,47845,卖盘
1046,13:42:17,13.68,0.01,27,36936,买盘
1047,13:42:14,13.67,--,20,27340,卖盘
1048,13:42:10,13.67,--,20,27340,卖盘
1049,13:42:04,13.67,-0.01,4,5468,卖盘
1050,13:42:01,13.68,--,23,31464,买盘
1051,13:41:58,13.68,--,160,218880,买盘
1052,13:41:55,13.68,--,23,31464,买盘
1053,13:41:49,13.68,--,23,31464,买盘
1054,13:41:43,13.68,0.01,28,38304,买盘
1055,13:41:40,13.67,-0.01,200,273400,卖盘
1056,13:41:34,13.68,--,23,31464,买盘
1057,13:41:31,13.68,--,33,45144,买盘
1058,13:41:25,13.68,--,13,17784,买盘
1059,13:41:22,13.68,0.01,4,5472,买盘
1060,13:41:13,13.67,--,44,60148,卖盘
1061,13:41:10,13.67,-0.01,5,6835,卖盘
1062,13:41:07,13.68,--,89,121752,买盘
1063,13:41:04,13.68,0.01,92,125856,买盘
1064,13:40:55,13.67,--,10,13670,卖盘
1065,13:40:49,13.67,-0.01,52,71084,卖盘
1066,13:40:46,13.68,--,33,45144,买盘
1067,13:40:40,13.68,--,45,62490,卖盘
1068,13:40:37,13.68,-0.01,4,5472,卖盘
1069,13:40:34,13.69,0.01,1,1369,买盘
1070,13:40:31,13.68,--,10,13680,卖盘
1071,13:40:25,13.68,-0.01,10,13680,卖盘
1072,13:40:19,13.69,--,23,31487,买盘
1073,13:40:16,13.69,--,254,347726,买盘
1074,13:40:13,13.69,0.01,49,67081,买盘
1075,13:40:10,13.68,--,314,429552,卖盘
1076,13:40:04,13.68,--,25,34200,卖盘
1077,13:39:55,13.68,--,59,80712,卖盘
1078,13:39:52,13.68,--,3,4104,卖盘
1079,13:39:43,13.68,--,166,227088,卖盘
1080,13:39:40,13.68,--,65,88920,卖盘
1081,13:39:28,13.68,--,48,65664,卖盘
1082,13:39:22,13.68,--,60,82080,卖盘
1083,13:39:19,13.68,--,78,106704,卖盘
1084,13:39:16,13.68,--,12,16416,卖盘
1085,13:39:13,13.68,-0.01,10,13680,卖盘
1086,13:39:04,13.69,0.01,849,1162281,买盘
1087,13:39:01,13.68,-0.01,3,4104,卖盘
1088,13:38:58,13.69,--,50,68450,买盘
1089,13:38:52,13.69,0.01,12,16428,买盘
1090,13:38:49,13.68,--,5,6840,卖盘
1091,13:38:46,13.68,-0.01,30,41040,卖盘
1092,13:38:43,13.69,--,50,68450,买盘
1093,13:38:37,13.69,--,4,5476,买盘
1094,13:38:34,13.69,0.01,100,136900,买盘
1095,13:38:31,13.68,-0.01,7,9576,卖盘
1096,13:38:19,13.69,0.01,114,156066,买盘
1097,13:38:07,13.68,--,40,54720,卖盘
1098,13:38:01,13.68,--,66,90288,卖盘
1099,13:37:55,13.68,-0.01,5,6840,卖盘
1100,13:37:46,13.69,0.01,61,83509,买盘
1101,13:37:43,13.68,--,7,9576,卖盘
1102,13:37:40,13.68,-0.01,5,6840,卖盘
1103,13:37:37,13.69,0.01,1,1369,买盘
1104,13:37:31,13.68,-0.01,50,68400,卖盘
1105,13:37:22,13.69,0.01,118,161542,买盘
1106,13:37:19,13.68,--,5,6840,卖盘
1107,13:37:10,13.68,--,133,181944,卖盘
1108,13:37:07,13.68,-0.01,15,20520,卖盘
1109,13:36:55,13.69,0.01,8,10952,买盘
1110,13:36:52,13.68,-0.01,2,2736,卖盘
1111,13:36:46,13.69,0.01,22,30118,买盘
1112,13:36:43,13.68,--,13,17784,卖盘
1113,13:36:40,13.68,--,5,6840,卖盘
1114,13:36:37,13.68,-0.01,10,13680,卖盘
1115,13:36:16,13.69,--,13,17797,买盘
1116,13:36:04,13.69,0.01,15,20535,买盘
1117,13:36:01,13.68,-0.01,5,6840,卖盘
1118,13:35:58,13.69,0.01,14,19166,买盘
1119,13:35:52,13.68,--,7,9576,卖盘
1120,13:35:52,13.68,--,24,32832,卖盘
1121,13:35:46,13.68,--,300,410400,卖盘
1122,13:35:43,13.68,-0.01,13,17784,卖盘
1123,13:35:40,13.69,--,10,13690,买盘
1124,13:35:31,13.69,--,27,36963,买盘
1125,13:35:28,13.69,--,160,219040,买盘
1126,13:35:25,13.69,--,7,9583,买盘
1127,13:35:19,13.69,-0.01,392,536648,卖盘
1128,13:35:16,13.7,--,23,31510,买盘
1129,13:35:04,13.7,0.01,31,42470,买盘
1130,13:35:01,13.69,--,1,1369,卖盘
1131,13:34:55,13.69,--,36,49284,卖盘
1132,13:34:49,13.69,--,8,10952,卖盘
1133,13:34:34,13.69,0.01,174,238206,买盘
1134,13:34:28,13.68,--,20,27360,卖盘
1135,13:34:25,13.68,-0.01,10,13680,卖盘
1136,13:34:19,13.69,--,15,20535,买盘
1137,13:34:10,13.69,--,56,76664,卖盘
1138,13:34:04,13.69,-0.01,84,114996,中性盘
1139,13:33:58,13.7,0.02,25,34250,买盘
1140,13:33:52,13.68,--,2,2736,卖盘
1141,13:33:46,13.68,--,106,145008,卖盘
1142,13:33:40,13.68,-0.01,4,5472,卖盘
1143,13:33:34,13.69,--,9,12321,买盘
1144,13:33:31,13.69,0.01,33,45177,中性盘
1145,13:33:25,13.68,-0.01,200,273600,卖盘
1146,13:33:22,13.69,0.01,63,86247,买盘
1147,13:33:16,13.68,-0.01,250,342000,卖盘
1148,13:33:07,13.69,--,6,8214,买盘
1149,13:33:04,13.69,--,3,4107,买盘
1150,13:33:01,13.69,--,150,205350,买盘
1151,13:32:49,13.69,0.01,71,97199,买盘
1152,13:32:46,13.68,-0.01,15,20520,卖盘
1153,13:32:43,13.69,--,3,4107,买盘
1154,13:32:37,13.69,--,58,79402,买盘
1155,13:32:34,13.69,0.01,5,6845,买盘
1156,13:32:31,13.68,-0.01,27,36936,卖盘
1157,13:32:19,13.69,-0.01,50,68450,卖盘
1158,13:32:13,13.7,0.01,1,1370,买盘
1159,13:32:10,13.69,--,3,4107,卖盘
1160,13:32:07,13.69,--,10,13690,卖盘
1161,13:32:04,13.69,--,24,32856,卖盘
1162,13:31:55,13.69,-0.01,10,13690,卖盘
1163,13:31:52,13.7,0.01,3,4110,买盘
1164,13:31:49,13.69,0.01,64,87616,买盘
1165,13:31:46,13.68,--,58,79344,卖盘
1166,13:31:40,13.68,--,51,69768,卖盘
1167,13:31:34,13.68,--,3,4104,卖盘
1168,13:31:31,13.68,-0.01,15,20520,卖盘
1169,13:31:28,13.69,0.01,50,68450,买盘
1170,13:31:22,13.68,--,100,136800,卖盘
1171,13:31:19,13.68,-0.01,200,273600,卖盘
1172,13:31:16,13.69,--,23,31487,卖盘
1173,13:31:10,13.69,--,5,6845,卖盘
1174,13:30:58,13.69,0.01,77,106754,买盘
1175,13:30:49,13.68,-0.01,5,6840,卖盘
1176,13:30:43,13.69,--,20,27380,买盘
1177,13:30:40,13.69,--,3,4107,买盘
1178,13:30:31,13.69,--,2,2765,卖盘
1179,13:30:28,13.69,--,23,31487,卖盘
1180,13:30:16,13.69,--,162,221778,卖盘
1181,13:30:13,13.69,-0.01,121,165649,卖盘
1182,13:30:04,13.7,--,2,2740,买盘
1183,13:29:58,13.7,0.01,1,1370,买盘
1184,13:29:43,13.69,-0.01,73,99937,卖盘
1185,13:29:40,13.7,--,4,5480,买盘
1186,13:29:34,13.7,--,26,35620,买盘
1187,13:29:22,13.7,0.01,71,97270,买盘
1188,13:29:13,13.69,--,19,26011,卖盘
1189,13:29:07,13.69,--,72,98568,卖盘
1190,13:29:01,13.69,0.01,271,372340,买盘
1191,13:28:58,13.68,--,12,16416,卖盘
1192,13:28:55,13.68,--,3,4104,卖盘
1193,13:28:49,13.68,--,79,108072,卖盘
1194,13:28:46,13.68,--,88,120384,卖盘
1195,13:28:43,13.68,--,224,306432,卖盘
1196,13:28:40,13.68,-0.01,9,12312,卖盘
1197,13:28:34,13.69,0.01,1,1369,买盘
1198,13:28:31,13.68,--,166,227088,卖盘
1199,13:28:28,13.68,-0.01,434,593712,卖盘
1200,13:28:19,13.69,--,165,225885,买盘
1201,13:28:13,13.69,0.01,20,27380,买盘
1202,13:28:04,13.68,-0.01,13,17784,卖盘
1203,13:28:01,13.69,--,8,10952,买盘
1204,13:27:58,13.69,--,16,21904,卖盘
1205,13:27:55,13.69,--,5,6845,卖盘
1206,13:27:43,13.69,--,7,9583,卖盘
1207,13:27:40,13.69,-0.01,10,13690,卖盘
1208,13:27:37,13.7,0.02,146,200020,买盘
1209,13:27:31,13.68,-0.01,18,24624,卖盘
1210,13:27:25,13.69,--,120,164280,买盘
1211,13:27:16,13.69,--,162,221969,卖盘
1212,13:27:04,13.69,-0.01,18,24642,卖盘
1213,13:27:01,13.7,0.01,50,68500,买盘
1214,13:26:58,13.69,--,27,36963,卖盘
1215,13:26:55,13.69,--,30,41070,卖盘
1216,13:26:52,13.69,--,177,242313,卖盘
1217,13:26:49,13.69,--,0,1177,卖盘
1218,13:26:43,13.69,--,30,41070,卖盘
1219,13:26:37,13.69,--,4,5476,卖盘
1220,13:26:34,13.69,--,8,10952,卖盘
1221,13:26:25,13.69,--,100,136900,卖盘
1222,13:26:19,13.69,--,13,17797,卖盘
1223,13:26:16,13.69,-0.01,6,8214,卖盘
1224,13:26:10,13.7,-0.01,53,73432,卖盘
1225,13:26:04,13.71,0.01,75,102825,买盘
1226,13:26:01,13.7,--,7,9590,卖盘
1227,13:25:52,13.7,--,105,143850,卖盘
1228,13:25:46,13.7,--,6,8220,卖盘
1229,13:25:40,13.7,--,60,82200,卖盘
1230,13:25:34,13.7,-0.01,16,21920,卖盘
1231,13:25:25,13.71,0.01,174,238554,买盘
1232,13:25:19,13.7,--,38,52060,卖盘
1233,13:25:16,13.7,--,27,36990,卖盘
1234,13:25:13,13.7,--,27,36990,卖盘
1235,13:25:07,13.7,--,12,16440,卖盘
1236,13:25:04,13.7,--,243,332910,卖盘
1237,13:25:01,13.7,--,1,1370,卖盘
1238,13:24:58,13.7,--,169,231530,卖盘
1239,13:24:52,13.7,--,103,141110,卖盘
1240,13:24:49,13.7,-0.01,277,379490,卖盘
1241,13:24:43,13.71,0.01,200,274200,买盘
1242,13:24:40,13.7,--,3,4110,卖盘
1243,13:24:37,13.7,--,3,4110,卖盘
1244,13:24:28,13.7,--,32,43840,卖盘
1245,13:24:22,13.7,--,3,4110,卖盘
1246,13:24:19,13.7,-0.01,27,36990,卖盘
1247,13:24:13,13.71,0.01,28,38388,买盘
1248,13:24:07,13.7,-0.01,2,2740,卖盘
1249,13:24:04,13.71,--,3,4113,买盘
1250,13:24:01,13.71,--,5,6855,买盘
1251,13:23:55,13.71,--,10,13710,买盘
1252,13:23:52,13.71,--,7,9597,买盘
1253,13:23:49,13.71,--,109,149713,卖盘
1254,13:23:40,13.71,--,15,20565,卖盘
1255,13:23:28,13.71,--,6,8226,卖盘
1256,13:23:16,13.71,--,2,2742,卖盘
1257,13:23:13,13.71,--,7,9597,卖盘
1258,13:23:10,13.71,--,3,4113,卖盘
1259,13:23:07,13.71,--,6,9322,买盘
1260,13:23:04,13.71,0.01,13,17823,买盘
1261,13:23:01,13.7,--,34,46580,卖盘
1262,13:22:58,13.7,--,18,24660,卖盘
1263,13:22:55,13.7,-0.01,174,238380,卖盘
1264,13:22:52,13.71,0.01,49,67179,买盘
1265,13:22:49,13.7,--,33,45210,卖盘
1266,13:22:37,13.7,-0.01,21,28770,卖盘
1267,13:22:34,13.71,0.01,146,200166,买盘
1268,13:22:19,13.7,--,8,10960,卖盘
1269,13:22:16,13.7,--,50,68500,卖盘
1270,13:22:13,13.7,--,40,54800,卖盘
1271,13:22:04,13.7,--,40,54800,卖盘
1272,13:22:01,13.7,--,146,200020,卖盘
1273,13:21:58,13.7,--,144,197280,卖盘
1274,13:21:52,13.7,--,23,31510,卖盘
1275,13:21:49,13.7,-0.01,10,13700,卖盘
1276,13:21:46,13.71,0.01,70,95970,买盘
1277,13:21:43,13.7,--,10,13700,卖盘
1278,13:21:40,13.7,-0.01,15,20550,卖盘
1279,13:21:37,13.71,0.01,178,244038,买盘
1280,13:21:34,13.7,--,34,46580,卖盘
1281,13:21:27,13.7,--,11,15070,卖盘
1282,13:21:24,13.7,--,53,72610,卖盘
1283,13:21:21,13.7,0.01,169,232078,买盘
1284,13:21:15,13.69,-0.01,291,398379,卖盘
1285,13:21:12,13.7,0.01,4,5480,买盘
1286,13:21:09,13.69,-0.01,14,19166,卖盘
1287,13:21:06,13.7,0.01,4,5480,买盘
1288,13:21:03,13.69,--,103,141007,卖盘
1289,13:20:57,13.69,--,371,507899,卖盘
1290,13:20:54,13.69,--,18,24642,卖盘
1291,13:20:51,13.69,-0.01,5,6845,卖盘
1292,13:20:42,13.7,0.01,5,6850,买盘
1293,13:20:33,13.69,--,86,117734,卖盘
1294,13:20:30,13.69,-0.01,23,31487,卖盘
1295,13:20:27,13.7,--,16,21920,买盘
1296,13:20:24,13.7,--,4,5480,买盘
1297,13:20:18,13.7,0.01,5,6850,买盘
1298,13:20:15,13.69,-0.01,30,41070,卖盘
1299,13:20:03,13.7,--,140,191800,买盘
1300,13:20:00,13.7,--,84,115080,买盘
1301,13:19:57,13.7,--,3,4110,买盘
1302,13:19:54,13.7,0.01,50,68500,买盘
1303,13:19:45,13.69,--,3,4928,卖盘
1304,13:19:39,13.69,-0.01,52,71188,卖盘
1305,13:19:33,13.7,--,31,42470,买盘
1306,13:19:30,13.7,--,6,8220,买盘
1307,13:19:24,13.7,--,20,27400,买盘
1308,13:19:12,13.7,--,22,30140,买盘
1309,13:19:09,13.7,--,29,39730,卖盘
1310,13:19:06,13.7,--,2,2740,卖盘
1311,13:18:54,13.7,0.01,12,16440,买盘
1312,13:18:51,13.69,-0.01,14,19166,卖盘
1313,13:18:45,13.7,--,16,21920,卖盘
1314,13:18:39,13.7,-0.01,12,16440,卖盘
1315,13:18:36,13.71,--,1,2275,卖盘
1316,13:18:33,13.71,--,28,38388,卖盘
1317,13:18:30,13.71,0.01,211,289747,买盘
1318,13:18:27,13.7,0.01,83,113710,买盘
1319,13:18:24,13.69,-0.01,10,13690,卖盘
1320,13:18:21,13.7,--,1,1370,买盘
1321,13:18:15,13.7,0.01,3,4110,买盘
1322,13:18:12,13.69,-0.01,68,93092,卖盘
1323,13:18:06,13.7,--,2,2740,买盘
1324,13:18:00,13.7,--,120,164400,买盘
1325,13:17:57,13.7,0.01,60,82200,买盘
1326,13:17:51,13.69,--,6,8214,卖盘
1327,13:17:45,13.69,-0.01,9,12321,卖盘
1328,13:17:42,13.7,0.01,10,13700,买盘
1329,13:17:39,13.69,--,5,6845,卖盘
1330,13:17:33,13.69,--,8,10952,卖盘
1331,13:17:30,13.69,-0.01,50,68450,卖盘
1332,13:17:18,13.7,0.01,10,13700,买盘
1333,13:17:15,13.69,-0.01,9,12321,卖盘
1334,13:17:12,13.7,0.01,124,169880,买盘
1335,13:17:09,13.69,-0.01,12,16428,卖盘
1336,13:17:06,13.7,--,5,6850,买盘
1337,13:17:03,13.7,0.01,100,137000,买盘
1338,13:16:54,13.69,--,25,34225,卖盘
1339,13:16:51,13.69,-0.01,25,34225,卖盘
1340,13:16:48,13.7,0.01,4,5480,买盘
1341,13:16:45,13.69,--,6,8214,卖盘
1342,13:16:42,13.69,-0.01,1,1369,卖盘
1343,13:16:33,13.7,0.01,1,1370,中性盘
1344,13:16:27,13.69,-0.01,133,182077,卖盘
1345,13:16:21,13.7,-0.01,169,231530,卖盘
1346,13:16:18,13.71,0.01,200,274200,买盘
1347,13:16:12,13.7,0.01,151,206870,买盘
1348,13:16:09,13.69,-0.01,371,508966,卖盘
1349,13:16:06,13.7,--,10,13700,买盘
1350,13:16:00,13.7,--,3,4110,买盘
1351,13:15:57,13.7,-0.01,250,342500,卖盘
1352,13:15:54,13.71,--,23,31533,买盘
1353,13:15:48,13.71,0.01,40,54840,买盘
1354,13:15:45,13.7,--,260,356200,卖盘
1355,13:15:42,13.7,--,15,20550,卖盘
1356,13:15:39,13.7,--,2,2740,卖盘
1357,13:15:27,13.7,--,8,10960,卖盘
1358,13:15:24,13.7,--,10,13700,卖盘
1359,13:15:21,13.7,--,10,13700,卖盘
1360,13:15:09,13.7,-0.01,50,68500,卖盘
1361,13:15:03,13.71,--,2,2742,买盘
1362,13:14:51,13.71,0.01,250,342750,买盘
1363,13:14:48,13.7,--,8,10960,卖盘
1364,13:14:42,13.7,--,40,54800,卖盘
1365,13:14:42,13.7,-0.01,4,5480,卖盘
1366,13:14:36,13.71,0.01,160,219360,买盘
1367,13:14:33,13.7,--,264,361680,卖盘
1368,13:14:30,13.7,--,9,12330,卖盘
1369,13:14:27,13.7,-0.01,115,157550,卖盘
1370,13:14:24,13.71,--,18,24678,买盘
1371,13:14:21,13.71,--,31,42501,买盘
1372,13:14:12,13.71,-0.01,184,252455,卖盘
1373,13:14:09,13.72,--,31,42532,买盘
1374,13:14:06,13.72,0.01,9,12348,买盘
1375,13:14:03,13.71,-0.01,10,13710,卖盘
1376,13:14:00,13.72,0.01,29,39788,买盘
1377,13:13:57,13.71,-0.01,24,32904,卖盘
1378,13:13:51,13.72,--,99,135828,买盘
1379,13:13:48,13.72,--,29,39788,买盘
1380,13:13:39,13.72,--,34,46648,买盘
1381,13:13:33,13.72,0.01,3,4116,买盘
1382,13:13:30,13.71,--,41,56211,卖盘
1383,13:13:27,13.71,--,21,28791,卖盘
1384,13:13:24,13.71,-0.01,26,35646,卖盘
1385,13:13:21,13.72,0.01,230,315560,买盘
1386,13:13:12,13.71,--,31,42501,卖盘
1387,13:13:06,13.71,-0.01,14,19194,卖盘
1388,13:13:00,13.72,--,7,9604,买盘
1389,13:12:57,13.72,0.01,78,107016,买盘
1390,13:12:54,13.71,-0.01,1,1371,卖盘
1391,13:12:51,13.72,--,103,141316,买盘
1392,13:12:48,13.72,0.01,31,42532,买盘
1393,13:12:42,13.71,-0.01,46,63066,卖盘
1394,13:12:39,13.72,--,35,48020,买盘
1395,13:12:30,13.72,--,29,39788,买盘
1396,13:12:24,13.72,--,3,4116,买盘
1397,13:12:21,13.72,0.01,109,149548,买盘
1398,13:12:18,13.71,-0.01,23,31533,卖盘
1399,13:12:12,13.72,--,41,56252,买盘
1400,13:12:09,13.72,--,71,97412,买盘
1401,13:12:06,13.72,--,2,2744,买盘
1402,13:11:57,13.72,0.01,367,503524,买盘
1403,13:11:54,13.71,-0.01,31,42501,卖盘
1404,13:11:48,13.72,0.01,32,43904,买盘
1405,13:11:45,13.71,--,1,1371,卖盘
1406,13:11:39,13.71,--,36,49356,卖盘
1407,13:11:36,13.71,--,13,17823,卖盘
1408,13:11:30,13.71,--,21,28791,卖盘
1409,13:11:24,13.71,--,183,252072,买盘
1410,13:11:21,13.71,--,29,39759,买盘
1411,13:11:18,13.71,0.01,146,200166,买盘
1412,13:11:12,13.7,-0.01,75,102750,卖盘
1413,13:11:09,13.71,0.01,29,39759,买盘
1414,13:11:06,13.7,--,1,1370,卖盘
1415,13:11:03,13.7,-0.01,33,45210,卖盘
1416,13:10:48,13.71,0.01,110,150810,买盘
1417,13:10:42,13.7,-0.01,4,5480,卖盘
1418,13:10:39,13.71,0.01,40,54840,买盘
1419,13:10:36,13.7,-0.01,10,13700,卖盘
1420,13:10:33,13.71,--,1,1371,买盘
1421,13:10:30,13.71,-0.01,330,453417,卖盘
1422,13:10:27,13.72,--,80,109760,买盘
1423,13:10:24,13.72,--,130,178360,买盘
1424,13:10:18,13.72,--,49,67228,买盘
1425,13:10:12,13.72,0.01,31,42532,买盘
1426,13:10:06,13.71,--,6,8226,卖盘
1427,13:10:00,13.71,-0.01,145,198795,卖盘
1428,13:09:57,13.72,0.01,31,42532,买盘
1429,13:09:54,13.71,--,59,80889,卖盘
1430,13:09:48,13.71,--,91,124761,卖盘
1431,13:09:45,13.71,--,220,301620,卖盘
1432,13:09:39,13.71,-0.01,121,165891,卖盘
1433,13:09:36,13.72,--,39,53508,买盘
1434,13:09:33,13.72,0.01,14,19756,买盘
1435,13:09:30,13.71,-0.01,1,1371,卖盘
1436,13:09:27,13.72,--,51,69972,买盘
1437,13:09:21,13.72,--,64,87808,买盘
1438,13:09:18,13.72,--,29,39788,买盘
1439,13:09:15,13.72,-0.01,399,547428,卖盘
1440,13:09:12,13.73,0.01,57,78261,买盘
1441,13:09:09,13.72,--,31,42532,卖盘
1442,13:09:06,13.72,--,4,5488,卖盘
1443,13:09:03,13.72,-0.01,15,20580,卖盘
1444,13:09:00,13.73,0.01,32,43936,买盘
1445,13:08:57,13.72,--,16,21952,卖盘
1446,13:08:51,13.72,--,33,45276,卖盘
1447,13:08:48,13.72,--,30,41160,卖盘
1448,13:08:45,13.72,-0.01,100,137200,卖盘
1449,13:08:42,13.73,--,45,61785,买盘
1450,13:08:39,13.73,0.01,49,67277,买盘
1451,13:08:36,13.72,-0.01,3,4116,卖盘
1452,13:08:33,13.73,--,27,37071,买盘
1453,13:08:30,13.73,--,41,56293,买盘
1454,13:08:21,13.73,0.01,85,116705,买盘
1455,13:08:15,13.72,-0.01,9,12348,卖盘
1456,13:08:12,13.73,--,12,16476,买盘
1457,13:08:09,13.73,--,31,42563,买盘
1458,13:08:03,13.73,--,516,708468,买盘
1459,13:08:00,13.73,0.01,29,39817,买盘
1460,13:07:57,13.72,--,11,15092,卖盘
1461,13:07:48,13.72,--,3,4116,卖盘
1462,13:07:45,13.72,--,136,186592,买盘
1463,13:07:42,13.72,--,184,252448,买盘
1464,13:07:39,13.72,--,39,53508,买盘
1465,13:07:36,13.72,--,121,166012,买盘
1466,13:07:33,13.72,--,83,113876,买盘
1467,13:07:30,13.72,--,57,78204,买盘
1468,13:07:27,13.72,--,55,75460,买盘
1469,13:07:18,13.72,--,59,80948,买盘
1470,13:07:15,13.72,--,30,41160,买盘
1471,13:07:12,13.72,--,281,385532,卖盘
1472,13:07:09,13.72,--,932,1278704,卖盘
1473,13:07:06,13.72,--,10,13720,卖盘
1474,13:07:03,13.72,-0.01,5,6860,卖盘
1475,13:06:57,13.73,0.01,10,13730,买盘
1476,13:06:54,13.72,--,3,4116,买盘
1477,13:06:51,13.72,-0.01,10,13720,卖盘
1478,13:06:48,13.73,0.01,29,39817,买盘
1479,13:06:45,13.72,--,36,49392,买盘
1480,13:06:42,13.72,-0.01,59,80948,卖盘
1481,13:06:39,13.73,0.01,56,76888,买盘
1482,13:06:36,13.72,-0.01,3,4116,中性盘
1483,13:06:33,13.73,0.01,700,961100,买盘
1484,13:06:30,13.72,0.01,30,41160,买盘
1485,13:06:24,13.71,-0.01,3,4113,卖盘
1486,13:06:21,13.72,--,32,43904,买盘
1487,13:06:09,13.72,--,31,42532,买盘
1488,13:06:06,13.72,--,170,233240,买盘
1489,13:06:03,13.72,--,2,2744,买盘
1490,13:05:57,13.72,0.01,30,41160,买盘
1491,13:05:54,13.71,-0.01,1,1371,卖盘
1492,13:05:51,13.72,--,3,4116,买盘
1493,13:05:48,13.72,--,84,115248,买盘
1494,13:05:39,13.72,0.01,28,38416,买盘
1495,13:05:33,13.71,-0.01,5,6855,卖盘
1496,13:05:30,13.72,-0.01,31,42532,买盘
1497,13:05:21,13.73,0.01,37,50801,买盘
1498,13:05:18,13.72,--,57,78204,卖盘
1499,13:05:12,13.72,-0.01,36,49392,卖盘
1500,13:05:09,13.73,0.01,29,39817,买盘
1501,13:05:06,13.72,--,9,12348,卖盘
1502,13:05:03,13.72,--,5,6860,卖盘
1503,13:04:57,13.72,--,161,220892,卖盘
1504,13:04:54,13.72,--,50,68600,卖盘
1505,13:04:51,13.72,--,1,1372,卖盘
1506,13:04:45,13.72,--,102,139944,买盘
1507,13:04:42,13.72,--,1311,1798692,买盘
1508,13:04:39,13.72,--,29,39788,买盘
1509,13:04:36,13.72,--,17,23324,买盘
1510,13:04:33,13.72,0.01,29,39788,买盘
1511,13:04:30,13.71,--,41,56211,卖盘
1512,13:04:27,13.71,--,1,1371,卖盘
1513,13:04:24,13.71,-0.01,496,680016,卖盘
1514,13:04:18,13.72,--,45,61740,买盘
1515,13:04:15,13.72,0.01,50,68600,买盘
1516,13:04:09,13.71,--,31,42501,卖盘
1517,13:04:06,13.71,--,16,21936,卖盘
1518,13:04:03,13.71,-0.01,4,5484,卖盘
1519,13:04:00,13.72,0.01,29,39788,买盘
1520,13:03:54,13.71,--,2,2742,卖盘
1521,13:03:48,13.71,--,183,250893,卖盘
1522,13:03:42,13.71,--,3,4113,卖盘
1523,13:03:36,13.71,0.01,257,353553,买盘
1524,13:03:30,13.7,-0.01,60,82200,卖盘
1525,13:03:27,13.71,0.01,32,43872,买盘
1526,13:03:24,13.7,--,300,411000,卖盘
1527,13:03:21,13.7,-0.01,37,50690,卖盘
1528,13:03:18,13.71,--,62,85002,买盘
1529,13:03:15,13.71,0.01,80,109680,买盘
1530,13:03:12,13.7,--,106,145220,卖盘
1531,13:03:09,13.7,--,96,131520,卖盘
1532,13:03:06,13.7,--,6,8220,卖盘
1533,13:03:00,13.7,-0.01,35,47950,卖盘
1534,13:02:51,13.71,0.01,28,38388,买盘
1535,13:02:45,13.7,-0.01,7,9590,卖盘
1536,13:02:36,13.71,0.01,31,42501,买盘
1537,13:02:32,13.7,-0.01,23,31510,卖盘
1538,13:02:26,13.71,0.01,30,41130,买盘
1539,13:02:23,13.7,--,2,2740,卖盘
1540,13:02:20,13.7,-0.01,26,35620,卖盘
1541,13:02:17,13.71,0.01,30,41130,买盘
1542,13:02:14,13.7,--,10,13700,卖盘
1543,13:02:11,13.7,-0.01,98,134260,卖盘
1544,13:02:08,13.71,--,31,42501,买盘
1545,13:02:02,13.71,--,82,112422,买盘
1546,13:01:59,13.71,0.01,31,42501,买盘
1547,13:01:56,13.7,--,10,13700,卖盘
1548,13:01:53,13.7,-0.01,1,1370,卖盘
1549,13:01:50,13.71,--,29,39759,买盘
1550,13:01:47,13.71,0.01,33,45243,买盘
1551,13:01:41,13.7,-0.01,13,17810,卖盘
1552,13:01:38,13.71,--,79,108309,买盘
1553,13:01:35,13.71,--,147,201537,买盘
1554,13:01:26,13.71,0.01,331,453801,买盘
1555,13:01:23,13.7,-0.01,155,212350,卖盘
1556,13:01:17,13.71,--,28,38388,买盘
1557,13:01:11,13.71,--,40,54840,买盘
1558,13:01:05,13.71,--,15,20565,买盘
1559,13:00:59,13.71,--,31,42501,买盘
1560,13:00:53,13.71,--,160,219360,买盘
1561,13:00:50,13.71,--,60,82260,买盘
1562,13:00:47,13.71,--,35,47985,买盘
1563,13:00:44,13.71,--,50,68550,买盘
1564,13:00:38,13.71,--,55,75405,买盘
1565,13:00:32,13.71,--,45,61695,买盘
1566,13:00:29,13.71,0.01,30,41130,买盘
1567,13:00:26,13.7,--,148,202760,卖盘
1568,13:00:23,13.7,-0.01,5,6850,卖盘
1569,13:00:17,13.71,--,61,83631,买盘
1570,13:00:14,13.71,0.01,30,41130,买盘
1571,13:00:11,13.7,-0.01,11,15070,卖盘
1572,13:00:08,13.71,0.02,815,1117639,买盘
1573,13:00:02,13.69,--,4746,6497274,卖盘
1574,11:29:58,13.69,--,107,146483,买盘
1575,11:29:46,13.69,--,31,42439,买盘
1576,11:29:43,13.69,-0.01,431,590039,卖盘
1577,11:29:40,13.7,--,5,6850,买盘
1578,11:29:37,13.7,0.01,406,556220,买盘
1579,11:29:34,13.69,-0.01,20,27380,卖盘
1580,11:29:31,13.7,--,20,27400,买盘
1581,11:29:28,13.7,--,31,42470,买盘
1582,11:29:19,13.7,--,330,452100,买盘
1583,11:29:16,13.7,--,23,31510,买盘
1584,11:29:10,13.7,0.01,34,46580,买盘
1585,11:29:04,13.69,-0.01,64,87616,卖盘
1586,11:28:58,13.7,0.01,52,71240,买盘
1587,11:28:55,13.69,--,50,68450,卖盘
1588,11:28:52,13.69,-0.01,1,1369,卖盘
1589,11:28:49,13.7,--,166,227420,买盘
1590,11:28:34,13.7,--,2,2740,买盘
1591,11:28:28,13.7,0.01,78,106860,买盘
1592,11:28:25,13.69,--,11,15059,卖盘
1593,11:28:22,13.69,-0.01,126,172494,卖盘
1594,11:28:10,13.7,0.01,3,4110,买盘
1595,11:28:07,13.69,--,11,15059,买盘
1596,11:28:04,13.69,--,2,2738,买盘
1597,11:28:01,13.69,-0.01,26,35594,中性盘
1598,11:27:58,13.7,0.01,108,147960,买盘
1599,11:27:55,13.69,-0.01,21,28749,卖盘
1600,11:27:52,13.7,0.01,35,47950,买盘
1601,11:27:43,13.69,--,4,5476,卖盘
1602,11:27:40,13.69,-0.01,100,136900,卖盘
1603,11:27:34,13.7,--,2,2740,买盘
1604,11:27:28,13.7,0.01,29,39730,买盘
1605,11:27:22,13.69,-0.01,72,98568,卖盘
1606,11:27:16,13.7,0.01,30,41100,买盘
1607,11:27:13,13.69,--,10,13690,卖盘
1608,11:27:10,13.69,-0.01,3,4107,卖盘
1609,11:27:07,13.7,--,36,49320,买盘
1610,11:27:04,13.7,0.01,41,56170,买盘
1611,11:27:01,13.69,--,299,409331,买盘
1612,11:26:58,13.69,0.01,39,53391,买盘
1613,11:26:55,13.68,--,10,13680,卖盘
1614,11:26:52,13.68,-0.01,20,27360,卖盘
1615,11:26:49,13.69,--,63,86247,买盘
1616,11:26:43,13.69,0.01,10,13690,买盘
1617,11:26:40,13.68,--,51,69768,卖盘
1618,11:26:34,13.68,-0.01,40,54720,卖盘
1619,11:26:31,13.69,0.01,30,41070,买盘
1620,11:26:22,13.68,-0.01,145,198360,卖盘
1621,11:26:16,13.69,0.01,30,41070,买盘
1622,11:26:10,13.68,-0.01,10,13680,卖盘
1623,11:26:07,13.69,--,35,47915,买盘
1624,11:26:01,13.69,--,10,13690,买盘
1625,11:25:58,13.69,0.01,64,87616,买盘
1626,11:25:52,13.68,--,7,9849,卖盘
1627,11:25:49,13.68,--,76,103968,卖盘
1628,11:25:46,13.68,--,11,15048,卖盘
1629,11:25:43,13.68,--,29,39672,卖盘
1630,11:25:40,13.68,--,105,143640,卖盘
1631,11:25:37,13.68,-0.01,11,15048,卖盘
1632,11:25:34,13.69,--,2,2738,买盘
1633,11:25:28,13.69,0.01,41,56129,买盘
1634,11:25:16,13.68,--,294,402192,卖盘
1635,11:25:10,13.68,-0.01,10,13680,卖盘
1636,11:25:07,13.69,--,40,54760,买盘
1637,11:25:04,13.69,--,96,131424,卖盘
1638,11:24:58,13.69,--,10,13690,卖盘
1639,11:24:55,13.69,0.01,90,123210,买盘
1640,11:24:49,13.68,--,103,140904,卖盘
1641,11:24:46,13.68,-0.01,3,4104,卖盘
1642,11:24:37,13.69,--,79,108151,买盘
1643,11:24:28,13.69,--,29,39701,买盘
1644,11:24:22,13.69,--,2,2738,买盘
1645,11:24:19,13.69,0.01,35,47915,买盘
1646,11:24:16,13.68,-0.01,20,27360,卖盘
1647,11:24:07,13.69,--,75,102675,买盘
1648,11:24:04,13.69,--,2,2738,买盘
1649,11:23:58,13.69,--,29,39701,买盘
1650,11:23:46,13.69,--,51,69819,买盘
1651,11:23:43,13.69,--,20,27380,买盘
1652,11:23:40,13.69,-0.01,28,38332,卖盘
1653,11:23:37,13.7,0.01,29,39730,买盘
1654,11:23:31,13.69,-0.01,30,41070,卖盘
1655,11:23:27,13.7,0.01,40,54800,买盘
1656,11:23:24,13.69,-0.01,23,31487,卖盘
1657,11:23:21,13.7,--,8,10960,买盘
1658,11:23:18,13.7,0.01,76,104120,买盘
1659,11:23:12,13.69,--,11,15059,卖盘
1660,11:23:09,13.69,--,41,56129,卖盘
1661,11:23:06,13.69,--,20,27380,卖盘
1662,11:23:00,13.69,--,10,13690,卖盘
1663,11:22:54,13.69,-0.01,14,19166,中性盘
1664,11:22:45,13.7,0.01,50,68500,买盘
1665,11:22:42,13.69,--,26,36880,卖盘
1666,11:22:39,13.69,-0.01,1,1369,卖盘
1667,11:22:36,13.7,0.01,72,98640,买盘
1668,11:22:33,13.69,-0.01,21,28749,卖盘
1669,11:22:27,13.7,0.01,41,56170,买盘
1670,11:22:24,13.69,--,63,86329,买盘
1671,11:22:21,13.69,--,57,79319,卖盘
1672,11:22:18,13.69,--,60,82140,卖盘
1673,11:22:12,13.69,-0.01,51,69819,卖盘
1674,11:22:09,13.7,--,40,54800,买盘
1675,11:21:57,13.7,--,72,98640,买盘
1676,11:21:45,13.7,0.01,28,38360,买盘
1677,11:21:42,13.69,-0.01,13,17797,卖盘
1678,11:21:39,13.7,0.01,39,53430,买盘
1679,11:21:33,13.69,--,31,42521,卖盘
1680,11:21:30,13.69,--,4,5476,卖盘
1681,11:21:27,13.69,--,38,52022,买盘
1682,11:21:24,13.69,--,43,58867,买盘
1683,11:21:21,13.69,--,20,27380,买盘
1684,11:21:18,13.69,0.01,30,41070,买盘
1685,11:21:15,13.68,--,23,31464,卖盘
1686,11:21:09,13.68,-0.01,62,84816,卖盘
1687,11:21:06,13.69,--,56,76664,买盘
1688,11:21:00,13.69,-0.01,40,54760,卖盘
1689,11:20:57,13.7,0.02,62,84940,买盘
1690,11:20:54,13.68,-0.01,23,31464,卖盘
1691,11:20:51,13.69,--,59,80771,卖盘
1692,11:20:48,13.69,--,138,188922,卖盘
1693,11:20:45,13.69,--,89,121841,卖盘
1694,11:20:42,13.69,-0.01,70,95830,卖盘
1695,11:20:39,13.7,0.01,60,82200,买盘
1696,11:20:30,13.69,-0.01,45,61605,卖盘
1697,11:20:27,13.7,0.01,70,95900,买盘
1698,11:20:21,13.69,--,23,31487,卖盘
1699,11:20:18,13.69,--,169,231361,买盘
1700,11:20:15,13.69,0.01,44,60236,买盘
1701,11:20:12,13.68,-0.01,20,27360,卖盘
1702,11:20:06,13.69,--,39,53391,买盘
1703,11:20:03,13.69,0.01,1,1369,买盘
1704,11:19:57,13.68,-0.01,51,69768,卖盘
1705,11:19:51,13.69,--,67,91723,买盘
1706,11:19:48,13.69,--,42,57498,买盘
1707,11:19:45,13.69,--,75,102675,买盘
1708,11:19:42,13.69,--,32,43808,买盘
1709,11:19:39,13.69,0.01,40,54760,买盘
1710,11:19:36,13.68,--,32,43776,卖盘
1711,11:19:27,13.68,-0.01,11,15048,卖盘
1712,11:19:24,13.69,--,42,57498,买盘
1713,11:19:21,13.69,--,13,17797,买盘
1714,11:19:18,13.69,--,19,26011,卖盘
1715,11:19:15,13.69,-0.01,34,46546,买盘
1716,11:19:12,13.7,0.01,46,63020,买盘
1717,11:19:09,13.69,-0.01,55,75295,卖盘
1718,11:19:06,13.7,0.01,40,54800,买盘
1719,11:19:03,13.69,-0.01,49,67081,卖盘
1720,11:19:00,13.7,0.01,47,64390,买盘
1721,11:18:57,13.69,-0.01,52,71188,卖盘
1722,11:18:51,13.7,--,160,219200,买盘
1723,11:18:48,13.7,--,31,42470,买盘
1724,11:18:42,13.7,--,86,117820,买盘
1725,11:18:39,13.7,--,3,4110,买盘
1726,11:18:36,13.7,--,23,31510,买盘
1727,11:18:33,13.7,0.01,46,63020,买盘
1728,11:18:30,13.69,-0.01,52,71188,中性盘
1729,11:18:27,13.7,--,213,291810,买盘
1730,11:18:24,13.7,--,207,283590,买盘
1731,11:18:18,13.7,--,7,9590,买盘
1732,11:18:15,13.7,0.01,49,67130,买盘
1733,11:18:09,13.69,--,15,20535,卖盘
1734,11:18:06,13.69,--,50,68450,卖盘
1735,11:18:03,13.69,-0.01,56,76664,卖盘
1736,11:18:00,13.7,--,1133,1552210,买盘
1737,11:17:57,13.7,--,147,201390,买盘
1738,11:17:51,13.7,--,41,56170,买盘
1739,11:17:48,13.7,0.01,117,160290,买盘
1740,11:17:45,13.69,--,5,6845,买盘
1741,11:17:39,13.69,--,203,277907,买盘
1742,11:17:36,13.69,-0.01,124,171015,卖盘
1743,11:17:30,13.7,--,138,189060,买盘
1744,11:17:27,13.7,0.01,121,165770,买盘
1745,11:17:21,13.69,-0.01,250,342250,卖盘
1746,11:17:15,13.7,0.01,22,30140,买盘
1747,11:17:09,13.69,--,63,86247,卖盘
1748,11:17:06,13.69,--,38,52022,卖盘
1749,11:17:00,13.69,-0.01,30,41070,卖盘
1750,11:16:57,13.7,0.01,43,58910,买盘
1751,11:16:54,13.69,-0.01,44,60236,卖盘
1752,11:16:45,13.7,--,30,41100,买盘
1753,11:16:39,13.7,--,1,1370,买盘
1754,11:16:36,13.7,--,58,79460,买盘
1755,11:16:33,13.7,--,1,1370,买盘
1756,11:16:30,13.7,0.01,31,42470,买盘
1757,11:16:24,13.69,-0.01,30,41070,卖盘
1758,11:16:18,13.7,0.01,40,54800,买盘
1759,11:16:12,13.69,--,10,13690,卖盘
1760,11:16:09,13.69,--,350,479259,买盘
1761,11:16:06,13.69,--,20,27380,买盘
1762,11:15:57,13.69,--,111,151959,买盘
1763,11:15:51,13.69,--,64,87616,买盘
1764,11:15:45,13.69,--,30,41070,买盘
1765,11:15:42,13.69,--,42,57498,买盘
1766,11:15:36,13.69,--,31,42439,买盘
1767,11:15:30,13.69,--,108,147852,买盘
1768,11:15:27,13.69,--,43,58867,买盘
1769,11:15:21,13.69,--,10,13690,买盘
1770,11:15:18,13.69,0.01,50,68450,买盘
1771,11:15:15,13.68,-0.01,20,27360,卖盘
1772,11:15:09,13.69,0.01,65,88985,买盘
1773,11:15:06,13.68,--,12,16416,卖盘
1774,11:15:00,13.68,-0.01,5,6840,卖盘
1775,11:14:57,13.69,--,45,61605,买盘
1776,11:14:51,13.69,0.01,5,6845,买盘
1777,11:14:45,13.68,-0.01,53,72504,卖盘
1778,11:14:42,13.69,--,2,2738,买盘
1779,11:14:36,13.69,0.01,172,235468,买盘
1780,11:14:27,13.68,-0.01,32,43776,卖盘
1781,11:14:21,13.69,--,12,16428,买盘
1782,11:14:18,13.69,0.01,30,41070,买盘
1783,11:14:15,13.68,-0.01,8,10944,卖盘
1784,11:14:09,13.69,--,30,41070,买盘
1785,11:14:06,13.69,0.01,42,57498,买盘
1786,11:14:00,13.68,-0.01,116,158961,卖盘
1787,11:13:57,13.69,0.01,15,20535,买盘
1788,11:13:54,13.68,0.01,511,699266,买盘
1789,11:13:51,13.67,-0.01,103,140801,卖盘
1790,11:13:48,13.68,0.01,86,117648,买盘
1791,11:13:39,13.67,-0.01,6,8202,卖盘
1792,11:13:36,13.68,--,30,41040,买盘
1793,11:13:33,13.68,--,1,1368,买盘
1794,11:13:30,13.68,--,148,202464,买盘
1795,11:13:15,13.68,--,31,42408,买盘
1796,11:13:12,13.68,--,17,23256,买盘
1797,11:13:06,13.68,--,30,41040,买盘
1798,11:13:03,13.68,--,7,9576,买盘
1799,11:12:57,13.68,0.01,30,41040,买盘
1800,11:12:51,13.67,-0.01,10,13670,卖盘
1801,11:12:48,13.68,0.01,38,51984,买盘
1802,11:12:42,13.67,-0.01,20,27340,卖盘
1803,11:12:39,13.68,0.01,40,54720,买盘
1804,11:12:36,13.67,--,1,1367,卖盘
1805,11:12:30,13.67,0.01,2,2734,卖盘
1806,11:12:24,13.66,-0.02,28,38248,卖盘
1807,11:12:21,13.68,--,118,161424,买盘
1808,11:12:18,13.68,0.01,190,259920,买盘
1809,11:12:15,13.67,--,29,39643,买盘
1810,11:12:12,13.67,--,636,869412,买盘
1811,11:12:06,13.67,--,72,98424,买盘
1812,11:12:03,13.67,--,1,1367,买盘
1813,11:12:00,13.67,--,13,17771,买盘
1814,11:11:57,13.67,0.01,29,39643,买盘
1815,11:11:54,13.66,-0.01,11,15026,卖盘
1816,11:11:51,13.67,--,11,15037,买盘
1817,11:11:48,13.67,--,190,259730,买盘
1818,11:11:45,13.67,0.01,60,82020,买盘
1819,11:11:42,13.66,-0.01,100,136600,卖盘
1820,11:11:39,13.67,0.01,31,42377,买盘
1821,11:11:36,13.66,--,5,6830,卖盘
1822,11:11:30,13.66,-0.01,55,75130,卖盘
1823,11:11:27,13.67,--,121,165407,买盘
1824,11:11:18,13.67,--,23,31441,买盘
1825,11:11:15,13.67,0.02,99,135333,买盘
1826,11:11:12,13.65,-0.02,20,27300,卖盘
1827,11:11:09,13.67,--,69,94323,买盘
1828,11:11:06,13.67,--,59,80653,买盘
1829,11:11:03,13.67,--,44,60148,买盘
1830,11:11:00,13.67,--,30,41010,买盘
1831,11:10:57,13.67,0.01,111,151737,买盘
1832,11:10:54,13.66,--,53,72398,买盘
1833,11:10:51,13.66,--,50,68300,买盘
1834,11:10:48,13.66,--,214,292324,买盘
1835,11:10:45,13.66,--,67,91522,买盘
1836,11:10:39,13.66,--,7,9562,买盘
1837,11:10:36,13.66,--,113,154358,买盘
1838,11:10:33,13.66,0.01,44,60104,买盘
1839,11:10:30,13.65,--,10,13650,卖盘
1840,11:10:27,13.65,-0.01,50,68250,卖盘
1841,11:10:24,13.66,--,44,60104,买盘
1842,11:10:18,13.66,--,70,95620,买盘
1843,11:10:09,13.66,--,31,42346,买盘
1844,11:10:00,13.66,--,372,508152,买盘
1845,11:09:57,13.66,0.01,30,40980,买盘
1846,11:09:54,13.65,-0.01,50,68250,卖盘
1847,11:09:45,13.66,--,30,40980,买盘
1848,11:09:36,13.66,0.01,31,42346,买盘
1849,11:09:33,13.65,--,58,79170,卖盘
1850,11:09:30,13.65,-0.01,10,13650,卖盘
1851,11:09:27,13.66,--,61,83326,买盘
1852,11:09:24,13.66,--,308,420728,买盘
1853,11:09:18,13.66,--,29,39614,买盘
1854,11:09:15,13.66,-0.01,1262,1725039,卖盘
1855,11:09:09,13.67,--,29,39643,买盘
1856,11:09:06,13.67,--,1,1367,买盘
1857,11:08:57,13.67,--,20,27340,买盘
1858,11:08:54,13.67,0.01,122,166774,买盘
1859,11:08:51,13.66,-0.01,7,9562,卖盘
1860,11:08:45,13.67,--,29,39643,买盘
1861,11:08:42,13.67,--,3,4101,买盘
1862,11:08:39,13.67,0.01,25,34175,买盘
1863,11:08:36,13.66,--,50,68300,卖盘
1864,11:08:30,13.66,--,20,27320,卖盘
1865,11:08:27,13.66,--,51,69666,卖盘
1866,11:08:21,13.66,--,22,30052,卖盘
1867,11:08:18,13.66,--,42,57372,卖盘
1868,11:08:12,13.66,--,23,31418,卖盘
1869,11:08:09,13.66,-0.01,77,105182,卖盘
1870,11:08:06,13.67,0.01,31,42377,买盘
1871,11:08:03,13.66,-0.01,13,17758,卖盘
1872,11:07:57,13.67,--,129,176343,买盘
1873,11:07:48,13.67,0.01,54,73818,买盘
1874,11:07:42,13.66,-0.01,30,40980,卖盘
1875,11:07:36,13.67,--,90,123030,买盘
1876,11:07:27,13.67,--,53,72451,买盘
1877,11:07:24,13.67,0.01,3,4101,买盘
1878,11:07:21,13.66,--,10,13660,卖盘
1879,11:07:18,13.66,--,42,57372,卖盘
1880,11:07:12,13.66,--,1,1366,卖盘
1881,11:07:06,13.66,--,52,71032,卖盘
1882,11:07:03,13.66,--,2,2732,卖盘
1883,11:07:00,13.66,-0.01,9,12294,卖盘
1884,11:06:57,13.67,--,36,49212,买盘
1885,11:06:54,13.67,0.01,44,60148,买盘
1886,11:06:48,13.66,-0.01,61,83326,卖盘
1887,11:06:42,13.67,--,21,28707,买盘
1888,11:06:36,13.67,--,51,69717,买盘
1889,11:06:33,13.67,0.01,34,46478,买盘
1890,11:06:30,13.66,-0.01,23,32510,卖盘
1891,11:06:27,13.67,0.01,37,50579,买盘
1892,11:06:24,13.66,-0.01,7,9562,卖盘
1893,11:06:21,13.67,--,22,30074,买盘
1894,11:06:18,13.67,0.01,5,6835,买盘
1895,11:06:15,13.66,--,58,79446,卖盘
1896,11:06:12,13.66,--,88,120208,卖盘
1897,11:06:06,13.66,--,106,144796,卖盘
1898,11:06:00,13.66,--,1,1366,卖盘
1899,11:05:57,13.66,-0.01,41,56006,卖盘
1900,11:05:48,13.67,--,34,46478,买盘
1901,11:05:45,13.67,--,26,35542,卖盘
1902,11:05:42,13.67,--,8,10936,卖盘
1903,11:05:39,13.67,--,11,15037,卖盘
1904,11:05:33,13.67,--,41,56047,卖盘
1905,11:05:30,13.67,--,43,58781,买盘
1906,11:05:27,13.67,--,13,17771,买盘
1907,11:05:24,13.67,0.01,51,69717,买盘
1908,11:05:21,13.66,--,175,239050,卖盘
1909,11:05:18,13.66,--,150,204900,卖盘
1910,11:05:15,13.66,-0.01,91,124306,卖盘
1911,11:05:12,13.67,0.01,28,38276,买盘
1912,11:05:06,13.66,--,164,224024,卖盘
1913,11:05:00,13.66,--,64,87424,卖盘
1914,11:04:57,13.66,--,48,65568,卖盘
1915,11:04:51,13.66,-0.01,6,8196,卖盘
1916,11:04:48,13.67,--,30,41010,买盘
1917,11:04:45,13.67,--,32,43744,买盘
1918,11:04:36,13.67,--,31,42377,买盘
1919,11:04:33,13.67,--,90,123030,卖盘
1920,11:04:30,13.67,-0.01,264,360888,卖盘
1921,11:04:24,13.68,0.01,179,244872,买盘
1922,11:04:21,13.67,-0.01,60,82020,卖盘
1923,11:04:18,13.68,0.01,12,16416,买盘
1924,11:04:15,13.67,--,82,112094,卖盘
1925,11:04:12,13.67,--,12,16404,卖盘
1926,11:04:06,13.67,-0.01,154,210518,卖盘
1927,11:04:00,13.68,--,256,350208,买盘
1928,11:03:57,13.68,--,71,97128,买盘
1929,11:03:54,13.68,0.01,30,41040,买盘
1930,11:03:51,13.67,--,35,47845,卖盘
1931,11:03:48,13.67,-0.01,10,13670,卖盘
1932,11:03:45,13.68,0.01,56,76608,买盘
1933,11:03:39,13.67,-0.01,27,36909,卖盘
1934,11:03:36,13.68,0.01,18,24624,中性盘
1935,11:03:33,13.67,--,120,164040,卖盘
1936,11:03:30,13.67,--,28,38276,卖盘
1937,11:03:27,13.67,--,40,54680,卖盘
1938,11:03:24,13.67,--,1,1367,卖盘
1939,11:03:18,13.67,--,71,97057,卖盘
1940,11:03:12,13.67,--,30,41010,卖盘
1941,11:03:09,13.67,--,21,28707,卖盘
1942,11:03:06,13.67,-0.01,33,45111,卖盘
1943,11:03:03,13.68,0.01,6,8208,买盘
1944,11:02:56,13.67,--,90,123030,卖盘
1945,11:02:53,13.67,--,50,68350,卖盘
1946,11:02:50,13.67,-0.02,134,183178,卖盘
1947,11:02:47,13.69,--,11,15059,卖盘
1948,11:02:44,13.69,0.02,85,116365,买盘
1949,11:02:41,13.67,--,8,10936,卖盘
1950,11:02:38,13.67,-0.01,5,6835,卖盘
1951,11:02:35,13.68,--,30,41040,买盘
1952,11:02:26,13.68,--,79,108619,卖盘
1953,11:02:20,13.68,-0.02,190,259920,卖盘
1954,11:02:14,13.7,0.02,107,146590,买盘
1955,11:02:11,13.68,-0.01,5,6840,卖盘
1956,11:02:08,13.69,-0.01,80,109520,中性盘
1957,11:01:53,13.7,0.02,40,54800,买盘
1958,11:01:50,13.68,-0.01,38,51984,卖盘
1959,11:01:47,13.69,--,2,2738,卖盘
1960,11:01:41,13.69,-0.01,28,38332,中性盘
1961,11:01:38,13.7,0.01,49,67130,买盘
1962,11:01:35,13.69,--,31,42439,买盘
1963,11:01:32,13.69,--,14,19166,买盘
1964,11:01:26,13.69,0.01,30,41070,买盘
1965,11:01:23,13.68,--,400,547200,卖盘
1966,11:01:20,13.68,-0.01,101,138168,卖盘
1967,11:01:17,13.69,0.01,48,65712,买盘
1968,11:01:14,13.68,-0.01,10,13680,卖盘
1969,11:01:05,13.69,--,37,50653,买盘
1970,11:01:02,13.69,--,56,76664,卖盘
1971,11:00:59,13.69,--,15,20535,卖盘
1972,11:00:53,13.69,--,46,62974,卖盘
1973,11:00:50,13.69,--,2,2738,卖盘
1974,11:00:44,13.69,--,302,413438,卖盘
1975,11:00:41,13.69,--,7,9583,卖盘
1976,11:00:38,13.69,--,2,2738,卖盘
1977,11:00:35,13.69,--,16,21904,卖盘
1978,11:00:29,13.69,0.01,74,101306,买盘
1979,11:00:26,13.68,--,209,285912,卖盘
1980,11:00:23,13.68,-0.01,1001,1369368,卖盘
1981,11:00:14,13.69,0.01,48,65712,买盘
1982,11:00:11,13.68,-0.01,4,5472,卖盘
1983,11:00:05,13.69,--,53,72557,买盘
1984,10:59:56,13.69,--,31,42439,买盘
1985,10:59:53,13.69,--,26,35594,卖盘
1986,10:59:50,13.69,--,3,4107,卖盘
1987,10:59:44,13.69,--,41,56129,卖盘
1988,10:59:41,13.69,--,51,69819,卖盘
1989,10:59:35,13.69,--,42,57498,卖盘
1990,10:59:32,13.69,--,25,34225,卖盘
1991,10:59:29,13.69,-0.01,99,135531,卖盘
1992,10:59:23,13.7,--,100,137000,买盘
1993,10:59:20,13.7,0.01,34,46580,买盘
1994,10:59:17,13.69,--,11,15059,卖盘
1995,10:59:14,13.69,-0.01,9,12321,中性盘
1996,10:59:08,13.7,0.01,138,189060,买盘
1997,10:59:05,13.69,-0.01,58,79402,卖盘
1998,10:58:56,13.7,--,29,39730,买盘
1999,10:58:50,13.7,0.01,131,179470,买盘
2000,10:58:47,13.69,--,41,56129,卖盘
2001,10:58:35,13.69,-0.01,263,360060,卖盘
2002,10:58:32,13.7,0.01,1,1370,买盘
2003,10:58:26,13.69,-0.01,40,54760,卖盘
2004,10:58:23,13.7,0.01,39,53430,买盘
2005,10:58:20,13.69,-0.01,6,8214,卖盘
2006,10:58:17,13.7,--,82,112340,买盘
2007,10:58:14,13.7,0.01,32,43840,买盘
2008,10:58:05,13.69,--,237,324453,卖盘
2009,10:58:02,13.69,--,53,72557,卖盘
2010,10:57:59,13.69,-0.01,22,30118,卖盘
2011,10:57:56,13.7,--,131,179470,买盘
2012,10:57:53,13.7,--,16,21920,买盘
2013,10:57:47,13.7,--,32,43840,买盘
2014,10:57:44,13.7,--,131,179470,买盘
2015,10:57:35,13.7,--,40,54800,买盘
2016,10:57:32,13.7,--,22,30140,买盘
2017,10:57:23,13.7,--,33,45210,买盘
2018,10:57:17,13.7,--,22,30140,买盘
2019,10:57:14,13.7,--,30,41100,买盘
2020,10:57:08,13.7,--,12,16440,买盘
2021,10:57:05,13.7,--,30,41100,买盘
2022,10:57:02,13.7,0.01,1,1370,买盘
2023,10:56:59,13.69,-0.01,15,20535,卖盘
2024,10:56:56,13.7,--,39,53430,买盘
2025,10:56:53,13.7,--,39,53430,买盘
2026,10:56:50,13.7,--,11,15070,买盘
2027,10:56:47,13.7,--,34,46580,买盘
2028,10:56:44,13.7,--,39,53430,买盘
2029,10:56:41,13.7,--,207,283590,买盘
2030,10:56:35,13.7,--,30,41100,买盘
2031,10:56:23,13.7,0.01,422,578140,买盘
2032,10:56:20,13.69,-0.01,11,15059,卖盘
2033,10:56:14,13.7,0.01,31,42470,买盘
2034,10:56:11,13.69,--,4,5476,卖盘
2035,10:56:08,13.69,--,49,68436,买盘
2036,10:56:05,13.69,0.01,30,41070,买盘
2037,10:56:02,13.68,-0.01,405,554040,卖盘
2038,10:55:59,13.69,--,10,13690,买盘
2039,10:55:53,13.69,--,40,54760,买盘
2040,10:55:50,13.69,--,388,531172,买盘
2041,10:55:47,13.69,--,61,83509,买盘
2042,10:55:41,13.69,--,25,34225,买盘
2043,10:55:35,13.69,-0.01,279,381964,卖盘
2044,10:55:29,13.7,0.01,650,890500,买盘
2045,10:55:26,13.69,--,85,116365,卖盘
2046,10:55:23,13.69,--,147,201243,卖盘
2047,10:55:20,13.69,-0.01,290,397010,卖盘
2048,10:55:17,13.7,0.01,91,124670,买盘
2049,10:55:14,13.69,--,39,53391,卖盘
2050,10:55:11,13.69,--,22,30118,卖盘
2051,10:55:05,13.69,-0.01,40,54760,卖盘
2052,10:55:02,13.7,--,14,19180,买盘
2053,10:54:59,13.7,0.01,29,39730,买盘
2054,10:54:56,13.69,--,184,251896,卖盘
2055,10:54:50,13.69,--,161,220409,卖盘
2056,10:54:47,13.69,-0.01,221,302549,卖盘
2057,10:54:44,13.7,0.01,82,112340,买盘
2058,10:54:41,13.69,-0.01,20,27380,卖盘
2059,10:54:38,13.7,0.01,74,101380,买盘
2060,10:54:35,13.69,-0.01,40,54760,卖盘
2061,10:54:32,13.7,--,10,13700,买盘
2062,10:54:29,13.7,0.01,139,190430,买盘
2063,10:54:26,13.69,--,41,56129,卖盘
2064,10:54:23,13.69,--,10,13690,卖盘
2065,10:54:20,13.69,--,9,12321,卖盘
2066,10:54:17,13.69,-0.01,51,69819,卖盘
2067,10:54:11,13.7,--,22,30140,买盘
2068,10:54:08,13.7,--,20,27400,买盘
2069,10:54:05,13.7,--,247,338390,卖盘
2070,10:53:59,13.7,-0.01,24,32880,卖盘
2071,10:53:53,13.71,0.01,53,72663,买盘
2072,10:53:50,13.7,--,50,68500,买盘
2073,10:53:47,13.7,--,3,4110,卖盘
2074,10:53:44,13.7,-0.01,26,35620,中性盘
2075,10:53:41,13.71,0.02,628,860988,买盘
2076,10:53:35,13.69,-0.01,48,65712,卖盘
2077,10:53:32,13.7,0.01,250,342500,买盘
2078,10:53:29,13.69,--,5,6845,卖盘
2079,10:53:26,13.69,-0.01,41,56129,卖盘
2080,10:53:23,13.7,--,50,68500,买盘
2081,10:53:20,13.7,0.01,258,353460,买盘
2082,10:53:17,13.69,-0.01,104,142376,卖盘
2083,10:53:14,13.7,--,33,45210,买盘
2084,10:53:11,13.7,--,10,13700,卖盘
2085,10:53:08,13.7,--,11,15070,卖盘
2086,10:53:05,13.7,--,41,56170,卖盘
2087,10:53:02,13.7,-0.01,94,128780,卖盘
2088,10:52:59,13.71,0.01,77,105567,买盘
2089,10:52:56,13.7,--,101,138370,卖盘
2090,10:52:53,13.7,--,6,8220,卖盘
2091,10:52:50,13.7,--,60,82200,卖盘
2092,10:52:44,13.7,--,53,72610,卖盘
2093,10:52:41,13.7,--,38,52060,卖盘
2094,10:52:38,13.7,--,91,124670,卖盘
2095,10:52:35,13.7,--,579,793230,买盘
2096,10:52:32,13.7,--,265,363050,买盘
2097,10:52:29,13.7,0.01,13,17810,买盘
2098,10:52:26,13.69,-0.01,54,73926,卖盘
2099,10:52:23,13.7,--,29,39730,买盘
2100,10:52:20,13.7,0.01,32,43840,买盘
2101,10:52:17,13.69,-0.01,2026,2773594,卖盘
2102,10:52:14,13.7,--,102,139740,买盘
2103,10:52:08,13.7,0.01,100,137000,买盘
2104,10:52:05,13.69,-0.01,164,225611,卖盘
2105,10:51:59,13.7,0.01,39,53430,买盘
2106,10:51:56,13.69,-0.01,40,54760,卖盘
2107,10:51:53,13.7,0.01,234,320580,买盘
2108,10:51:50,13.69,--,32,43808,卖盘
2109,10:51:47,13.69,-0.01,46,62974,卖盘
2110,10:51:44,13.7,--,38,52060,买盘
2111,10:51:41,13.7,0.01,23,31510,买盘
2112,10:51:38,13.69,-0.01,113,154697,卖盘
2113,10:51:32,13.7,--,15,20550,买盘
2114,10:51:29,13.7,--,3,4110,买盘
2115,10:51:23,13.7,--,30,41100,买盘
2116,10:51:20,13.7,--,50,68500,买盘
2117,10:51:17,13.7,--,67,91790,买盘
2118,10:51:14,13.7,--,371,508270,买盘
2119,10:51:08,13.7,0.01,4,5480,买盘
2120,10:51:05,13.69,-0.01,227,310763,卖盘
2121,10:50:56,13.7,--,36,49320,买盘
2122,10:50:50,13.7,0.01,301,412370,买盘
2123,10:50:47,13.69,--,72,98568,卖盘
2124,10:50:44,13.69,--,60,82140,卖盘
2125,10:50:38,13.69,-0.01,315,431235,卖盘
2126,10:50:35,13.7,--,60,82200,买盘
2127,10:50:26,13.7,--,29,39730,买盘
2128,10:50:23,13.7,--,150,205500,买盘
2129,10:50:20,13.7,0.01,80,109600,买盘
2130,10:50:17,13.69,--,873,1195397,买盘
2131,10:50:14,13.69,0.01,34,46546,买盘
2132,10:50:11,13.68,--,43,58824,卖盘
2133,10:50:08,13.68,--,53,72504,卖盘
2134,10:50:05,13.68,--,205,280440,卖盘
2135,10:49:59,13.68,--,84,114912,卖盘
2136,10:49:56,13.68,--,296,405748,买盘
2137,10:49:53,13.68,--,12,16416,买盘
2138,10:49:50,13.68,--,22,30096,买盘
2139,10:49:44,13.68,--,31,42408,买盘
2140,10:49:38,13.68,--,82,112176,卖盘
2141,10:49:35,13.68,--,557,761976,卖盘
2142,10:49:32,13.68,--,40,54720,卖盘
2143,10:49:29,13.68,--,11,15048,卖盘
2144,10:49:26,13.68,--,150,205200,卖盘
2145,10:49:23,13.68,--,2,2736,卖盘
2146,10:49:17,13.68,--,6,8208,卖盘
2147,10:49:14,13.68,--,140,191520,卖盘
2148,10:49:11,13.68,--,10,13680,卖盘
2149,10:49:08,13.68,--,144,196992,卖盘
2150,10:49:05,13.68,--,79,108072,卖盘
2151,10:49:02,13.68,--,10,13680,卖盘
2152,10:48:59,13.68,-0.01,11,15048,卖盘
2153,10:48:53,13.69,0.01,52,71188,买盘
2154,10:48:50,13.68,--,81,110808,卖盘
2155,10:48:47,13.68,-0.01,40,54720,卖盘
2156,10:48:44,13.69,0.01,49,67081,买盘
2157,10:48:38,13.68,--,26,35568,卖盘
2158,10:48:35,13.68,-0.01,59,80712,卖盘
2159,10:48:32,13.69,0.01,16,21904,买盘
2160,10:48:26,13.68,--,111,151848,卖盘
2161,10:48:20,13.68,--,40,54720,卖盘
2162,10:48:17,13.68,--,64,87552,卖盘
2163,10:48:14,13.68,-0.01,5,6840,卖盘
2164,10:48:08,13.69,--,41,56129,买盘
2165,10:48:05,13.69,--,76,104044,买盘
2166,10:48:02,13.69,0.01,59,80771,买盘
2167,10:47:56,13.68,-0.01,128,175104,卖盘
2168,10:47:53,13.69,0.02,155,212195,买盘
2169,10:47:50,13.67,-0.02,242,330814,卖盘
2170,10:47:47,13.69,--,9,12321,买盘
2171,10:47:44,13.69,0.01,18,24642,买盘
2172,10:47:41,13.68,0.01,17,23256,买盘
2173,10:47:38,13.67,-0.01,628,858476,卖盘
2174,10:47:32,13.68,--,57,77976,买盘
2175,10:47:26,13.68,0.01,126,172368,买盘
2176,10:47:20,13.67,--,5,6835,卖盘
2177,10:47:11,13.67,--,10,13670,卖盘
2178,10:47:08,13.67,--,167,228302,买盘
2179,10:47:05,13.67,--,57,77919,买盘
2180,10:46:59,13.67,--,36,49212,买盘
2181,10:46:56,13.67,--,70,95690,买盘
2182,10:46:53,13.67,--,50,69703,卖盘
2183,10:46:50,13.67,--,47,64249,卖盘
2184,10:46:47,13.67,-0.01,50,68350,卖盘
2185,10:46:44,13.68,0.01,32,43776,买盘
2186,10:46:41,13.67,-0.01,33,45124,卖盘
2187,10:46:38,13.68,0.01,23,31464,买盘
2188,10:46:35,13.67,-0.02,140,191380,卖盘
2189,10:46:32,13.69,0.01,8,10952,买盘
2190,10:46:29,13.68,-0.01,63,86184,卖盘
2191,10:46:26,13.69,0.01,54,73926,买盘
2192,10:46:23,13.68,--,50,68400,卖盘
2193,10:46:20,13.68,--,14,19152,卖盘
2194,10:46:17,13.68,--,116,158688,买盘
2195,10:46:14,13.68,0.01,29,39672,买盘
2196,10:46:02,13.67,--,4,5468,买盘
2197,10:45:59,13.67,-0.02,9,12303,中性盘
2198,10:45:56,13.69,0.02,2028,2776332,买盘
2199,10:45:50,13.67,--,7,9569,卖盘
2200,10:45:47,13.67,--,20,27340,卖盘
2201,10:45:44,13.67,--,64,87488,买盘
2202,10:45:41,13.67,0.01,3,4101,买盘
2203,10:45:38,13.66,-0.01,16,22129,卖盘
2204,10:45:35,13.67,--,30,41010,买盘
2205,10:45:32,13.67,-0.01,2,2734,卖盘
2206,10:45:29,13.68,--,27,36936,买盘
2207,10:45:26,13.68,--,18,24624,买盘
2208,10:45:23,13.68,--,30,41040,买盘
2209,10:45:20,13.68,--,1515,2073614,买盘
2210,10:45:17,13.68,0.01,210,287280,买盘
2211,10:45:13,13.67,--,47,64249,卖盘
2212,10:45:10,13.67,--,33,45111,卖盘
2213,10:45:07,13.67,--,10,13670,卖盘
2214,10:45:04,13.67,-0.01,43,58781,卖盘
2215,10:45:01,13.68,--,5,6840,买盘
2216,10:44:55,13.68,0.01,29,39672,买盘
2217,10:44:52,13.67,--,2,2734,卖盘
2218,10:44:49,13.67,-0.01,48,65616,卖盘
2219,10:44:46,13.68,0.01,29,39672,买盘
2220,10:44:40,13.67,-0.01,2010,2747670,卖盘
2221,10:44:37,13.68,0.01,51,70041,买盘
2222,10:44:25,13.67,-0.02,200,273400,卖盘
2223,10:44:22,13.69,0.01,150,205350,买盘
2224,10:44:19,13.68,0.01,156,213408,买盘
2225,10:44:16,13.67,-0.01,71,97057,卖盘
2226,10:44:13,13.68,0.01,5,6840,买盘
2227,10:44:07,13.67,-0.01,228,311676,卖盘
2228,10:44:04,13.68,--,14,19152,买盘
2229,10:43:58,13.68,0.01,23,31464,买盘
2230,10:43:55,13.67,-0.01,52,71084,卖盘
2231,10:43:49,13.68,--,122,166896,卖盘
2232,10:43:46,13.68,--,28,38304,买盘
2233,10:43:43,13.68,--,133,181944,买盘
2234,10:43:40,13.68,--,17,23256,卖盘
2235,10:43:37,13.68,-0.01,19,25992,中性盘
2236,10:43:31,13.69,0.01,175,240026,买盘
2237,10:43:28,13.68,--,33,45144,卖盘
2238,10:43:25,13.68,--,36,49248,卖盘
2239,10:43:22,13.68,--,79,108072,卖盘
2240,10:43:19,13.68,--,153,209304,卖盘
2241,10:43:16,13.68,--,75,102600,卖盘
2242,10:43:13,13.68,--,35,47880,卖盘
2243,10:43:10,13.68,--,33,45144,卖盘
2244,10:43:07,13.68,-0.01,125,171000,卖盘
2245,10:43:04,13.69,0.01,146,199874,买盘
2246,10:42:58,13.68,--,63,86184,卖盘
2247,10:42:52,13.68,--,248,340180,买盘
2248,10:42:49,13.68,--,34,46512,买盘
2249,10:42:43,13.68,--,29,39672,买盘
2250,10:42:37,13.68,-0.01,678,927955,卖盘
2251,10:42:31,13.69,0.01,14,19166,买盘
2252,10:42:28,13.68,--,2,2736,卖盘
2253,10:42:19,13.68,--,545,745560,卖盘
2254,10:42:16,13.68,-0.01,76,103968,卖盘
2255,10:42:13,13.69,0.01,286,391534,买盘
2256,10:42:10,13.68,-0.01,10,13680,卖盘
2257,10:42:07,13.69,--,12,16428,买盘
2258,10:42:04,13.69,0.01,180,246420,买盘
2259,10:42:01,13.68,-0.01,426,582768,卖盘
2260,10:41:58,13.69,--,22,30118,买盘
2261,10:41:55,13.69,--,75,102675,买盘
2262,10:41:52,13.69,0.01,139,190291,买盘
2263,10:41:49,13.68,--,14,19152,卖盘
2264,10:41:46,13.68,-0.01,20,27360,卖盘
2265,10:41:43,13.69,--,38,52022,买盘
2266,10:41:40,13.69,0.01,88,120472,买盘
2267,10:41:37,13.68,--,85,116280,卖盘
2268,10:41:31,13.68,-0.01,2,2736,卖盘
2269,10:41:28,13.69,0.01,30,41070,买盘
2270,10:41:25,13.68,--,34,46512,卖盘
2271,10:41:22,13.68,-0.01,6,8208,卖盘
2272,10:41:19,13.69,--,63,86247,买盘
2273,10:41:10,13.69,--,17,23273,买盘
2274,10:41:07,13.69,0.01,276,377844,买盘
2275,10:41:04,13.68,-0.01,10,13680,卖盘
2276,10:41:01,13.69,--,43,58867,买盘
2277,10:40:58,13.69,0.01,45,61605,买盘
2278,10:40:55,13.68,-0.01,113,154584,卖盘
2279,10:40:52,13.69,--,89,121841,买盘
2280,10:40:49,13.69,0.01,31,42439,买盘
2281,10:40:46,13.68,-0.01,49,67032,卖盘
2282,10:40:43,13.69,0.01,40,54760,买盘
2283,10:40:40,13.68,--,23,31464,卖盘
2284,10:40:37,13.68,--,15,20520,卖盘
2285,10:40:34,13.68,--,45,61560,卖盘
2286,10:40:31,13.68,--,50,68400,卖盘
2287,10:40:28,13.68,--,8,10944,卖盘
2288,10:40:25,13.68,--,134,183312,卖盘
2289,10:40:22,13.68,--,47,64296,卖盘
2290,10:40:19,13.68,--,234,321028,买盘
2291,10:40:16,13.68,0.01,64,87552,买盘
2292,10:40:13,13.67,-0.01,16,21872,卖盘
2293,10:40:10,13.68,0.01,15,20520,买盘
2294,10:40:07,13.67,-0.01,10,13670,卖盘
2295,10:40:01,13.68,--,38,51984,买盘
2296,10:39:52,13.68,0.01,42,57456,买盘
2297,10:39:43,13.67,-0.01,42,57414,卖盘
2298,10:39:37,13.68,0.01,86,117648,买盘
2299,10:39:34,13.67,0.01,437,597379,中性盘
2300,10:39:28,13.66,-0.01,203,277298,卖盘
2301,10:39:25,13.67,-0.01,7,9569,卖盘
2302,10:39:22,13.68,0.02,2122,2902896,买盘
2303,10:39:16,13.66,-0.01,69,94254,卖盘
2304,10:39:13,13.67,0.01,38,51946,买盘
2305,10:39:07,13.66,-0.01,33,45078,卖盘
2306,10:39:04,13.67,0.01,32,43744,买盘
2307,10:39:01,13.66,--,1,1366,卖盘
2308,10:38:55,13.66,--,89,121574,卖盘
2309,10:38:52,13.66,0.01,654,893364,买盘
2310,10:38:46,13.65,--,2,2730,卖盘
2311,10:38:43,13.65,--,99,135135,卖盘
2312,10:38:37,13.65,--,5,6825,卖盘
2313,10:38:34,13.65,--,38,51870,卖盘
2314,10:38:31,13.65,-0.01,20,27300,卖盘
2315,10:38:22,13.66,0.01,66,90156,买盘
2316,10:38:19,13.65,-0.01,15,20475,卖盘
2317,10:38:13,13.66,0.01,29,39614,买盘
2318,10:38:10,13.65,--,20,27300,卖盘
2319,10:38:07,13.65,-0.01,1072,1463280,卖盘
2320,10:38:04,13.66,--,33,45078,卖盘
2321,10:38:01,13.66,-0.01,65,88790,买盘
2322,10:37:55,13.67,0.01,264,360888,买盘
2323,10:37:52,13.66,--,29,40160,卖盘
2324,10:37:46,13.66,--,63,86058,卖盘
2325,10:37:43,13.66,--,391,534106,卖盘
2326,10:37:37,13.66,--,47,64202,卖盘
2327,10:37:34,13.66,-0.01,162,221292,卖盘
2328,10:37:31,13.67,0.01,65,88855,买盘
2329,10:37:28,13.66,--,48,65568,卖盘
2330,10:37:25,13.66,--,25,34150,卖盘
2331,10:37:22,13.66,--,48,65568,卖盘
2332,10:37:19,13.66,--,16,21856,卖盘
2333,10:37:16,13.66,--,50,68300,卖盘
2334,10:37:13,13.66,-0.01,186,254076,卖盘
2335,10:37:10,13.67,--,11,15037,买盘
2336,10:37:04,13.67,--,108,147636,买盘
2337,10:36:55,13.67,-0.01,282,385494,卖盘
2338,10:36:52,13.68,0.01,51,69768,买盘
2339,10:36:46,13.67,--,31,42377,卖盘
2340,10:36:43,13.67,--,1149,1570683,卖盘
2341,10:36:40,13.67,--,56,76552,卖盘
2342,10:36:34,13.67,--,77,105259,卖盘
2343,10:36:28,13.67,--,55,75185,卖盘
2344,10:36:25,13.67,--,22,30074,卖盘
2345,10:36:22,13.67,--,25,34175,卖盘
2346,10:36:19,13.67,-0.01,4,5468,卖盘
2347,10:36:16,13.68,0.01,17,23256,买盘
2348,10:36:13,13.67,--,116,158572,卖盘
2349,10:36:10,13.67,--,6,8202,卖盘
2350,10:36:07,13.67,-0.01,113,154471,卖盘
2351,10:36:04,13.68,--,5,6840,买盘
2352,10:36:01,13.68,0.01,290,396720,买盘
2353,10:35:55,13.67,-0.01,39,53313,卖盘
2354,10:35:52,13.68,--,80,109440,买盘
2355,10:35:49,13.68,--,38,51984,买盘
2356,10:35:46,13.68,0.01,40,54720,买盘
2357,10:35:43,13.67,-0.01,11,15037,卖盘
2358,10:35:40,13.68,--,10,13680,买盘
2359,10:35:37,13.68,--,37,50616,买盘
2360,10:35:34,13.68,--,30,41040,买盘
2361,10:35:31,13.68,0.01,14,19152,买盘
2362,10:35:22,13.67,--,23,31441,卖盘
2363,10:35:19,13.67,-0.01,165,226279,卖盘
2364,10:35:16,13.68,--,98,134064,卖盘
2365,10:35:13,13.68,--,97,132696,卖盘
2366,10:35:10,13.68,--,16,21888,卖盘
2367,10:35:07,13.68,-0.01,41,56088,卖盘
2368,10:35:04,13.69,0.02,868,1188935,买盘
2369,10:35:01,13.67,-0.01,35,47845,卖盘
2370,10:34:58,13.68,0.01,13,17784,买盘
2371,10:34:55,13.67,-0.01,30,41010,卖盘
2372,10:34:52,13.68,--,134,183312,买盘
2373,10:34:49,13.68,--,364,497952,买盘
2374,10:34:46,13.68,0.01,151,206568,买盘
2375,10:34:43,13.67,--,272,371824,卖盘
2376,10:34:37,13.67,-0.01,4,5468,卖盘
2377,10:34:37,13.68,0.01,18,24624,买盘
2378,10:34:31,13.67,-0.01,23,31441,卖盘
2379,10:34:28,13.68,0.01,57,77976,买盘
2380,10:34:25,13.67,--,608,831136,卖盘
2381,10:34:22,13.67,--,381,520827,卖盘
2382,10:34:19,13.67,--,14,19138,卖盘
2383,10:34:13,13.67,--,23,31441,卖盘
2384,10:34:10,13.67,--,41,56047,买盘
2385,10:34:07,13.67,--,10,13670,买盘
2386,10:34:04,13.67,--,38,51946,买盘
2387,10:34:01,13.67,-0.01,27,36909,买盘
2388,10:33:58,13.68,--,41,56088,买盘
2389,10:33:55,13.68,0.02,140,192340,买盘
2390,10:33:52,13.66,--,23,31418,卖盘
2391,10:33:49,13.66,--,79,107914,卖盘
2392,10:33:43,13.66,--,23,31418,卖盘
2393,10:33:37,13.66,-0.01,23,31418,卖盘
2394,10:33:34,13.67,-0.01,55,75185,卖盘
2395,10:33:31,13.68,0.01,559,764712,买盘
2396,10:33:28,13.67,--,505,690335,卖盘
2397,10:33:25,13.67,-0.01,20,27340,卖盘
2398,10:33:19,13.68,0.01,145,198360,买盘
2399,10:33:16,13.67,--,29,39643,卖盘
2400,10:33:13,13.67,--,25,34175,卖盘
2401,10:33:07,13.67,-0.01,110,150370,卖盘
2402,10:33:04,13.68,0.01,161,220248,买盘
2403,10:33:01,13.67,0.01,1580,2159860,买盘
2404,10:32:55,13.66,--,5,6830,卖盘
2405,10:32:49,13.66,-0.01,30,40980,卖盘
2406,10:32:46,13.67,0.01,18,24606,买盘
2407,10:32:40,13.66,-0.01,216,295056,卖盘
2408,10:32:34,13.67,--,36,49212,买盘
2409,10:32:31,13.67,-0.01,70,95690,卖盘
2410,10:32:22,13.68,--,52,71136,买盘
2411,10:32:16,13.68,0.01,342,467856,买盘
2412,10:32:13,13.67,--,155,211885,买盘
2413,10:32:10,13.67,--,5,6835,买盘
2414,10:32:07,13.67,-0.01,32,43744,卖盘
2415,10:32:04,13.68,--,8,10944,买盘
2416,10:32:01,13.68,--,44,60192,买盘
2417,10:31:55,13.68,--,100,136800,买盘
2418,10:31:52,13.68,0.01,32,43776,买盘
2419,10:31:49,13.67,-0.01,60,82020,卖盘
2420,10:31:46,13.68,--,168,229824,买盘
2421,10:31:43,13.68,0.01,302,413136,买盘
2422,10:31:40,13.67,-0.01,156,213252,卖盘
2423,10:31:37,13.68,0.01,124,169632,买盘
2424,10:31:34,13.67,--,51,69717,卖盘
2425,10:31:31,13.67,-0.01,183,250161,卖盘
2426,10:31:28,13.68,--,33,45144,买盘
2427,10:31:25,13.68,0.01,1015,1388520,买盘
2428,10:31:22,13.67,--,502,686234,卖盘
2429,10:31:19,13.67,-0.01,70,95690,卖盘
2430,10:31:16,13.68,0.02,719,983961,买盘
2431,10:31:13,13.66,-0.01,556,759496,卖盘
2432,10:31:07,13.67,--,36,49212,买盘
2433,10:31:04,13.67,--,173,236491,买盘
2434,10:30:58,13.67,--,260,355420,买盘
2435,10:30:55,13.67,--,294,401898,买盘
2436,10:30:49,13.67,--,4,5468,买盘
2437,10:30:46,13.67,--,130,177710,买盘
2438,10:30:40,13.67,--,43,58781,买盘
2439,10:30:37,13.67,--,116,158572,买盘
2440,10:30:34,13.67,0.01,55,75185,买盘
2441,10:30:31,13.66,-0.01,103,140698,中性盘
2442,10:30:28,13.67,--,275,375925,买盘
2443,10:30:25,13.67,--,2,2734,买盘
2444,10:30:22,13.67,--,163,222821,买盘
2445,10:30:19,13.67,--,101,138067,买盘
2446,10:30:16,13.67,0.01,31,42377,买盘
2447,10:30:13,13.66,--,110,150260,买盘
2448,10:30:10,13.66,--,29,39614,买盘
2449,10:30:07,13.66,--,338,461708,买盘
2450,10:30:04,13.66,--,173,236318,买盘
2451,10:30:01,13.66,--,43,58738,买盘
2452,10:29:58,13.66,--,1432,1956112,买盘
2453,10:29:49,13.66,--,13,17758,买盘
2454,10:29:46,13.66,--,182,248612,买盘
2455,10:29:40,13.66,--,135,184423,买盘
2456,10:29:34,13.66,0.01,13,17758,买盘
2457,10:29:31,13.65,--,3,4095,卖盘
2458,10:29:28,13.65,0.01,102,139230,买盘
2459,10:29:25,13.64,-0.01,10,13640,卖盘
2460,10:29:19,13.65,--,76,103740,买盘
2461,10:29:16,13.65,0.01,78,106470,买盘
2462,10:29:13,13.64,-0.01,80,109120,卖盘
2463,10:29:10,13.65,--,114,155610,买盘
2464,10:29:07,13.65,--,11,15015,买盘
2465,10:29:01,13.65,--,1,1365,买盘
2466,10:28:58,13.65,--,10,13650,买盘
2467,10:28:52,13.65,--,12,16380,买盘
2468,10:28:49,13.65,--,58,79170,买盘
2469,10:28:46,13.65,--,173,236145,买盘
2470,10:28:43,13.65,--,121,165165,卖盘
2471,10:28:40,13.65,--,35,47775,卖盘
2472,10:28:37,13.65,--,13,17745,卖盘
2473,10:28:34,13.65,--,41,55965,卖盘
2474,10:28:28,13.65,--,7,9555,买盘
2475,10:28:25,13.65,--,98,133770,买盘
2476,10:28:22,13.65,--,37,50505,买盘
2477,10:28:16,13.65,--,81,110565,卖盘
2478,10:28:13,13.65,--,43,58695,买盘
2479,10:28:10,13.65,-0.01,30,40950,卖盘
2480,10:28:07,13.66,0.01,22,30052,买盘
2481,10:28:04,13.65,--,44,61056,卖盘
2482,10:28:01,13.65,--,38,51870,卖盘
2483,10:27:58,13.65,-0.01,65,88725,卖盘
2484,10:27:55,13.66,--,44,60104,买盘
2485,10:27:52,13.66,0.01,33,45078,买盘
2486,10:27:49,13.65,--,89,121485,卖盘
2487,10:27:46,13.65,--,21,28665,卖盘
2488,10:27:43,13.65,--,100,136500,卖盘
2489,10:27:40,13.65,--,231,315315,卖盘
2490,10:27:37,13.65,--,22,30030,卖盘
2491,10:27:34,13.65,--,110,150150,卖盘
2492,10:27:31,13.65,--,53,72345,卖盘
2493,10:27:28,13.65,--,1258,1717170,卖盘
2494,10:27:22,13.65,--,75,102375,卖盘
2495,10:27:19,13.65,--,63,85995,卖盘
2496,10:27:16,13.65,--,199,271635,卖盘
2497,10:27:13,13.65,-0.01,25,34125,卖盘
2498,10:27:10,13.66,0.01,36,49176,买盘
2499,10:27:07,13.65,-0.01,10,13650,卖盘
2500,10:27:04,13.66,0.01,109,148894,买盘
2501,10:26:58,13.65,--,105,143325,卖盘
2502,10:26:55,13.65,--,56,76440,卖盘
2503,10:26:52,13.65,--,514,701610,卖盘
2504,10:26:49,13.65,-0.01,160,218400,卖盘
2505,10:26:46,13.66,0.01,57,77862,买盘
2506,10:26:43,13.65,--,39,53235,卖盘
2507,10:26:40,13.65,-0.01,98,133770,卖盘
2508,10:26:34,13.66,0.01,28,38248,买盘
2509,10:26:31,13.65,--,70,95550,卖盘
2510,10:26:28,13.65,--,43,58695,卖盘
2511,10:26:25,13.65,--,40,54600,卖盘
2512,10:26:22,13.65,--,114,155978,买盘
2513,10:26:19,13.65,--,40,54600,买盘
2514,10:26:13,13.65,--,91,124215,买盘
2515,10:26:10,13.65,--,10,13650,买盘
2516,10:26:06,13.65,0.01,4,5460,买盘
2517,10:26:03,13.64,-0.01,5,6820,卖盘
2518,10:25:57,13.65,--,66,91086,卖盘
2519,10:25:51,13.65,--,127,173355,卖盘
2520,10:25:48,13.65,--,42,57330,卖盘
2521,10:25:45,13.65,--,33,45045,卖盘
2522,10:25:42,13.65,--,10,13650,卖盘
2523,10:25:39,13.65,--,13,17745,卖盘
2524,10:25:36,13.65,--,963,1314863,买盘
2525,10:25:33,13.65,0.01,11,15015,买盘
2526,10:25:30,13.64,-0.01,2,2728,卖盘
2527,10:25:24,13.65,0.01,21,28665,买盘
2528,10:25:21,13.64,--,27,36828,卖盘
2529,10:25:18,13.64,-0.01,32,43648,买盘
2530,10:25:15,13.65,--,638,870870,买盘
2531,10:25:12,13.65,--,662,903630,买盘
2532,10:25:09,13.65,0.02,351,479115,买盘
2533,10:25:00,13.63,-0.01,49,66787,卖盘
2534,10:24:57,13.64,--,58,79112,买盘
2535,10:24:51,13.64,--,307,418748,买盘
2536,10:24:45,13.64,-0.01,333,455303,卖盘
2537,10:24:42,13.65,0.01,92,125580,买盘
2538,10:24:39,13.64,-0.01,26,35736,买盘
2539,10:24:36,13.65,--,41,55965,买盘
2540,10:24:33,13.65,--,892,1217580,买盘
2541,10:24:30,13.65,0.01,83,113295,买盘
2542,10:24:27,13.64,--,90,122760,卖盘
2543,10:24:24,13.64,--,176,240064,卖盘
2544,10:24:18,13.64,--,281,383284,卖盘
2545,10:24:15,13.64,-0.01,109,148676,卖盘
2546,10:24:12,13.65,--,132,180180,买盘
2547,10:24:09,13.65,0.01,221,301665,买盘
2548,10:24:06,13.64,-0.01,6,8184,卖盘
2549,10:24:03,13.65,--,45,61425,买盘
2550,10:24:00,13.65,0.01,175,238875,买盘
2551,10:23:51,13.64,--,580,791120,卖盘
2552,10:23:48,13.64,--,8,10912,卖盘
2553,10:23:45,13.64,--,51,69564,卖盘
2554,10:23:42,13.64,0.01,585,797940,买盘
2555,10:23:39,13.63,--,16,21808,卖盘
2556,10:23:36,13.63,-0.01,12,16356,卖盘
2557,10:23:33,13.64,0.01,34,46376,买盘
2558,10:23:30,13.63,-0.01,20,27260,卖盘
2559,10:23:27,13.64,--,1011,1379004,买盘
2560,10:23:21,13.64,--,436,594704,买盘
2561,10:23:15,13.64,--,8,10912,买盘
2562,10:23:12,13.64,--,208,283712,买盘
2563,10:23:09,13.64,-0.01,76,103664,卖盘
2564,10:23:06,13.65,0.01,60,81900,买盘
2565,10:23:03,13.64,-0.01,89,121396,卖盘
2566,10:23:00,13.65,--,75,102375,买盘
2567,10:22:57,13.65,0.01,23,31395,买盘
2568,10:22:54,13.64,--,156,213957,买盘
2569,10:22:51,13.64,--,1133,1545412,买盘
2570,10:22:48,13.64,--,101,137764,买盘
2571,10:22:42,13.64,--,200,272800,买盘
2572,10:22:39,13.64,0.01,99,135036,买盘
2573,10:22:36,13.63,-0.01,198,269874,卖盘
2574,10:22:33,13.64,0.01,29,39556,买盘
2575,10:22:30,13.63,--,36,49068,卖盘
2576,10:22:27,13.63,--,389,530397,买盘
2577,10:22:24,13.63,0.01,43,58609,买盘
2578,10:22:18,13.62,-0.01,88,119856,卖盘
2579,10:22:15,13.63,--,77,104951,买盘
2580,10:22:12,13.63,--,98,133574,买盘
2581,10:22:09,13.63,--,149,203087,买盘
2582,10:22:06,13.63,0.01,126,171738,买盘
2583,10:22:03,13.62,--,37,50394,卖盘
2584,10:22:00,13.62,0.01,57,77634,买盘
2585,10:21:57,13.61,-0.01,33,44913,卖盘
2586,10:21:54,13.62,0.01,10,13620,买盘
2587,10:21:51,13.61,-0.01,2,2722,卖盘
2588,10:21:48,13.62,--,17,23154,中性盘
2589,10:21:45,13.62,-0.01,169,230178,卖盘
2590,10:21:42,13.63,0.01,74,100862,买盘
2591,10:21:39,13.62,--,17,23154,买盘
2592,10:21:33,13.62,--,14,19068,买盘
2593,10:21:30,13.62,--,48,65375,买盘
2594,10:21:24,13.62,--,16,21792,买盘
2595,10:21:21,13.62,0.01,28,39157,买盘
2596,10:21:18,13.61,-0.01,58,78938,卖盘
2597,10:21:15,13.62,-0.01,55,74910,中性盘
2598,10:21:12,13.63,--,98,133574,买盘
2599,10:21:09,13.63,0.01,269,366647,买盘
2600,10:21:03,13.62,--,11,14982,卖盘
2601,10:21:00,13.62,0.01,4,5448,中性盘
2602,10:20:57,13.61,-0.01,76,103436,卖盘
2603,10:20:54,13.62,--,399,543438,买盘
2604,10:20:51,13.62,0.01,14,19068,买盘
2605,10:20:48,13.61,-0.01,105,142905,卖盘
2606,10:20:45,13.62,--,8,10896,买盘
2607,10:20:42,13.62,--,1072,1460064,买盘
2608,10:20:36,13.62,--,153,208386,买盘
2609,10:20:24,13.62,--,33,44946,买盘
2610,10:20:21,13.62,--,863,1176577,卖盘
2611,10:20:18,13.62,--,301,409962,卖盘
2612,10:20:12,13.62,--,134,182508,卖盘
2613,10:20:09,13.62,--,21,28602,卖盘
2614,10:20:06,13.62,-0.01,6,8171,卖盘
2615,10:20:03,13.63,--,5,6815,买盘
2616,10:20:00,13.63,0.01,101,137663,买盘
2617,10:19:51,13.62,-0.01,7,9534,卖盘
2618,10:19:45,13.63,-0.01,13,17719,中性盘
2619,10:19:42,13.64,0.01,114,155496,买盘
2620,10:19:39,13.63,--,3,4089,卖盘
2621,10:19:36,13.63,--,4,5452,卖盘
2622,10:19:33,13.63,--,11,14993,卖盘
2623,10:19:24,13.63,-0.01,55,75237,卖盘
2624,10:19:21,13.64,0.01,15,20460,买盘
2625,10:19:18,13.63,--,123,167649,卖盘
2626,10:19:12,13.63,-0.01,101,137663,卖盘
2627,10:19:09,13.64,0.01,14,19096,买盘
2628,10:19:06,13.63,-0.01,60,81780,卖盘
2629,10:19:03,13.64,-0.01,4,5456,中性盘
2630,10:18:57,13.65,0.01,193,263445,买盘
2631,10:18:54,13.64,0.02,230,313720,买盘
2632,10:18:51,13.62,-0.01,141,192042,卖盘
2633,10:18:45,13.63,--,332,452516,买盘
2634,10:18:42,13.63,-0.01,528,719664,卖盘
2635,10:18:39,13.64,0.02,272,371008,买盘
2636,10:18:36,13.62,-0.02,137,186866,卖盘
2637,10:18:30,13.64,0.01,254,346456,买盘
2638,10:18:27,13.63,--,203,276689,卖盘
2639,10:18:24,13.63,--,4,5452,卖盘
2640,10:18:21,13.63,--,95,129485,卖盘
2641,10:18:18,13.63,-0.01,32,43616,卖盘
2642,10:18:12,13.64,0.01,219,298716,买盘
2643,10:18:06,13.63,--,50,68150,卖盘
2644,10:18:03,13.63,--,37,50431,卖盘
2645,10:17:57,13.63,--,9,12267,卖盘
2646,10:17:54,13.63,-0.01,42,57246,卖盘
2647,10:17:51,13.64,0.01,1400,1910691,买盘
2648,10:17:45,13.63,--,8,10904,买盘
2649,10:17:42,13.63,--,130,177190,买盘
2650,10:17:39,13.63,--,164,223532,买盘
2651,10:17:36,13.63,0.01,19,25897,买盘
2652,10:17:33,13.62,-0.01,14,19068,卖盘
2653,10:17:30,13.63,--,124,169012,买盘
2654,10:17:27,13.63,0.01,19,25897,买盘
2655,10:17:24,13.62,--,32,43584,卖盘
2656,10:17:21,13.62,-0.01,18,24516,卖盘
2657,10:17:18,13.63,0.01,650,885950,买盘
2658,10:17:15,13.62,-0.01,38,51756,卖盘
2659,10:17:12,13.63,0.01,135,184005,买盘
2660,10:17:09,13.62,-0.01,31,42222,卖盘
2661,10:17:06,13.63,0.01,7,9541,买盘
2662,10:17:03,13.62,--,85,115770,卖盘
2663,10:16:57,13.62,--,37,50394,卖盘
2664,10:16:54,13.62,-0.01,235,320070,卖盘
2665,10:16:51,13.63,0.01,65,88595,买盘
2666,10:16:48,13.62,-0.01,193,262866,卖盘
2667,10:16:42,13.63,0.01,201,273963,买盘
2668,10:16:36,13.62,-0.01,129,175698,卖盘
2669,10:16:33,13.63,--,15,20445,买盘
2670,10:16:30,13.63,0.01,238,324394,买盘
2671,10:16:27,13.62,--,10,13620,卖盘
2672,10:16:24,13.62,-0.01,28,38136,卖盘
2673,10:16:21,13.63,--,105,143115,买盘
2674,10:16:18,13.63,--,147,200361,买盘
2675,10:16:12,13.63,--,531,723753,买盘
2676,10:16:09,13.63,0.01,68,92684,买盘
2677,10:16:03,13.62,--,297,404514,卖盘
2678,10:16:00,13.62,-0.02,82,111684,卖盘
2679,10:15:57,13.64,0.01,125,170500,买盘
2680,10:15:54,13.63,0.01,6,8178,买盘
2681,10:15:48,13.62,-0.02,17,23154,卖盘
2682,10:15:45,13.64,--,7,9548,买盘
2683,10:15:42,13.64,0.02,131,178684,买盘
2684,10:15:39,13.62,-0.01,77,104874,卖盘
2685,10:15:36,13.63,--,62,84506,买盘
2686,10:15:33,13.63,--,8,10904,买盘
2687,10:15:30,13.63,-0.01,110,149930,卖盘
2688,10:15:27,13.64,--,7,9548,买盘
2689,10:15:24,13.64,0.01,27,36828,买盘
2690,10:15:21,13.63,0.01,44,59972,买盘
2691,10:15:18,13.62,-0.02,13,17706,卖盘
2692,10:15:12,13.64,0.01,241,328724,买盘
2693,10:15:09,13.63,--,131,179152,买盘
2694,10:15:03,13.63,--,1,1363,买盘
2695,10:15:00,13.63,--,15,20445,买盘
2696,10:14:57,13.63,--,13,17719,买盘
2697,10:14:45,13.63,-0.01,58,79054,卖盘
2698,10:14:39,13.64,--,88,120032,买盘
2699,10:14:33,13.64,0.01,122,166408,买盘
2700,10:14:30,13.63,--,16,21808,买盘
2701,10:14:27,13.63,-0.01,52,70876,中性盘
2702,10:14:21,13.64,0.02,214,291896,买盘
2703,10:14:18,13.62,0.01,16,22473,中性盘
2704,10:14:15,13.61,-0.02,142,193262,卖盘
2705,10:14:12,13.63,-0.01,133,181279,中性盘
2706,10:14:06,13.64,0.01,29,39556,买盘
2707,10:14:03,13.63,0.01,10,13630,买盘
2708,10:14:00,13.62,--,10,13620,卖盘
2709,10:13:57,13.62,-0.01,23,31326,卖盘
2710,10:13:54,13.63,-0.01,72,98136,卖盘
2711,10:13:51,13.64,0.01,379,516956,买盘
2712,10:13:45,13.63,-0.01,23,31349,中性盘
2713,10:13:42,13.64,0.01,79,107756,买盘
2714,10:13:36,13.63,0.02,22,29986,中性盘
2715,10:13:30,13.61,-0.03,123,167403,卖盘
2716,10:13:24,13.64,--,55,75020,买盘
2717,10:13:21,13.64,0.02,176,240064,买盘
2718,10:13:18,13.62,-0.02,1123,1530615,卖盘
2719,10:13:15,13.64,--,20,27280,买盘
2720,10:13:12,13.64,--,162,220968,买盘
2721,10:13:09,13.64,0.01,36,49104,买盘
2722,10:13:06,13.63,-0.01,29,39527,中性盘
2723,10:13:03,13.64,0.01,1084,1478576,买盘
2724,10:13:00,13.63,--,504,686952,买盘
2725,10:12:57,13.63,--,20,27260,买盘
2726,10:12:54,13.63,--,210,286230,买盘
2727,10:12:51,13.63,--,103,140389,买盘
2728,10:12:48,13.63,--,121,164923,买盘
2729,10:12:42,13.63,-0.01,160,218080,卖盘
2730,10:12:36,13.64,0.01,21,28644,买盘
2731,10:12:33,13.63,--,103,140389,卖盘
2732,10:12:30,13.63,0.01,41,55883,中性盘
2733,10:12:27,13.62,-0.01,133,181799,卖盘
2734,10:12:21,13.63,-0.01,72,98136,卖盘
2735,10:12:18,13.64,0.01,57,77748,买盘
2736,10:12:15,13.63,-0.01,15,20445,卖盘
2737,10:12:12,13.64,--,177,241428,买盘
2738,10:12:09,13.64,0.01,79,107756,买盘
2739,10:12:06,13.63,--,37,51139,买盘
2740,10:12:03,13.63,--,95,129485,买盘
2741,10:12:00,13.63,--,80,109040,买盘
2742,10:11:54,13.63,--,68,92684,买盘
2743,10:11:48,13.63,--,304,414352,买盘
2744,10:11:45,13.63,--,80,109040,买盘
2745,10:11:42,13.63,--,102,139026,买盘
2746,10:11:39,13.63,0.01,38,51794,买盘
2747,10:11:36,13.62,-0.01,79,107598,卖盘
2748,10:11:30,13.63,--,103,140389,买盘
2749,10:11:27,13.63,--,88,119944,买盘
2750,10:11:24,13.63,--,55,74965,买盘
2751,10:11:21,13.63,0.01,45,61335,买盘
2752,10:11:18,13.62,--,30,40860,卖盘
2753,10:11:12,13.62,--,179,243798,卖盘
2754,10:11:09,13.62,-0.01,102,138924,卖盘
2755,10:11:06,13.63,--,649,884587,买盘
2756,10:10:57,13.63,0.01,30,40890,买盘
2757,10:10:57,13.62,-0.01,44,59928,卖盘
2758,10:10:54,13.63,--,9,12267,买盘
2759,10:10:51,13.63,0.01,14,19082,买盘
2760,10:10:48,13.62,--,93,126666,卖盘
2761,10:10:45,13.62,--,237,323066,买盘
2762,10:10:42,13.62,--,50,68100,买盘
2763,10:10:39,13.62,--,79,107598,买盘
2764,10:10:36,13.62,--,640,871680,买盘
2765,10:10:30,13.62,--,118,160716,买盘
2766,10:10:27,13.62,--,9,12258,买盘
2767,10:10:24,13.62,--,87,118494,买盘
2768,10:10:21,13.62,0.01,200,272400,买盘
2769,10:10:18,13.61,-0.01,113,153793,卖盘
2770,10:10:15,13.62,--,111,151182,买盘
2771,10:10:12,13.62,--,415,565230,买盘
2772,10:10:09,13.62,0.01,19,25878,买盘
2773,10:09:57,13.61,-0.01,42,57162,卖盘
2774,10:09:51,13.62,0.01,66,89892,买盘
2775,10:09:48,13.61,0.01,1190,1620610,买盘
2776,10:09:45,13.6,-0.01,817,1111120,卖盘
2777,10:09:39,13.61,0.01,127,172847,买盘
2778,10:09:36,13.6,-0.01,45,61200,卖盘
2779,10:09:33,13.61,0.01,7,9527,买盘
2780,10:09:30,13.6,--,24,32640,卖盘
2781,10:09:27,13.6,--,595,809676,买盘
2782,10:09:21,13.6,--,83,112880,买盘
2783,10:09:18,13.6,--,200,272000,买盘
