,time,price,change,volume,amount,type
0,15:00:24,27.37,0.01,1124,3078687,买盘
1,14:58:05,27.36,--,0,0,买盘
2,14:57:02,27.36,-0.01,8,21888,卖盘
3,14:56:50,27.37,0.02,108,295596,买盘
4,14:56:44,27.35,0.01,6,16410,中性盘
5,14:56:41,27.34,-0.01,9,24606,卖盘
6,14:56:38,27.35,0.01,6,16410,中性盘
7,14:56:35,27.34,-0.01,206,563204,卖盘
8,14:56:32,27.35,--,32,87520,买盘
9,14:56:29,27.35,0.01,1,2735,买盘
10,14:56:26,27.34,-0.01,25,68350,卖盘
11,14:56:23,27.35,--,14,38290,买盘
12,14:56:20,27.35,--,107,292645,卖盘
13,14:56:17,27.35,--,27,73845,卖盘
14,14:56:11,27.35,--,15,41025,卖盘
15,14:56:05,27.35,--,16,43760,买盘
16,14:56:02,27.35,--,37,101195,买盘
17,14:55:59,27.35,--,27,73845,买盘
18,14:55:56,27.35,0.01,32,87520,买盘
19,14:55:53,27.34,-0.01,8,21872,卖盘
20,14:55:50,27.35,--,19,51965,买盘
21,14:55:47,27.35,--,2,5470,买盘
22,14:55:44,27.35,--,24,65640,买盘
23,14:55:41,27.35,--,32,87520,买盘
24,14:55:35,27.35,--,32,87520,买盘
25,14:55:32,27.35,--,44,120340,买盘
26,14:55:29,27.35,--,23,62905,买盘
27,14:55:26,27.35,--,23,62905,买盘
28,14:55:20,27.35,--,8,21880,卖盘
29,14:55:14,27.35,-0.01,3,8205,卖盘
30,14:55:11,27.36,0.01,40,109440,买盘
31,14:55:08,27.35,-0.02,73,199655,卖盘
32,14:55:05,27.37,--,10,27370,买盘
33,14:54:59,27.37,--,57,156009,买盘
34,14:54:50,27.37,0.01,17,46529,买盘
35,14:54:47,27.36,-0.01,0,1805,卖盘
36,14:54:44,27.37,--,1,2737,买盘
37,14:54:41,27.37,--,27,73899,买盘
38,14:54:38,27.37,--,1,2737,买盘
39,14:54:35,27.37,--,22,60214,买盘
40,14:54:32,27.37,--,54,147798,卖盘
41,14:54:26,27.37,-0.01,50,136850,卖盘
42,14:54:23,27.38,--,22,60236,买盘
43,14:54:20,27.38,--,55,150590,买盘
44,14:54:17,27.38,--,54,147852,买盘
45,14:54:11,27.38,--,630,1724940,买盘
46,14:54:08,27.38,0.01,56,153328,买盘
47,14:54:05,27.37,--,5,13685,卖盘
48,14:54:02,27.37,--,21,57477,卖盘
49,14:53:56,27.37,-0.01,65,177905,卖盘
50,14:53:53,27.38,--,2,5476,买盘
51,14:53:50,27.38,0.01,2,5476,买盘
52,14:53:47,27.37,--,147,402339,卖盘
53,14:53:44,27.37,-0.01,46,125902,卖盘
54,14:53:38,27.38,--,2,5476,买盘
55,14:53:35,27.38,--,332,909016,买盘
56,14:53:32,27.38,0.01,77,210826,买盘
57,14:53:29,27.37,-0.01,55,150535,卖盘
58,14:53:23,27.38,--,7,19166,买盘
59,14:53:20,27.38,--,25,68450,买盘
60,14:53:14,27.38,--,25,68450,买盘
61,14:53:11,27.38,--,31,84878,买盘
62,14:53:08,27.38,0.01,41,112258,买盘
63,14:53:05,27.37,-0.01,75,205275,卖盘
64,14:53:02,27.38,--,18,49284,买盘
65,14:52:56,27.38,--,7,19166,买盘
66,14:52:50,27.38,0.01,7,19166,买盘
67,14:52:47,27.37,--,15,41055,卖盘
68,14:52:44,27.37,--,13,35581,卖盘
69,14:52:41,27.37,-0.01,64,175168,卖盘
70,14:52:38,27.38,0.01,49,134162,买盘
71,14:52:35,27.37,--,57,156009,卖盘
72,14:52:32,27.37,0.04,880,2409490,买盘
73,14:52:29,27.33,--,17,46461,买盘
74,14:52:26,27.33,0.01,25,68325,买盘
75,14:52:23,27.32,--,4,10928,卖盘
76,14:52:20,27.32,-0.01,22,60104,卖盘
77,14:52:17,27.33,--,25,68325,卖盘
78,14:52:11,27.33,--,15,40995,卖盘
79,14:52:08,27.33,--,24,65592,卖盘
80,14:52:05,27.33,-0.01,1,2733,卖盘
81,14:52:02,27.34,--,18,49212,买盘
82,14:51:59,27.34,0.02,19,51946,买盘
83,14:51:56,27.32,-0.02,27,73764,卖盘
84,14:51:50,27.34,0.01,4,10936,买盘
85,14:51:47,27.33,--,4,10932,卖盘
86,14:51:44,27.33,--,53,144849,卖盘
87,14:51:41,27.33,--,37,101121,卖盘
88,14:51:38,27.33,0.01,8,21864,卖盘
89,14:51:35,27.32,-0.02,67,183044,卖盘
90,14:51:32,27.34,0.02,81,221454,买盘
91,14:51:29,27.32,-0.01,32,87424,卖盘
92,14:51:26,27.33,--,201,550426,卖盘
93,14:51:23,27.33,--,23,62858,卖盘
94,14:51:20,27.33,--,62,169446,卖盘
95,14:51:17,27.33,--,56,153048,卖盘
96,14:51:14,27.33,--,20,54660,卖盘
97,14:51:11,27.33,--,2,5466,卖盘
98,14:51:08,27.33,--,12,32796,卖盘
99,14:51:02,27.33,-0.01,21,57393,卖盘
100,14:50:59,27.34,0.01,15,41010,买盘
101,14:50:56,27.33,--,32,87456,卖盘
102,14:50:53,27.33,--,1,2733,卖盘
103,14:50:50,27.33,--,11,30062,卖盘
104,14:50:47,27.33,-0.01,52,142116,卖盘
105,14:50:44,27.34,0.01,1,2734,买盘
106,14:50:41,27.33,-0.01,40,109320,卖盘
107,14:50:35,27.34,--,16,43744,买盘
108,14:50:32,27.34,0.01,72,196848,买盘
109,14:50:29,27.33,--,9,24597,卖盘
110,14:50:26,27.33,-0.01,2,5466,卖盘
111,14:50:23,27.34,--,14,38276,卖盘
112,14:50:20,27.34,0.01,45,123030,买盘
113,14:50:17,27.33,-0.01,7,19131,卖盘
114,14:50:14,27.34,--,58,158572,卖盘
115,14:50:11,27.34,--,64,175960,买盘
116,14:50:08,27.34,0.01,32,87488,买盘
117,14:50:05,27.33,--,37,101831,卖盘
118,14:49:59,27.33,-0.01,42,114786,卖盘
119,14:49:53,27.34,0.01,34,92956,中性盘
120,14:49:50,27.33,-0.01,233,636789,卖盘
121,14:49:47,27.34,--,17,46478,卖盘
122,14:49:44,27.34,-0.02,10,27340,中性盘
123,14:49:41,27.36,0.03,15,41040,买盘
124,14:49:38,27.33,-0.01,100,273300,卖盘
125,14:49:35,27.34,--,124,339016,卖盘
126,14:49:32,27.34,--,29,80160,卖盘
127,14:49:29,27.34,-0.01,6,16404,卖盘
128,14:49:26,27.35,--,19,51965,买盘
129,14:49:23,27.35,--,5,13675,买盘
130,14:49:20,27.35,--,4,10940,买盘
131,14:49:17,27.35,--,13,35555,买盘
132,14:49:14,27.35,--,20,54700,买盘
133,14:49:11,27.35,--,140,384212,卖盘
134,14:49:08,27.35,-0.01,7,19145,卖盘
135,14:49:05,27.36,-0.01,42,114912,卖盘
136,14:48:59,27.37,0.01,15,41055,买盘
137,14:48:53,27.36,-0.01,19,51984,中性盘
138,14:48:50,27.37,0.02,5,13685,中性盘
139,14:48:44,27.35,-0.02,66,180510,卖盘
140,14:48:41,27.37,0.02,296,810152,买盘
141,14:48:38,27.35,-0.02,5,13675,卖盘
142,14:48:32,27.37,0.02,62,171117,买盘
143,14:48:29,27.35,--,4,10940,卖盘
144,14:48:26,27.35,--,3,8205,卖盘
145,14:48:23,27.35,--,26,71110,卖盘
146,14:48:20,27.35,-0.02,2,5470,卖盘
147,14:48:17,27.37,--,123,336651,买盘
148,14:48:14,27.37,--,10,27370,买盘
149,14:48:11,27.37,--,14,38318,买盘
150,14:48:08,27.37,-0.01,7,19159,买盘
151,14:48:05,27.38,--,23,62974,买盘
152,14:47:59,27.38,0.03,12,32856,买盘
153,14:47:56,27.35,--,40,109400,卖盘
154,14:47:50,27.35,--,21,57435,卖盘
155,14:47:47,27.35,--,1,2735,卖盘
156,14:47:44,27.35,0.01,9,24615,买盘
157,14:47:35,27.34,--,1,2734,卖盘
158,14:47:32,27.34,--,45,123030,卖盘
159,14:47:26,27.34,-0.04,35,95690,卖盘
160,14:47:23,27.38,--,22,60236,买盘
161,14:47:20,27.38,0.04,50,136900,买盘
162,14:47:17,27.34,-0.05,1,2734,卖盘
163,14:47:14,27.39,--,1,2739,买盘
164,14:47:11,27.39,0.05,19,52041,买盘
165,14:47:02,27.34,-0.04,84,229656,中性盘
166,14:46:53,27.38,--,6,16428,卖盘
167,14:46:47,27.38,--,38,104044,买盘
168,14:46:44,27.38,-0.01,519,1421022,卖盘
169,14:46:38,27.39,0.01,30,82170,买盘
170,14:46:35,27.38,--,22,60236,卖盘
171,14:46:23,27.38,-0.01,43,117734,卖盘
172,14:46:20,27.39,-0.01,38,104739,卖盘
173,14:46:17,27.4,0.01,64,175360,买盘
174,14:46:14,27.39,-0.01,55,152726,卖盘
175,14:46:11,27.4,0.01,10,27400,中性盘
176,14:46:08,27.39,-0.02,10,27390,卖盘
177,14:46:05,27.41,0.02,38,104158,买盘
178,14:46:02,27.39,--,19,52041,卖盘
179,14:45:59,27.39,--,118,323202,卖盘
180,14:45:56,27.39,--,32,87648,买盘
181,14:45:50,27.39,--,1,5423,买盘
182,14:45:41,27.39,--,40,109560,买盘
183,14:45:35,27.39,--,5,13695,买盘
184,14:45:32,27.39,--,41,112299,买盘
185,14:45:29,27.39,--,1,2739,买盘
186,14:45:26,27.39,-0.01,119,325941,卖盘
187,14:45:17,27.4,--,45,123300,买盘
188,14:45:11,27.4,0.02,20,54800,买盘
189,14:45:08,27.38,--,18,49284,卖盘
190,14:45:02,27.38,--,20,54760,卖盘
191,14:44:59,27.38,--,12,32856,卖盘
192,14:44:53,27.38,0.01,37,102948,买盘
193,14:44:50,27.37,--,2,5474,卖盘
194,14:44:47,27.37,--,9,24633,卖盘
195,14:44:44,27.37,--,2,5474,卖盘
196,14:44:41,27.37,-0.01,1,2737,卖盘
197,14:44:38,27.38,0.01,21,57498,买盘
198,14:44:35,27.37,--,3,8211,买盘
199,14:44:32,27.37,0.02,25,68425,买盘
200,14:44:23,27.35,--,23,62905,卖盘
201,14:44:20,27.35,-0.02,37,101195,卖盘
202,14:44:17,27.37,0.02,63,173252,买盘
203,14:44:14,27.35,0.01,8,21880,买盘
204,14:44:08,27.34,-0.01,17,46478,卖盘
205,14:44:05,27.35,0.01,79,216065,买盘
206,14:44:02,27.34,--,19,51946,卖盘
207,14:43:59,27.34,0.01,28,78684,买盘
208,14:43:56,27.33,-0.01,9,24597,卖盘
209,14:43:53,27.34,0.01,6,16404,买盘
210,14:43:50,27.33,--,6,16398,卖盘
211,14:43:44,27.33,--,5,13665,卖盘
212,14:43:41,27.33,-0.01,1,2733,卖盘
213,14:43:38,27.34,0.01,26,71084,买盘
214,14:43:35,27.33,--,44,120251,买盘
215,14:43:29,27.33,--,57,155781,买盘
216,14:43:26,27.33,--,6,16398,买盘
217,14:43:20,27.33,--,7,19131,买盘
218,14:43:17,27.33,--,9,24597,买盘
219,14:43:14,27.33,0.01,22,60125,买盘
220,14:43:11,27.32,-0.01,13,35516,卖盘
221,14:43:08,27.33,0.01,39,106587,买盘
222,14:43:05,27.32,-0.01,4,10928,卖盘
223,14:42:59,27.33,0.01,3,8199,买盘
224,14:42:56,27.32,-0.01,62,169384,卖盘
225,14:42:50,27.33,--,124,338892,卖盘
226,14:42:47,27.33,-0.01,27,73791,卖盘
227,14:42:41,27.34,--,12,32808,买盘
228,14:42:38,27.34,--,18,49212,买盘
229,14:42:32,27.34,0.01,46,125764,买盘
230,14:42:29,27.33,-0.01,70,191310,卖盘
231,14:42:20,27.34,--,55,150971,卖盘
232,14:42:14,27.34,--,11,32206,卖盘
233,14:42:08,27.34,--,20,54680,卖盘
234,14:42:05,27.34,-0.01,2,5468,中性盘
235,14:41:59,27.35,0.01,30,82050,买盘
236,14:41:53,27.34,-0.01,6,16404,中性盘
237,14:41:50,27.35,0.02,135,369225,买盘
238,14:41:47,27.33,0.01,11,30062,中性盘
239,14:41:44,27.32,-0.01,184,502688,卖盘
240,14:41:41,27.33,--,104,286254,卖盘
241,14:41:38,27.33,-0.01,46,125717,卖盘
242,14:41:35,27.34,-0.01,3,8202,卖盘
243,14:41:32,27.35,0.01,57,155895,买盘
244,14:41:29,27.34,--,23,62882,卖盘
245,14:41:23,27.34,--,79,215986,买盘
246,14:41:20,27.34,0.01,347,949135,中性盘
247,14:41:14,27.33,-0.04,106,289698,卖盘
248,14:41:08,27.37,0.03,18,49266,买盘
249,14:41:02,27.34,--,3,8202,买盘
250,14:40:59,27.34,0.01,29,79286,买盘
251,14:40:56,27.33,-0.04,16,43728,卖盘
252,14:40:53,27.37,0.04,81,221697,买盘
253,14:40:50,27.33,-0.01,12,32796,卖盘
254,14:40:44,27.34,0.01,65,177710,买盘
255,14:40:41,27.33,-0.01,106,289698,卖盘
256,14:40:38,27.34,-0.03,12,32808,卖盘
257,14:40:35,27.37,0.03,19,52003,买盘
258,14:40:29,27.34,--,15,41010,卖盘
259,14:40:26,27.34,-0.03,10,27340,卖盘
260,14:40:23,27.37,0.04,78,213486,买盘
261,14:40:17,27.33,--,9,24597,卖盘
262,14:40:14,27.33,--,7,19131,卖盘
263,14:40:11,27.33,--,95,259634,卖盘
264,14:40:08,27.33,-0.01,27,73791,卖盘
265,14:40:05,27.34,--,16,43744,买盘
266,14:40:02,27.34,--,5,13670,买盘
267,14:39:59,27.34,-0.03,76,207784,卖盘
268,14:39:56,27.37,0.03,202,552874,买盘
269,14:39:44,27.34,-0.02,95,259730,卖盘
270,14:39:41,27.36,0.01,78,213408,买盘
271,14:39:38,27.35,0.01,37,101195,买盘
272,14:39:35,27.34,0.01,5,13670,买盘
273,14:39:29,27.33,-0.02,42,116207,卖盘
274,14:39:23,27.35,0.02,73,199655,买盘
275,14:39:20,27.33,--,5,13665,卖盘
276,14:39:17,27.33,--,71,194043,卖盘
277,14:39:14,27.33,0.01,86,235037,买盘
278,14:39:11,27.32,-0.01,130,355160,卖盘
279,14:39:04,27.33,--,7,19131,买盘
280,14:39:01,27.33,0.01,4,10932,买盘
281,14:38:58,27.32,-0.03,53,144796,卖盘
282,14:38:52,27.35,0.03,79,216065,买盘
283,14:38:49,27.32,-0.01,289,789548,卖盘
284,14:38:46,27.33,-0.01,106,289698,卖盘
285,14:38:43,27.34,--,33,91370,买盘
286,14:38:40,27.34,--,136,371824,买盘
287,14:38:37,27.34,--,28,76552,买盘
288,14:38:34,27.34,--,126,344484,买盘
289,14:38:31,27.34,-0.01,162,442908,卖盘
290,14:38:19,27.35,--,6,16410,买盘
291,14:38:16,27.35,--,71,194185,买盘
292,14:38:10,27.35,-0.02,41,112135,卖盘
293,14:38:07,27.37,-0.01,69,188853,卖盘
294,14:38:04,27.38,0.01,18,49284,买盘
295,14:37:58,27.37,--,67,183379,卖盘
296,14:37:55,27.37,0.01,383,1048271,买盘
297,14:37:52,27.36,--,201,549936,买盘
298,14:37:46,27.36,-0.01,16,43776,买盘
299,14:37:43,27.37,0.01,26,71162,买盘
300,14:37:40,27.36,0.01,1,2736,中性盘
301,14:37:37,27.35,-0.02,223,609905,卖盘
302,14:37:34,27.37,--,2,5474,买盘
303,14:37:31,27.37,--,24,65688,买盘
304,14:37:28,27.37,--,10,27370,买盘
305,14:37:22,27.37,--,26,71162,买盘
306,14:37:19,27.37,--,139,380443,买盘
307,14:37:13,27.37,--,4,10948,买盘
308,14:37:10,27.37,--,9,24633,买盘
309,14:37:07,27.37,--,52,142324,买盘
310,14:37:04,27.37,--,42,114954,买盘
311,14:37:01,27.37,0.01,12,32844,买盘
312,14:36:58,27.36,-0.01,13,35568,卖盘
313,14:36:55,27.37,-0.01,20,54740,卖盘
314,14:36:52,27.38,0.02,8,21904,买盘
315,14:36:49,27.36,-0.01,4,10944,卖盘
316,14:36:46,27.37,--,10,27370,买盘
317,14:36:37,27.37,-0.02,228,624036,卖盘
318,14:36:34,27.39,--,19,52041,买盘
319,14:36:31,27.39,--,11,30129,买盘
320,14:36:28,27.39,0.01,25,68475,买盘
321,14:36:25,27.38,--,33,90354,卖盘
322,14:36:22,27.38,-0.01,162,443556,卖盘
323,14:36:16,27.39,--,49,134211,买盘
324,14:36:13,27.39,0.01,10,27390,买盘
325,14:36:10,27.38,-0.01,186,509268,卖盘
326,14:36:04,27.39,--,23,62997,买盘
327,14:36:01,27.39,--,17,46563,买盘
328,14:35:58,27.39,--,49,134211,买盘
329,14:35:55,27.39,--,135,369765,卖盘
330,14:35:49,27.39,-0.01,51,139689,卖盘
331,14:35:40,27.4,0.01,8,21920,买盘
332,14:35:37,27.39,--,134,367026,卖盘
333,14:35:34,27.39,--,40,109560,买盘
334,14:35:31,27.39,--,5,13695,买盘
335,14:35:28,27.39,--,29,79431,买盘
336,14:35:25,27.39,--,5,13695,买盘
337,14:35:22,27.39,--,47,128733,买盘
338,14:35:19,27.39,0.01,189,517671,买盘
339,14:35:13,27.38,-0.01,54,147852,卖盘
340,14:35:10,27.39,--,12,32868,买盘
341,14:35:07,27.39,0.01,23,62997,买盘
342,14:35:04,27.38,-0.01,6,16428,卖盘
343,14:35:01,27.39,0.01,17,46563,买盘
344,14:34:55,27.38,--,150,410700,卖盘
345,14:34:49,27.38,--,170,465460,买盘
346,14:34:46,27.38,0.01,16,43808,买盘
347,14:34:43,27.37,--,3,8211,卖盘
348,14:34:37,27.37,--,159,435183,卖盘
349,14:34:34,27.37,--,6,16422,卖盘
350,14:34:28,27.37,-0.01,48,131376,卖盘
351,14:34:22,27.38,--,10,27380,买盘
352,14:34:19,27.38,0.01,137,375106,卖盘
353,14:34:16,27.37,-0.02,119,325703,卖盘
354,14:34:13,27.39,0.01,12,32868,买盘
355,14:34:10,27.38,-0.01,64,175232,中性盘
356,14:34:07,27.39,0.02,35,95865,买盘
357,14:34:04,27.37,-0.01,20,54740,卖盘
358,14:34:01,27.38,--,137,375106,买盘
359,14:33:58,27.38,-0.01,67,183446,卖盘
360,14:33:49,27.39,--,4,10956,买盘
361,14:33:43,27.39,-0.01,34,93126,买盘
362,14:33:37,27.4,--,19,52060,买盘
363,14:33:34,27.4,0.01,28,76720,买盘
364,14:33:31,27.39,--,9,24651,买盘
365,14:33:28,27.39,--,152,416328,卖盘
366,14:33:19,27.39,--,46,125994,买盘
367,14:33:16,27.39,--,234,640926,卖盘
368,14:33:10,27.39,--,362,991518,买盘
369,14:33:04,27.39,0.01,49,134211,买盘
370,14:33:01,27.38,-0.01,3,8214,卖盘
371,14:32:58,27.39,--,8,21912,买盘
372,14:32:52,27.39,0.02,25,68475,买盘
373,14:32:46,27.37,--,11,30107,中性盘
374,14:32:43,27.37,--,68,186116,买盘
375,14:32:37,27.37,-0.02,45,123165,卖盘
376,14:32:34,27.39,0.02,53,145167,买盘
377,14:32:31,27.37,--,29,79373,卖盘
378,14:32:28,27.37,-0.01,11,30107,卖盘
379,14:32:25,27.38,--,42,114996,买盘
380,14:32:22,27.38,-0.02,33,90354,中性盘
381,14:32:16,27.4,0.01,72,197280,买盘
382,14:32:13,27.39,--,7,19173,买盘
383,14:32:07,27.39,-0.01,140,385486,卖盘
384,14:32:04,27.4,0.01,124,339760,买盘
385,14:31:58,27.39,--,251,687489,卖盘
386,14:31:55,27.39,0.02,128,351304,买盘
387,14:31:52,27.37,0.01,2,5474,买盘
388,14:31:49,27.36,--,13,35568,卖盘
389,14:31:46,27.36,-0.01,2,5472,卖盘
390,14:31:43,27.37,-0.02,1,2737,中性盘
391,14:31:40,27.39,0.01,111,306055,买盘
392,14:31:37,27.38,0.01,513,1405305,买盘
393,14:31:34,27.37,0.01,5,13685,买盘
394,14:31:28,27.36,-0.01,44,120384,卖盘
395,14:31:25,27.37,0.01,17,46529,买盘
396,14:31:22,27.36,-0.01,5,13680,卖盘
397,14:31:16,27.37,--,117,320229,卖盘
398,14:31:13,27.37,0.01,20,54740,中性盘
399,14:31:10,27.36,--,57,155952,卖盘
400,14:31:04,27.36,-0.01,40,109440,卖盘
401,14:31:01,27.37,0.01,69,188853,买盘
402,14:30:58,27.36,--,16,43776,卖盘
403,14:30:55,27.36,-0.01,59,161424,卖盘
404,14:30:52,27.37,0.01,7,19159,买盘
405,14:30:49,27.36,-0.01,8,21888,卖盘
406,14:30:46,27.37,--,25,68425,买盘
407,14:30:43,27.37,--,61,166957,买盘
408,14:30:40,27.37,0.01,20,54740,买盘
409,14:30:37,27.36,-0.01,28,76608,卖盘
410,14:30:34,27.37,--,4,10948,买盘
411,14:30:28,27.37,0.01,48,131376,买盘
412,14:30:25,27.36,-0.01,51,139536,卖盘
413,14:30:19,27.37,--,81,221697,买盘
414,14:30:16,27.37,0.01,80,218960,买盘
415,14:30:13,27.36,--,8,21888,卖盘
416,14:30:10,27.36,--,1,2736,卖盘
417,14:30:07,27.36,--,34,93024,买盘
418,14:30:04,27.36,--,124,339264,卖盘
419,14:30:01,27.36,--,22,60192,买盘
420,14:29:58,27.36,--,17,46512,买盘
421,14:29:55,27.36,--,23,62928,卖盘
422,14:29:52,27.36,-0.01,13,35568,卖盘
423,14:29:46,27.37,--,3,8211,买盘
424,14:29:46,27.37,0.01,151,413287,买盘
425,14:29:37,27.36,--,19,51984,买盘
426,14:29:34,27.36,0.01,1,2736,买盘
427,14:29:25,27.35,-0.03,205,560675,中性盘
428,14:29:19,27.38,0.02,80,219040,买盘
429,14:29:16,27.36,0.01,2,5472,卖盘
430,14:29:10,27.35,-0.03,6,16410,卖盘
431,14:29:07,27.38,--,9,24642,买盘
432,14:29:01,27.38,0.05,77,210826,买盘
433,14:28:58,27.33,--,74,202242,卖盘
434,14:28:49,27.33,-0.01,185,505604,卖盘
435,14:28:46,27.34,-0.05,230,628820,卖盘
436,14:28:43,27.39,0.03,48,131472,买盘
437,14:28:40,27.36,--,5,13680,卖盘
438,14:28:37,27.36,0.01,66,180576,买盘
439,14:28:34,27.35,-0.04,64,175040,中性盘
440,14:28:31,27.39,0.05,536,1468104,买盘
441,14:28:28,27.34,-0.01,186,508633,卖盘
442,14:28:22,27.35,0.01,110,300850,卖盘
443,14:28:16,27.34,-0.01,107,292538,卖盘
444,14:28:13,27.35,--,13,35555,卖盘
445,14:28:10,27.35,--,101,276235,卖盘
446,14:28:04,27.35,--,115,314525,卖盘
447,14:28:01,27.35,0.01,859,2352045,买盘
448,14:27:58,27.34,--,10,27340,卖盘
449,14:27:55,27.34,0.01,55,150370,卖盘
450,14:27:52,27.33,-0.01,113,308829,卖盘
451,14:27:49,27.34,--,40,109360,买盘
452,14:27:46,27.34,0.01,20,54680,买盘
453,14:27:43,27.33,-0.02,6,16398,卖盘
454,14:27:40,27.35,0.01,86,235210,买盘
455,14:27:37,27.34,--,50,136700,卖盘
456,14:27:34,27.34,--,25,68350,买盘
457,14:27:28,27.34,--,18,49212,买盘
458,14:27:25,27.34,--,66,180444,买盘
459,14:27:22,27.34,--,27,73818,买盘
460,14:27:19,27.34,--,131,358154,买盘
461,14:27:16,27.34,-0.01,39,106626,卖盘
462,14:27:13,27.35,--,12,32820,买盘
463,14:27:10,27.35,--,74,202390,买盘
464,14:27:07,27.35,--,35,95725,买盘
465,14:27:04,27.35,--,10,27350,买盘
466,14:27:01,27.35,--,100,273500,买盘
467,14:26:58,27.35,-0.04,371,1014739,卖盘
468,14:26:52,27.39,--,11,30129,买盘
469,14:26:49,27.39,0.04,140,383460,卖盘
470,14:26:46,27.35,-0.05,1034,2827990,卖盘
471,14:26:37,27.4,0.01,22,60280,买盘
472,14:26:34,27.39,--,120,328680,卖盘
473,14:26:31,27.39,-0.01,30,82170,卖盘
474,14:26:25,27.4,0.01,57,156180,买盘
475,14:26:22,27.39,--,63,172557,卖盘
476,14:26:19,27.39,-0.01,202,553278,卖盘
477,14:26:16,27.4,--,43,117820,买盘
478,14:26:13,27.4,--,58,158920,买盘
479,14:26:10,27.4,--,11,30140,买盘
480,14:26:07,27.4,-0.01,373,1024266,卖盘
481,14:26:01,27.41,--,105,287805,买盘
482,14:25:55,27.41,0.01,388,1065042,买盘
483,14:25:52,27.4,-0.01,55,150700,卖盘
484,14:25:49,27.41,--,24,65784,买盘
485,14:25:43,27.41,--,165,452265,买盘
486,14:25:37,27.41,-0.01,225,616725,卖盘
487,14:25:31,27.42,--,8,21936,买盘
488,14:25:28,27.42,0.01,85,233070,买盘
489,14:25:25,27.41,--,10,27410,买盘
490,14:25:22,27.41,--,39,106899,卖盘
491,14:25:19,27.41,--,355,973055,买盘
492,14:25:13,27.41,-0.01,80,219280,卖盘
493,14:25:10,27.42,0.01,93,255006,买盘
494,14:25:07,27.41,--,53,145273,卖盘
495,14:25:04,27.41,--,44,120604,卖盘
496,14:25:01,27.41,-0.01,66,180906,卖盘
497,14:24:58,27.42,-0.01,13,35646,中性盘
498,14:24:55,27.43,0.02,255,700562,买盘
499,14:24:52,27.41,-0.01,33,90453,卖盘
500,14:24:49,27.42,0.01,27,74034,中性盘
501,14:24:46,27.41,--,139,380999,卖盘
502,14:24:43,27.41,--,193,530657,买盘
503,14:24:34,27.41,--,302,827782,买盘
504,14:24:31,27.41,-0.01,191,524188,卖盘
505,14:24:28,27.42,--,200,548400,买盘
506,14:24:25,27.42,0.01,1,2742,买盘
507,14:24:22,27.41,-0.01,92,252172,卖盘
508,14:24:19,27.42,--,210,575820,买盘
509,14:24:16,27.42,0.01,103,282426,买盘
510,14:24:13,27.41,--,470,1290353,卖盘
511,14:24:07,27.41,-0.01,22,60302,卖盘
512,14:24:04,27.42,--,52,142584,买盘
513,14:24:01,27.42,0.01,42,115164,买盘
514,14:23:58,27.41,-0.01,13,35633,卖盘
515,14:23:55,27.42,-0.01,196,537432,卖盘
516,14:23:52,27.43,0.01,46,126178,买盘
517,14:23:49,27.42,--,119,326298,卖盘
518,14:23:46,27.42,0.01,285,781470,买盘
519,14:23:43,27.41,0.01,101,276841,买盘
520,14:23:40,27.4,--,228,624720,卖盘
521,14:23:34,27.4,-0.01,215,590744,卖盘
522,14:23:28,27.41,0.01,2,5482,买盘
523,14:23:25,27.4,--,365,1000154,买盘
524,14:23:19,27.4,-0.02,63,172620,中性盘
525,14:23:16,27.42,0.02,199,545658,买盘
526,14:23:13,27.4,-0.01,261,716784,卖盘
527,14:23:10,27.41,0.01,381,1045417,买盘
528,14:23:07,27.4,--,54,147960,买盘
529,14:23:04,27.4,--,263,720620,买盘
530,14:23:01,27.4,--,68,186320,买盘
531,14:22:58,27.4,--,7,19180,买盘
532,14:22:55,27.4,--,608,1665920,买盘
533,14:22:52,27.4,--,12,32880,买盘
534,14:22:49,27.4,-0.01,404,1106960,卖盘
535,14:22:46,27.41,--,25,68525,买盘
536,14:22:43,27.41,--,34,93194,买盘
537,14:22:37,27.41,--,162,444042,买盘
538,14:22:34,27.41,--,324,888084,买盘
539,14:22:31,27.41,--,41,112381,买盘
540,14:22:28,27.41,0.01,6,16446,买盘
541,14:22:25,27.4,-0.01,74,202760,卖盘
542,14:22:19,27.41,--,28,76748,买盘
543,14:22:16,27.41,--,121,331661,买盘
544,14:22:13,27.41,--,139,382643,卖盘
545,14:22:07,27.41,--,19,52079,卖盘
546,14:22:04,27.41,--,14,38374,卖盘
547,14:22:01,27.41,-0.01,8,21928,卖盘
548,14:21:58,27.42,0.01,6,16452,买盘
549,14:21:55,27.41,-0.01,349,957705,卖盘
550,14:21:52,27.42,--,4,10968,买盘
551,14:21:49,27.42,0.01,70,191940,买盘
552,14:21:43,27.41,-0.01,134,367294,卖盘
553,14:21:40,27.42,--,29,79518,买盘
554,14:21:37,27.42,--,26,71292,买盘
555,14:21:34,27.42,-0.01,67,185907,卖盘
556,14:21:25,27.43,0.01,119,326417,买盘
557,14:21:22,27.42,-0.01,46,126132,卖盘
558,14:21:19,27.43,0.01,82,224926,买盘
559,14:21:16,27.42,-0.01,225,617498,卖盘
560,14:21:10,27.43,--,2,5486,买盘
561,14:21:07,27.43,0.01,38,104234,买盘
562,14:21:04,27.42,-0.01,44,120648,卖盘
563,14:20:58,27.43,--,79,216697,买盘
564,14:20:55,27.43,-0.01,146,401026,卖盘
565,14:20:52,27.44,--,258,707952,买盘
566,14:20:46,27.44,--,5,13720,买盘
567,14:20:43,27.44,-0.01,23,63112,中性盘
568,14:20:40,27.45,--,182,499590,买盘
569,14:20:37,27.45,0.01,118,323910,买盘
570,14:20:34,27.44,-0.01,264,726611,卖盘
571,14:20:31,27.45,--,9,24705,买盘
572,14:20:28,27.45,--,5,13725,买盘
573,14:20:19,27.45,-0.02,116,319353,卖盘
574,14:20:13,27.47,0.02,2,5494,中性盘
575,14:20:10,27.45,-0.03,188,516060,卖盘
576,14:20:06,27.48,0.01,24,65952,买盘
577,14:19:57,27.47,--,145,398315,卖盘
578,14:19:54,27.47,0.01,31,86915,买盘
579,14:19:51,27.46,0.01,47,129940,卖盘
580,14:19:48,27.45,--,42,115290,卖盘
581,14:19:45,27.45,--,59,161955,卖盘
582,14:19:39,27.45,-0.01,120,329400,卖盘
583,14:19:36,27.46,--,147,403662,买盘
584,14:19:33,27.46,0.01,199,547881,买盘
585,14:19:30,27.45,-0.01,10,27450,卖盘
586,14:19:27,27.46,0.01,62,170252,买盘
587,14:19:21,27.45,--,82,225584,买盘
588,14:19:18,27.45,0.01,77,211365,买盘
589,14:19:12,27.44,--,155,426692,卖盘
590,14:19:06,27.44,--,192,528604,卖盘
591,14:19:03,27.44,-0.01,123,337512,卖盘
592,14:18:57,27.45,--,6,16470,买盘
593,14:18:51,27.45,-0.01,239,656055,卖盘
594,14:18:48,27.46,0.01,27,74142,买盘
595,14:18:45,27.45,--,11,30195,卖盘
596,14:18:42,27.45,--,48,131760,卖盘
597,14:18:39,27.45,-0.02,2,5490,中性盘
598,14:18:36,27.47,0.03,155,426993,买盘
599,14:18:33,27.44,-0.03,168,460992,卖盘
600,14:18:30,27.47,0.02,6,16482,买盘
601,14:18:27,27.45,-0.01,43,118035,卖盘
602,14:18:24,27.46,0.01,107,293822,买盘
603,14:18:18,27.45,--,82,225090,买盘
604,14:18:15,27.45,--,154,422730,卖盘
605,14:18:09,27.45,--,20,54900,卖盘
606,14:18:06,27.45,0.01,156,428220,卖盘
607,14:18:03,27.44,-0.02,4,10976,卖盘
608,14:18:00,27.46,0.02,10,27460,中性盘
609,14:17:57,27.44,-0.02,44,120736,卖盘
610,14:17:54,27.46,0.01,251,691223,买盘
611,14:17:51,27.45,--,9,27395,买盘
612,14:17:48,27.45,--,20,54900,买盘
613,14:17:45,27.45,--,5,13725,买盘
614,14:17:39,27.45,--,89,244359,卖盘
615,14:17:36,27.45,-0.01,41,112545,卖盘
616,14:17:33,27.46,--,239,658710,买盘
617,14:17:30,27.46,--,33,90618,买盘
618,14:17:27,27.46,--,95,260870,买盘
619,14:17:24,27.46,--,10,27460,买盘
620,14:17:18,27.46,--,83,227918,买盘
621,14:17:15,27.46,0.01,20,54920,买盘
622,14:17:12,27.45,-0.01,92,252814,卖盘
623,14:17:09,27.46,--,12,32952,买盘
624,14:17:06,27.46,0.02,40,109840,买盘
625,14:17:03,27.44,-0.02,55,150920,卖盘
626,14:17:00,27.46,-0.01,7,19222,卖盘
627,14:16:57,27.47,0.01,237,652467,买盘
628,14:16:51,27.46,--,10,27460,卖盘
629,14:16:48,27.46,--,22,60412,买盘
630,14:16:45,27.46,--,50,137300,买盘
631,14:16:42,27.46,0.02,15,41190,买盘
632,14:16:39,27.44,-0.03,8,21952,卖盘
633,14:16:33,27.47,0.01,174,478472,买盘
634,14:16:30,27.46,-0.01,3,8238,卖盘
635,14:16:27,27.47,0.01,128,351616,买盘
636,14:16:24,27.46,--,14,38444,买盘
637,14:16:21,27.46,-0.02,39,108082,卖盘
638,14:16:15,27.48,0.01,79,218356,买盘
639,14:16:12,27.47,-0.01,6,17965,卖盘
640,14:16:06,27.48,0.03,63,174882,买盘
641,14:16:03,27.45,-0.02,106,291024,卖盘
642,14:15:57,27.47,--,12,32964,买盘
643,14:15:54,27.47,--,42,117022,卖盘
644,14:15:51,27.47,--,4,10988,卖盘
645,14:15:48,27.47,--,7,19229,卖盘
646,14:15:45,27.47,--,77,212617,买盘
647,14:15:42,27.47,0.01,90,247230,买盘
648,14:15:39,27.46,-0.01,19,52174,卖盘
649,14:15:36,27.47,--,65,178555,买盘
650,14:15:33,27.47,-0.01,60,164820,卖盘
651,14:15:24,27.48,0.01,22,60456,买盘
652,14:15:21,27.47,-0.01,38,104386,卖盘
653,14:15:18,27.48,0.01,98,269304,买盘
654,14:15:12,27.47,-0.01,16,43952,卖盘
655,14:15:09,27.48,--,29,79692,买盘
656,14:15:06,27.48,0.01,48,131904,买盘
657,14:15:03,27.47,-0.01,51,140097,卖盘
658,14:15:00,27.48,--,54,148392,卖盘
659,14:14:57,27.48,--,49,134652,买盘
660,14:14:54,27.48,-0.01,40,109920,卖盘
661,14:14:51,27.49,--,5,13745,买盘
662,14:14:48,27.49,--,10,27490,买盘
663,14:14:45,27.49,--,20,54980,买盘
664,14:14:39,27.49,--,23,63227,买盘
665,14:14:36,27.49,--,19,52231,买盘
666,14:14:33,27.49,--,91,250159,买盘
667,14:14:30,27.49,--,191,525608,卖盘
668,14:14:27,27.49,--,23,63227,卖盘
669,14:14:24,27.49,-0.01,51,140199,卖盘
670,14:14:21,27.5,--,75,206250,买盘
671,14:14:15,27.5,--,106,291500,买盘
672,14:14:12,27.5,--,233,642950,买盘
673,14:14:09,27.5,--,46,126500,买盘
674,14:14:06,27.5,--,171,470250,买盘
675,14:14:00,27.5,--,19,52250,买盘
676,14:13:57,27.5,--,2,5500,买盘
677,14:13:54,27.5,--,443,1218250,卖盘
678,14:13:48,27.5,--,53,145750,卖盘
679,14:13:45,27.5,--,16,44000,卖盘
680,14:13:42,27.5,-0.01,44,121000,卖盘
681,14:13:39,27.51,-0.01,25,68775,卖盘
682,14:13:36,27.52,0.02,30,82560,买盘
683,14:13:33,27.5,-0.01,593,1631850,卖盘
684,14:13:30,27.51,--,236,650886,买盘
685,14:13:27,27.51,0.01,12,33012,买盘
686,14:13:24,27.5,-0.01,9,24750,卖盘
687,14:13:18,27.51,--,76,209076,买盘
688,14:13:15,27.51,--,304,836304,卖盘
689,14:13:12,27.51,-0.01,2,5502,卖盘
690,14:13:06,27.52,0.01,25,68800,买盘
691,14:13:03,27.51,-0.01,44,121044,卖盘
692,14:13:00,27.52,--,2,5504,买盘
693,14:12:57,27.52,--,5,13760,买盘
694,14:12:54,27.52,-0.01,27,74304,卖盘
695,14:12:45,27.53,0.01,57,156921,买盘
696,14:12:39,27.52,--,144,396288,买盘
697,14:12:36,27.52,--,18,52067,卖盘
698,14:12:33,27.52,-0.01,248,683266,卖盘
699,14:12:30,27.53,0.01,1,2753,买盘
700,14:12:27,27.52,--,26,71552,卖盘
701,14:12:24,27.52,-0.01,54,148608,卖盘
702,14:12:21,27.53,--,68,187204,买盘
703,14:12:18,27.53,0.01,676,1863230,买盘
704,14:12:12,27.52,-0.01,23,63296,卖盘
705,14:12:09,27.53,--,31,85343,买盘
706,14:12:06,27.53,--,32,88096,买盘
707,14:11:57,27.53,--,59,162427,买盘
708,14:11:51,27.53,-0.01,113,312795,卖盘
709,14:11:48,27.54,0.01,7,19278,买盘
710,14:11:45,27.53,--,15,41295,卖盘
711,14:11:42,27.53,--,95,261535,卖盘
712,14:11:36,27.53,-0.01,568,1563704,卖盘
713,14:11:33,27.54,-0.01,77,214701,卖盘
714,14:11:30,27.55,0.01,14,38570,卖盘
715,14:11:27,27.54,-0.01,113,313845,卖盘
716,14:11:24,27.55,0.01,2,5510,买盘
717,14:11:21,27.54,-0.01,72,198288,卖盘
718,14:11:15,27.55,0.01,6,16530,买盘
719,14:11:12,27.54,-0.01,105,289170,卖盘
720,14:11:09,27.55,-0.01,7,19285,卖盘
721,14:11:06,27.56,0.01,62,170872,买盘
722,14:11:03,27.55,--,24,66120,卖盘
723,14:11:00,27.55,--,124,341620,卖盘
724,14:10:57,27.55,--,121,333355,卖盘
725,14:10:54,27.55,-0.01,323,890636,卖盘
726,14:10:48,27.56,--,10,27560,买盘
727,14:10:45,27.56,--,13,35828,买盘
728,14:10:39,27.56,--,5,13780,买盘
729,14:10:36,27.56,-0.01,25,68900,中性盘
730,14:10:33,27.57,--,4,11028,买盘
731,14:10:27,27.57,--,3,8271,卖盘
732,14:10:24,27.57,0.01,55,151635,中性盘
733,14:10:18,27.56,-0.01,155,427180,卖盘
734,14:10:15,27.57,--,2,5514,中性盘
735,14:10:09,27.57,-0.01,23,63411,卖盘
736,14:10:03,27.58,--,5,13790,买盘
737,14:10:00,27.58,--,4,11032,买盘
738,14:09:57,27.58,--,14,38612,买盘
739,14:09:54,27.58,--,47,129625,卖盘
740,14:09:51,27.58,-0.01,38,104804,卖盘
741,14:09:48,27.59,--,20,55180,买盘
742,14:09:39,27.59,-0.01,39,107601,卖盘
743,14:09:36,27.6,0.01,19,52440,买盘
744,14:09:33,27.59,-0.01,10,27590,卖盘
745,14:09:27,27.6,--,28,79377,卖盘
746,14:09:24,27.6,-0.01,13,35880,卖盘
747,14:09:21,27.61,--,50,138050,买盘
748,14:09:18,27.61,0.01,73,201553,买盘
749,14:09:12,27.6,--,50,139380,卖盘
750,14:09:09,27.6,-0.01,7,19320,卖盘
751,14:09:06,27.61,0.01,39,107679,买盘
752,14:09:03,27.6,-0.01,44,121440,卖盘
753,14:09:00,27.61,--,79,218119,买盘
754,14:08:57,27.61,0.01,51,140811,买盘
755,14:08:54,27.6,-0.01,154,426420,卖盘
756,14:08:45,27.61,--,4,11044,买盘
757,14:08:39,27.61,--,4,11044,买盘
758,14:08:36,27.61,-0.01,123,339603,卖盘
759,14:08:21,27.62,--,25,70596,卖盘
760,14:08:18,27.62,-0.03,66,182292,卖盘
761,14:08:15,27.65,--,72,199080,买盘
762,14:08:06,27.65,--,18,49770,买盘
763,14:08:00,27.65,0.03,3,8295,买盘
764,14:07:57,27.62,-0.03,30,82860,卖盘
765,14:07:54,27.65,--,5,13825,买盘
766,14:07:51,27.65,--,4,11060,买盘
767,14:07:48,27.65,0.03,3,8295,买盘
768,14:07:45,27.62,--,45,124290,卖盘
769,14:07:42,27.62,--,9,24858,卖盘
770,14:07:39,27.62,-0.03,67,185054,卖盘
771,14:07:36,27.65,0.03,18,49770,买盘
772,14:07:33,27.62,0.01,1,2762,卖盘
773,14:07:27,27.61,-0.03,10,27610,卖盘
774,14:07:21,27.64,0.02,497,1374924,买盘
775,14:07:18,27.62,--,5,13810,买盘
776,14:07:15,27.62,--,131,361822,买盘
777,14:07:12,27.62,--,10,27620,买盘
778,14:07:09,27.62,0.01,10,27620,买盘
779,14:07:06,27.61,--,31,85591,买盘
780,14:07:03,27.61,-0.01,100,277977,卖盘
781,14:06:54,27.62,--,1,2762,买盘
782,14:06:42,27.62,0.01,21,58002,买盘
783,14:06:36,27.61,-0.01,98,270909,卖盘
784,14:06:33,27.62,--,15,41430,买盘
785,14:06:30,27.62,--,4,11048,买盘
786,14:06:24,27.62,-0.04,4,12815,卖盘
787,14:06:21,27.66,0.04,124,342984,买盘
788,14:06:18,27.62,-0.04,93,256866,卖盘
789,14:06:06,27.66,--,19,52554,买盘
790,14:06:03,27.66,0.04,2003,5540298,买盘
791,14:06:00,27.62,-0.02,180,497160,卖盘
792,14:05:54,27.64,-0.01,21,58044,卖盘
793,14:05:42,27.65,--,3,8295,买盘
794,14:05:39,27.65,-0.01,96,265440,卖盘
795,14:05:36,27.66,0.01,26,71916,买盘
796,14:05:30,27.65,-0.01,10,27650,卖盘
797,14:05:21,27.66,--,18,49788,买盘
798,14:05:18,27.66,--,70,193620,买盘
799,14:05:15,27.66,--,162,449640,卖盘
800,14:05:12,27.66,-0.01,8,22128,卖盘
801,14:05:06,27.67,--,18,49806,买盘
802,14:05:03,27.67,--,49,135583,买盘
803,14:05:00,27.67,0.01,25,69175,买盘
804,14:04:57,27.66,--,11,30426,卖盘
805,14:04:45,27.66,-0.01,12,33192,卖盘
806,14:04:39,27.67,0.01,145,401215,买盘
807,14:04:36,27.66,-0.01,79,219620,卖盘
808,14:04:33,27.67,0.01,4,11068,买盘
809,14:04:30,27.66,--,3,8298,卖盘
810,14:04:24,27.66,-0.02,64,177024,卖盘
811,14:04:18,27.68,0.01,69,190992,买盘
812,14:04:15,27.67,-0.01,11,30437,买盘
813,14:04:12,27.68,--,199,550832,买盘
814,14:04:06,27.68,0.01,89,246352,买盘
815,14:03:54,27.67,-0.01,120,334142,卖盘
816,14:03:51,27.68,--,95,262960,买盘
817,14:03:42,27.68,0.01,60,166080,买盘
818,14:03:39,27.67,0.01,280,775534,买盘
819,14:03:33,27.66,--,6,16596,卖盘
820,14:03:30,27.66,-0.01,100,276600,中性盘
821,14:03:18,27.67,0.01,286,791362,买盘
822,14:03:15,27.66,-0.01,6,16596,中性盘
823,14:03:12,27.67,--,40,110680,买盘
824,14:03:09,27.67,0.01,16,44272,买盘
825,14:03:06,27.66,0.02,18,49788,买盘
826,14:03:03,27.64,-0.02,1590,4394981,卖盘
827,14:02:54,27.66,--,5,13830,买盘
828,14:02:48,27.66,--,195,539867,卖盘
829,14:02:45,27.66,--,10,27660,卖盘
830,14:02:42,27.66,-0.01,12,33192,卖盘
831,14:02:39,27.67,0.01,20,55340,买盘
832,14:02:36,27.66,--,112,312060,卖盘
833,14:02:30,27.66,--,2,5532,卖盘
834,14:02:27,27.66,--,62,171492,卖盘
835,14:02:24,27.66,-0.01,99,273834,卖盘
836,14:02:18,27.67,--,69,190923,买盘
837,14:02:15,27.67,0.01,210,581070,买盘
838,14:02:12,27.66,--,3,8298,买盘
839,14:02:09,27.66,0.01,13,35958,买盘
840,14:02:06,27.65,0.01,39,107835,中性盘
841,14:01:57,27.64,-0.01,162,450310,中性盘
842,14:01:45,27.65,--,18,49770,买盘
843,14:01:39,27.65,-0.01,15,41475,卖盘
844,14:01:36,27.66,--,21,58086,买盘
845,14:01:33,27.66,-0.01,77,212982,卖盘
846,14:01:27,27.67,--,157,434419,买盘
847,14:01:24,27.67,--,132,366848,卖盘
848,14:01:18,27.67,--,88,243496,卖盘
849,14:01:15,27.67,-0.01,100,279190,卖盘
850,14:01:12,27.68,--,20,55360,买盘
851,14:01:09,27.68,0.01,46,127328,买盘
852,14:01:06,27.67,--,47,130049,卖盘
853,14:01:03,27.67,--,46,127282,卖盘
854,14:01:00,27.67,--,2,5534,卖盘
855,14:00:57,27.67,--,13,35971,卖盘
856,14:00:54,27.67,0.01,189,524401,买盘
857,14:00:39,27.66,--,169,467454,买盘
858,14:00:36,27.66,-0.01,3,8298,中性盘
859,14:00:33,27.67,0.01,27,74709,买盘
860,14:00:27,27.66,-0.01,2,5532,卖盘
861,14:00:21,27.67,--,9,24903,买盘
862,14:00:11,27.67,--,82,226894,买盘
863,14:00:08,27.67,0.01,45,124515,买盘
864,14:00:05,27.66,0.01,41,113737,买盘
865,14:00:02,27.65,-0.01,3,8295,中性盘
866,13:59:53,27.66,--,1008,2788128,买盘
867,13:59:50,27.66,--,307,849162,买盘
868,13:59:41,27.66,0.01,163,450858,买盘
869,13:59:38,27.65,-0.01,40,110600,卖盘
870,13:59:35,27.66,--,20,55320,买盘
871,13:59:32,27.66,--,12,33192,买盘
872,13:59:29,27.66,--,302,837212,卖盘
873,13:59:26,27.66,--,39,107874,卖盘
874,13:59:14,27.66,-0.01,550,1522959,卖盘
875,13:59:11,27.67,0.01,62,171554,买盘
876,13:59:05,27.66,--,20,55320,卖盘
877,13:58:59,27.66,--,1,2766,卖盘
878,13:58:56,27.66,-0.01,35,96810,卖盘
879,13:58:53,27.67,0.01,7,19369,买盘
880,13:58:50,27.66,-0.01,44,121704,卖盘
881,13:58:44,27.67,0.02,157,436411,买盘
882,13:58:41,27.65,--,6,16590,卖盘
883,13:58:38,27.65,--,76,210140,卖盘
884,13:58:35,27.65,-0.01,59,163688,卖盘
885,13:58:32,27.66,0.01,14,38724,买盘
886,13:58:29,27.65,--,6,16590,卖盘
887,13:58:26,27.65,0.01,540,1493321,买盘
888,13:58:23,27.64,--,5,13820,卖盘
889,13:58:20,27.64,-0.01,5,13820,卖盘
890,13:58:17,27.65,0.01,84,232260,买盘
891,13:58:11,27.64,--,18,49752,卖盘
892,13:58:08,27.64,--,42,116088,卖盘
893,13:58:05,27.64,--,1,2764,卖盘
894,13:58:02,27.64,-0.01,18,49752,卖盘
895,13:57:56,27.65,--,31,87042,买盘
896,13:57:53,27.65,0.01,149,411985,买盘
897,13:57:50,27.64,--,13,35932,卖盘
898,13:57:41,27.64,-0.01,47,132450,卖盘
899,13:57:35,27.65,--,22,60830,卖盘
900,13:57:29,27.65,--,92,254601,买盘
901,13:57:26,27.65,--,8,22120,买盘
902,13:57:23,27.65,--,5,13825,买盘
903,13:57:20,27.65,--,109,301385,买盘
904,13:57:14,27.65,--,1,2765,买盘
905,13:57:11,27.65,0.01,22,60830,卖盘
906,13:56:59,27.64,-0.01,174,480936,卖盘
907,13:56:50,27.65,0.01,10,27650,买盘
908,13:56:44,27.64,--,12,33168,卖盘
909,13:56:38,27.64,0.01,137,380326,买盘
910,13:56:35,27.63,-0.01,61,168543,卖盘
911,13:56:32,27.64,0.01,179,494756,买盘
912,13:56:23,27.63,--,13,35919,卖盘
913,13:56:20,27.63,-0.02,20,55260,卖盘
914,13:56:17,27.65,0.02,85,235025,买盘
915,13:56:11,27.63,-0.01,42,116046,卖盘
916,13:56:08,27.64,0.01,8,22112,买盘
917,13:56:05,27.63,0.01,30,85431,买盘
918,13:56:02,27.62,--,12,33144,卖盘
919,13:55:50,27.62,-0.01,12,33144,卖盘
920,13:55:47,27.63,0.01,1,2763,中性盘
921,13:55:41,27.62,--,6,16572,卖盘
922,13:55:38,27.62,--,61,168482,卖盘
923,13:55:35,27.62,--,22,61758,买盘
924,13:55:29,27.62,0.01,10,27620,买盘
925,13:55:26,27.61,-0.01,12,33132,卖盘
926,13:55:20,27.62,0.01,11,30382,买盘
927,13:55:17,27.61,-0.01,184,509570,卖盘
928,13:55:14,27.62,--,179,495613,买盘
929,13:55:11,27.62,0.01,164,452968,买盘
930,13:55:08,27.61,-0.01,69,190509,卖盘
931,13:55:02,27.62,--,65,179530,买盘
932,13:54:59,27.62,-0.03,168,465562,卖盘
933,13:54:56,27.65,0.02,26,71890,买盘
934,13:54:53,27.63,--,9,24867,买盘
935,13:54:50,27.63,0.01,4,11052,买盘
936,13:54:41,27.62,0.01,70,194555,买盘
937,13:54:38,27.61,-0.01,39,107679,卖盘
938,13:54:35,27.62,--,16,44192,买盘
939,13:54:32,27.62,-0.01,8,23863,卖盘
940,13:54:29,27.63,0.01,1,2763,买盘
941,13:54:26,27.62,-0.01,19,52478,卖盘
942,13:54:23,27.63,0.01,24,66312,买盘
943,13:54:20,27.62,-0.01,249,687738,卖盘
944,13:54:14,27.63,--,5,13815,卖盘
945,13:54:11,27.63,--,12,33156,卖盘
946,13:53:59,27.63,--,17,46971,卖盘
947,13:53:56,27.63,-0.02,28,79353,卖盘
948,13:53:53,27.65,0.02,10,27650,买盘
949,13:53:50,27.63,--,57,157491,卖盘
950,13:53:47,27.63,--,55,151965,买盘
951,13:53:35,27.63,--,14,38682,买盘
952,13:53:26,27.63,0.01,10,27630,中性盘
953,13:53:23,27.62,-0.04,73,201626,卖盘
954,13:53:20,27.66,0.02,149,412134,买盘
955,13:53:17,27.64,-0.01,72,199008,卖盘
956,13:53:14,27.65,--,27,77088,卖盘
957,13:53:11,27.65,-0.01,6,16590,卖盘
958,13:53:08,27.66,0.01,63,174258,买盘
959,13:53:05,27.65,--,12,33180,卖盘
960,13:53:02,27.65,--,2,5530,卖盘
961,13:52:59,27.65,--,22,60830,卖盘
962,13:52:56,27.65,0.03,93,257476,买盘
963,13:52:53,27.62,-0.03,21,59327,卖盘
964,13:52:47,27.65,0.01,94,259910,买盘
965,13:52:41,27.64,-0.01,4,11056,卖盘
966,13:52:38,27.65,--,30,84387,买盘
967,13:52:35,27.65,0.01,2,5530,买盘
968,13:52:32,27.64,-0.01,12,33168,卖盘
969,13:52:26,27.65,0.01,149,411985,买盘
970,13:52:20,27.64,--,12,33168,卖盘
971,13:52:17,27.64,-0.01,50,138200,卖盘
972,13:52:14,27.65,0.01,77,212905,买盘
973,13:52:11,27.64,--,7,19348,卖盘
974,13:52:08,27.64,-0.01,11,30404,卖盘
975,13:52:02,27.65,0.03,54,149310,买盘
976,13:51:59,27.62,--,84,233002,卖盘
977,13:51:47,27.62,-0.03,13,35906,卖盘
978,13:51:38,27.65,--,311,861021,卖盘
979,13:51:35,27.65,--,21,58065,卖盘
980,13:51:29,27.65,0.03,33,92904,买盘
981,13:51:26,27.62,-0.03,13,35906,卖盘
982,13:51:23,27.65,0.03,12,33180,买盘
983,13:51:17,27.62,-0.03,46,127052,卖盘
984,13:51:14,27.65,0.03,145,403026,买盘
985,13:51:11,27.62,0.01,13,35906,中性盘
986,13:51:02,27.61,-0.02,12,33132,卖盘
987,13:50:59,27.63,0.01,20,55260,买盘
988,13:50:50,27.62,-0.03,52,145391,卖盘
989,13:50:44,27.65,-0.01,245,678531,卖盘
990,13:50:35,27.66,-0.01,22,61073,卖盘
991,13:50:32,27.67,0.01,36,99612,买盘
992,13:50:26,27.66,--,1,2766,卖盘
993,13:50:23,27.66,--,7,19362,卖盘
994,13:50:20,27.66,-0.01,123,342209,卖盘
995,13:50:17,27.67,0.01,70,193690,买盘
996,13:50:08,27.66,0.02,13,38170,买盘
997,13:50:05,27.64,--,320,884480,卖盘
998,13:49:56,27.64,-0.01,12,33168,卖盘
999,13:49:53,27.65,--,16,44240,买盘
1000,13:49:50,27.65,-0.01,19,52535,卖盘
1001,13:49:47,27.66,0.01,200,553200,买盘
1002,13:49:44,27.65,-0.01,12,33180,卖盘
1003,13:49:41,27.66,0.01,18,49788,买盘
1004,13:49:35,27.65,--,18,49770,卖盘
1005,13:49:29,27.65,--,41,113365,卖盘
1006,13:49:23,27.65,0.01,36,99540,买盘
1007,13:49:20,27.64,-0.02,77,212828,中性盘
1008,13:49:17,27.66,0.03,148,410363,买盘
1009,13:49:05,27.63,--,15,41445,卖盘
1010,13:48:59,27.63,-0.03,12,33156,卖盘
1011,13:48:56,27.66,--,50,138300,买盘
1012,13:48:50,27.66,0.01,194,536604,买盘
1013,13:48:47,27.65,-0.01,27,74655,卖盘
1014,13:48:44,27.66,0.01,11,30426,买盘
1015,13:48:41,27.65,--,11,30415,卖盘
1016,13:48:38,27.65,--,16,44240,卖盘
1017,13:48:35,27.65,--,16,44240,卖盘
1018,13:48:32,27.65,--,10,28203,卖盘
1019,13:48:29,27.65,-0.01,43,118895,卖盘
1020,13:48:26,27.66,0.03,63,174258,买盘
1021,13:48:20,27.63,--,6,16578,卖盘
1022,13:48:17,27.63,--,82,226566,卖盘
1023,13:48:14,27.63,-0.02,7,19341,卖盘
1024,13:48:11,27.65,--,5,13825,买盘
1025,13:48:08,27.65,--,32,90692,卖盘
1026,13:48:02,27.65,-0.01,81,223965,卖盘
1027,13:47:59,27.66,0.01,122,337452,买盘
1028,13:47:56,27.65,--,18,50323,卖盘
1029,13:47:50,27.65,--,6,16590,卖盘
1030,13:47:47,27.65,--,44,121660,卖盘
1031,13:47:44,27.65,-0.01,12,33180,卖盘
1032,13:47:41,27.66,--,2,5532,买盘
1033,13:47:35,27.66,--,47,130002,卖盘
1034,13:47:32,27.66,--,101,279366,买盘
1035,13:47:23,27.66,--,20,55320,买盘
1036,13:47:17,27.66,--,94,260335,卖盘
1037,13:47:14,27.66,--,1,2766,卖盘
1038,13:47:11,27.66,--,33,91278,卖盘
1039,13:47:08,27.66,0.01,115,320524,买盘
1040,13:47:05,27.65,-0.01,78,215670,卖盘
1041,13:46:59,27.66,--,20,55320,买盘
1042,13:46:53,27.66,0.01,107,295962,买盘
1043,13:46:47,27.65,--,4,11060,卖盘
1044,13:46:41,27.65,0.01,10,27650,中性盘
1045,13:46:38,27.64,-0.02,22,60808,中性盘
1046,13:46:35,27.66,0.03,218,603541,买盘
1047,13:46:26,27.63,-0.02,27,74601,卖盘
1048,13:46:20,27.65,--,91,251615,买盘
1049,13:46:14,27.65,0.02,1,2765,买盘
1050,13:46:11,27.63,-0.03,5,13815,中性盘
1051,13:46:05,27.66,0.03,41,113406,买盘
1052,13:45:59,27.63,0.02,5,13815,买盘
1053,13:45:56,27.61,-0.02,13,35893,卖盘
1054,13:45:53,27.63,--,17,46971,卖盘
1055,13:45:50,27.63,-0.03,55,151965,卖盘
1056,13:45:47,27.66,0.03,162,448092,买盘
1057,13:45:44,27.63,-0.03,11,30393,卖盘
1058,13:45:41,27.66,0.01,41,113406,买盘
1059,13:45:38,27.65,--,477,1320342,卖盘
1060,13:45:32,27.65,-0.01,33,91245,卖盘
1061,13:45:29,27.66,--,64,177024,买盘
1062,13:45:26,27.66,0.01,301,832566,买盘
1063,13:45:20,27.65,-0.01,31,85715,卖盘
1064,13:45:17,27.66,0.03,1114,3083868,买盘
1065,13:45:11,27.63,-0.02,13,35919,卖盘
1066,13:45:08,27.65,0.01,23,63595,买盘
1067,13:45:05,27.64,0.01,11,30404,买盘
1068,13:45:02,27.63,--,10,27630,卖盘
1069,13:44:59,27.63,-0.01,40,110520,卖盘
1070,13:44:56,27.64,-0.01,3,8292,买盘
1071,13:44:53,27.65,0.02,13,35945,买盘
1072,13:44:50,27.63,--,58,162574,买盘
1073,13:44:47,27.63,0.02,5,13815,买盘
1074,13:44:44,27.61,-0.02,37,102157,卖盘
1075,13:44:41,27.63,--,59,163017,中性盘
1076,13:44:38,27.63,-0.01,36,101899,卖盘
1077,13:44:35,27.64,--,11,30404,卖盘
1078,13:44:32,27.64,--,18,49752,卖盘
1079,13:44:29,27.64,--,131,362415,买盘
1080,13:44:23,27.64,--,150,414600,买盘
1081,13:44:17,27.64,--,16,44224,买盘
1082,13:44:14,27.64,0.01,159,439476,买盘
1083,13:44:08,27.63,0.03,12,33156,买盘
1084,13:44:05,27.6,--,11,30360,卖盘
1085,13:44:02,27.6,-0.03,36,99360,卖盘
1086,13:43:59,27.63,--,17,46971,买盘
1087,13:43:56,27.63,0.03,116,321115,买盘
1088,13:43:53,27.6,--,13,35880,卖盘
1089,13:43:50,27.6,--,19,52495,买盘
1090,13:43:47,27.6,--,27,74520,买盘
1091,13:43:44,27.6,0.02,22,60720,买盘
1092,13:43:41,27.58,-0.01,2,5516,卖盘
1093,13:43:38,27.59,-0.01,6,16554,卖盘
1094,13:43:35,27.6,0.02,8,22080,买盘
1095,13:43:32,27.58,-0.02,179,493681,卖盘
1096,13:43:26,27.6,--,31,85560,买盘
1097,13:43:23,27.6,--,65,179400,买盘
1098,13:43:20,27.6,--,4,11040,买盘
1099,13:43:14,27.6,0.01,153,422390,买盘
1100,13:43:11,27.59,--,162,449054,卖盘
1101,13:43:05,27.59,-0.01,9,24831,卖盘
1102,13:43:02,27.6,0.02,18,50342,买盘
1103,13:42:59,27.58,-0.01,12,33096,卖盘
1104,13:42:56,27.59,--,12,33108,买盘
1105,13:42:53,27.59,--,43,118637,买盘
1106,13:42:50,27.59,--,27,74493,买盘
1107,13:42:47,27.59,--,24,66216,买盘
1108,13:42:44,27.59,-0.01,92,255924,卖盘
1109,13:42:38,27.6,--,65,180062,买盘
1110,13:42:35,27.6,--,148,408480,买盘
1111,13:42:32,27.6,--,3,8280,买盘
1112,13:42:29,27.6,0.01,11,30360,买盘
1113,13:42:26,27.59,-0.01,12,33108,中性盘
1114,13:42:20,27.6,--,3,8280,买盘
1115,13:42:17,27.6,--,83,229080,买盘
1116,13:42:10,27.6,--,152,419520,买盘
1117,13:42:04,27.6,0.01,26,71760,买盘
1118,13:42:01,27.59,-0.01,19,52421,卖盘
1119,13:41:58,27.6,--,32,89755,卖盘
1120,13:41:55,27.6,--,24,67344,卖盘
1121,13:41:52,27.6,--,12,33120,卖盘
1122,13:41:43,27.6,-0.01,1,2760,卖盘
1123,13:41:40,27.61,-0.02,172,475996,卖盘
1124,13:41:37,27.63,--,18,49734,卖盘
1125,13:41:34,27.63,0.03,42,117703,买盘
1126,13:41:31,27.6,-0.03,44,122544,卖盘
1127,13:41:28,27.63,-0.01,14,38682,卖盘
1128,13:41:25,27.64,0.01,15,41460,买盘
1129,13:41:22,27.63,0.03,270,747667,买盘
1130,13:41:19,27.6,-0.03,11,30360,卖盘
1131,13:41:16,27.63,--,164,453132,卖盘
1132,13:41:13,27.63,0.03,56,154728,买盘
1133,13:41:10,27.6,-0.03,64,176640,卖盘
1134,13:41:01,27.63,0.03,11,30393,买盘
1135,13:40:55,27.6,-0.04,12,33120,卖盘
1136,13:40:46,27.64,0.03,168,464352,买盘
1137,13:40:40,27.61,--,6,16566,卖盘
1138,13:40:34,27.61,--,45,125570,卖盘
1139,13:40:28,27.61,--,1,2761,卖盘
1140,13:40:19,27.61,-0.03,164,452804,卖盘
1141,13:40:16,27.64,0.03,74,204536,买盘
1142,13:40:13,27.61,--,19,52459,卖盘
1143,13:40:10,27.61,-0.04,88,245397,卖盘
1144,13:40:04,27.65,0.01,79,218435,买盘
1145,13:40:01,27.64,--,34,93976,卖盘
1146,13:39:58,27.64,--,57,157879,卖盘
1147,13:39:55,27.64,--,2,5528,卖盘
1148,13:39:52,27.64,0.04,360,995040,买盘
1149,13:39:40,27.6,--,13,35880,卖盘
1150,13:39:34,27.6,-0.04,168,463680,卖盘
1151,13:39:31,27.64,--,500,1382000,买盘
1152,13:39:28,27.64,0.01,182,503048,买盘
1153,13:39:25,27.63,--,30,82890,卖盘
1154,13:39:22,27.63,--,46,127098,卖盘
1155,13:39:19,27.63,-0.01,43,118809,卖盘
1156,13:39:16,27.64,0.01,116,320955,买盘
1157,13:39:10,27.63,--,5,13815,卖盘
1158,13:39:07,27.63,--,14,38682,卖盘
1159,13:39:04,27.63,--,2,5526,卖盘
1160,13:39:01,27.63,--,16,45257,买盘
1161,13:38:58,27.63,0.01,8,22104,买盘
1162,13:38:55,27.62,--,48,132576,卖盘
1163,13:38:49,27.62,--,5,13810,卖盘
1164,13:38:46,27.62,-0.01,13,35906,卖盘
1165,13:38:34,27.63,0.01,16,44208,中性盘
1166,13:38:31,27.62,-0.03,62,171244,卖盘
1167,13:38:28,27.65,0.01,151,417515,买盘
1168,13:38:25,27.64,--,11,30404,卖盘
1169,13:38:22,27.64,-0.01,45,124380,卖盘
1170,13:38:19,27.65,0.01,8,22120,买盘
1171,13:38:16,27.64,--,169,467116,卖盘
1172,13:38:13,27.64,--,18,49752,卖盘
1173,13:38:04,27.64,0.01,18,49752,买盘
1174,13:38:01,27.63,--,34,93942,卖盘
1175,13:37:55,27.63,-0.01,87,241375,卖盘
1176,13:37:52,27.64,--,3,8292,买盘
1177,13:37:49,27.64,0.01,23,63572,买盘
1178,13:37:46,27.63,-0.01,8,22104,卖盘
1179,13:37:40,27.64,--,193,533452,买盘
1180,13:37:34,27.64,0.01,8,22112,买盘
1181,13:37:31,27.63,--,8,22104,卖盘
1182,13:37:25,27.63,--,80,221040,卖盘
1183,13:37:22,27.63,--,45,124335,卖盘
1184,13:37:16,27.63,--,139,384222,卖盘
1185,13:37:10,27.63,0.01,9,24867,买盘
1186,13:37:07,27.62,--,13,35906,卖盘
1187,13:37:01,27.62,--,26,71812,卖盘
1188,13:36:55,27.62,-0.01,42,116004,卖盘
1189,13:36:52,27.63,0.01,8,22104,买盘
1190,13:36:49,27.62,--,5,13810,卖盘
1191,13:36:43,27.62,--,90,250458,买盘
1192,13:36:40,27.62,--,2,5524,买盘
1193,13:36:37,27.62,--,26,71812,买盘
1194,13:36:34,27.62,--,78,215436,买盘
1195,13:36:31,27.62,--,220,609297,卖盘
1196,13:36:19,27.62,-0.02,17,46954,卖盘
1197,13:36:16,27.64,0.02,69,190716,买盘
1198,13:36:13,27.62,--,35,97774,买盘
1199,13:36:04,27.62,--,12,33144,买盘
1200,13:36:01,27.62,0.02,10,27620,买盘
1201,13:35:58,27.6,-0.02,15,41400,卖盘
1202,13:35:55,27.62,-0.01,51,140862,卖盘
1203,13:35:52,27.63,0.01,18,49734,买盘
1204,13:35:46,27.62,-0.01,218,602116,卖盘
1205,13:35:43,27.63,0.01,9,24867,买盘
1206,13:35:37,27.62,--,14,38668,卖盘
1207,13:35:37,27.62,--,14,38668,卖盘
1208,13:35:31,27.62,-0.01,14,38668,卖盘
1209,13:35:28,27.63,0.01,56,154728,买盘
1210,13:35:25,27.62,0.02,33,91146,中性盘
1211,13:35:19,27.6,-0.03,10,27600,卖盘
1212,13:35:16,27.63,0.03,174,482143,买盘
1213,13:35:04,27.6,--,218,603280,买盘
1214,13:34:58,27.6,--,17,46920,买盘
1215,13:34:55,27.6,0.02,151,416760,买盘
1216,13:34:52,27.58,-0.02,24,66192,卖盘
1217,13:34:49,27.6,--,10,27600,买盘
1218,13:34:43,27.6,-0.03,452,1248679,卖盘
1219,13:34:40,27.63,-0.01,10,27630,卖盘
1220,13:34:37,27.64,0.01,62,172307,买盘
1221,13:34:31,27.63,--,68,187884,买盘
1222,13:34:25,27.63,-0.01,2,5526,中性盘
1223,13:34:22,27.64,--,35,96740,买盘
1224,13:34:19,27.64,--,1,2764,买盘
1225,13:34:16,27.64,0.01,69,190716,买盘
1226,13:34:13,27.63,--,2,5526,中性盘
1227,13:34:10,27.63,-0.01,25,69075,中性盘
1228,13:34:07,27.64,--,11,30404,买盘
1229,13:33:58,27.64,0.01,164,453296,买盘
1230,13:33:55,27.63,--,79,219271,买盘
1231,13:33:52,27.63,0.01,16,44208,中性盘
1232,13:33:46,27.62,-0.01,11,30382,卖盘
1233,13:33:43,27.63,--,121,334323,卖盘
1234,13:33:40,27.63,--,12,33156,卖盘
1235,13:33:34,27.63,--,126,350624,买盘
1236,13:33:31,27.63,--,62,171306,买盘
1237,13:33:25,27.63,--,41,113559,卖盘
1238,13:33:22,27.63,--,10,27630,卖盘
1239,13:33:19,27.63,-0.01,10,27630,卖盘
1240,13:33:16,27.64,0.02,211,585691,买盘
1241,13:33:04,27.62,--,23,63526,卖盘
1242,13:33:01,27.62,--,31,85622,卖盘
1243,13:32:58,27.62,--,12,33144,卖盘
1244,13:32:52,27.62,--,53,146386,卖盘
1245,13:32:49,27.62,0.01,112,309344,买盘
1246,13:32:46,27.61,-0.01,10,27610,卖盘
1247,13:32:43,27.62,0.01,46,127052,买盘
1248,13:32:40,27.61,-0.01,208,574288,卖盘
1249,13:32:37,27.62,0.01,2,5524,买盘
1250,13:32:34,27.61,--,57,159199,卖盘
1251,13:32:31,27.61,-0.01,20,55220,卖盘
1252,13:32:28,27.62,--,100,276200,买盘
1253,13:32:25,27.62,0.01,38,107690,买盘
1254,13:32:22,27.61,--,17,46937,卖盘
1255,13:32:19,27.61,-0.01,24,66264,卖盘
1256,13:32:16,27.62,0.01,70,193340,买盘
1257,13:32:13,27.61,--,182,502502,卖盘
1258,13:32:10,27.61,--,17,46937,卖盘
1259,13:32:07,27.61,-0.01,5,13805,卖盘
1260,13:32:04,27.62,--,11,30382,买盘
1261,13:31:58,27.62,0.01,24,66288,买盘
1262,13:31:55,27.61,-0.01,131,363237,卖盘
1263,13:31:52,27.62,--,2,5524,买盘
1264,13:31:49,27.62,--,36,99432,买盘
1265,13:31:43,27.62,--,157,433634,卖盘
1266,13:31:40,27.62,-0.01,3,8286,中性盘
1267,13:31:34,27.63,0.01,24,66919,买盘
1268,13:31:28,27.62,--,3,8286,买盘
1269,13:31:25,27.62,--,36,101586,卖盘
1270,13:31:22,27.62,-0.01,159,439158,卖盘
1271,13:31:16,27.63,--,74,204462,买盘
1272,13:31:13,27.63,--,67,185121,卖盘
1273,13:31:10,27.63,--,5,13815,卖盘
1274,13:31:07,27.63,--,10,27630,卖盘
1275,13:31:04,27.63,--,16,44208,卖盘
1276,13:31:01,27.63,0.01,3,8289,卖盘
1277,13:30:58,27.62,--,1,2762,卖盘
1278,13:30:55,27.62,-0.01,64,176768,卖盘
1279,13:30:52,27.63,--,142,394584,买盘
1280,13:30:49,27.63,0.01,10,27630,买盘
1281,13:30:46,27.62,--,8,22123,卖盘
1282,13:30:43,27.62,--,12,33144,卖盘
1283,13:30:34,27.62,--,92,255208,卖盘
1284,13:30:31,27.62,--,20,55240,卖盘
1285,13:30:28,27.62,0.01,59,162958,买盘
1286,13:30:22,27.61,0.01,33,91113,卖盘
1287,13:30:19,27.6,-0.03,13,35880,卖盘
1288,13:30:16,27.63,0.01,69,190647,买盘
1289,13:30:13,27.62,--,70,193340,卖盘
1290,13:30:04,27.62,--,6,16572,卖盘
1291,13:30:01,27.62,0.02,118,325943,买盘
1292,13:29:55,27.6,-0.01,55,151800,卖盘
1293,13:29:52,27.61,--,13,35893,卖盘
1294,13:29:49,27.61,-0.01,106,292666,卖盘
1295,13:29:46,27.62,0.01,17,46954,买盘
1296,13:29:43,27.61,-0.01,3,8283,卖盘
1297,13:29:37,27.62,0.01,15,41430,买盘
1298,13:29:25,27.61,0.01,31,85591,买盘
1299,13:29:22,27.6,--,22,60720,卖盘
1300,13:29:19,27.6,-0.02,6,16560,卖盘
1301,13:29:16,27.62,0.02,89,247558,买盘
1302,13:29:13,27.6,0.02,1309,3613778,买盘
1303,13:29:10,27.58,-0.01,30,82740,卖盘
1304,13:29:07,27.59,0.01,149,411091,买盘
1305,13:29:01,27.58,--,14,38612,卖盘
1306,13:28:58,27.58,-0.01,16,44128,卖盘
1307,13:28:55,27.59,0.01,31,85529,买盘
1308,13:28:52,27.58,--,5,13790,卖盘
1309,13:28:49,27.58,-0.02,14,38612,卖盘
1310,13:28:46,27.6,0.02,27,74520,买盘
1311,13:28:40,27.58,--,189,521261,卖盘
1312,13:28:37,27.58,-0.01,5,13790,卖盘
1313,13:28:34,27.59,0.01,10,27590,买盘
1314,13:28:31,27.58,-0.01,11,30337,卖盘
1315,13:28:28,27.59,-0.01,37,102083,卖盘
1316,13:28:19,27.6,--,4,11040,买盘
1317,13:28:16,27.6,--,149,411240,买盘
1318,13:28:13,27.6,--,102,283728,卖盘
1319,13:28:10,27.6,0.01,56,155112,买盘
1320,13:28:07,27.59,-0.01,13,35867,卖盘
1321,13:28:04,27.6,0.01,4,11040,买盘
1322,13:27:58,27.59,-0.01,47,131880,卖盘
1323,13:27:55,27.6,--,25,69552,卖盘
1324,13:27:52,27.6,--,15,41400,卖盘
1325,13:27:46,27.6,-0.01,27,74520,卖盘
1326,13:27:43,27.61,--,165,455565,卖盘
1327,13:27:40,27.61,--,15,41415,卖盘
1328,13:27:34,27.61,--,15,41415,卖盘
1329,13:27:28,27.61,-0.02,5,13805,卖盘
1330,13:27:25,27.63,0.01,8,22104,买盘
1331,13:27:22,27.62,-0.01,13,36430,卖盘
1332,13:27:19,27.63,-0.01,208,574704,卖盘
1333,13:27:16,27.64,0.01,197,546719,买盘
1334,13:27:10,27.63,--,54,149202,卖盘
1335,13:27:04,27.63,--,32,88416,卖盘
1336,13:27:01,27.63,--,14,38682,卖盘
1337,13:26:58,27.63,0.02,303,837216,买盘
1338,13:26:55,27.61,--,1,2761,卖盘
1339,13:26:52,27.61,--,42,115962,卖盘
1340,13:26:49,27.61,--,179,494219,卖盘
1341,13:26:46,27.61,-0.02,4,11044,卖盘
1342,13:26:40,27.63,0.02,8,22104,买盘
1343,13:26:37,27.61,-0.02,33,91113,卖盘
1344,13:26:34,27.63,--,193,533259,卖盘
1345,13:26:31,27.63,--,75,207225,卖盘
1346,13:26:25,27.63,--,390,1077570,买盘
1347,13:26:19,27.63,--,10,27630,买盘
1348,13:26:16,27.63,-0.01,82,226566,买盘
1349,13:26:10,27.64,0.02,55,152020,买盘
1350,13:26:07,27.62,--,8,22096,卖盘
1351,13:26:01,27.62,-0.02,278,767946,卖盘
1352,13:25:58,27.64,--,227,630081,买盘
1353,13:25:55,27.64,0.02,149,411836,买盘
1354,13:25:52,27.62,-0.02,24,66288,卖盘
1355,13:25:46,27.64,--,78,215592,卖盘
1356,13:25:40,27.64,--,124,342736,卖盘
1357,13:25:37,27.64,0.01,467,1291340,买盘
1358,13:25:34,27.63,--,4,11052,卖盘
1359,13:25:31,27.63,0.01,57,157491,买盘
1360,13:25:28,27.62,--,5,13810,买盘
1361,13:25:25,27.62,--,32,88384,卖盘
1362,13:25:22,27.62,-0.01,11,30382,卖盘
1363,13:25:19,27.63,-0.01,5,13815,买盘
1364,13:25:16,27.64,0.02,74,204536,买盘
1365,13:25:13,27.62,-0.01,26,71812,卖盘
1366,13:25:07,27.63,--,51,140913,卖盘
1367,13:25:04,27.63,--,10,27630,卖盘
1368,13:25:01,27.63,--,189,522207,卖盘
1369,13:24:58,27.63,--,5,13815,卖盘
1370,13:24:52,27.63,--,31,85653,卖盘
1371,13:24:49,27.63,--,219,605097,买盘
1372,13:24:46,27.63,0.01,19,52497,买盘
1373,13:24:43,27.62,--,10,27620,卖盘
1374,13:24:40,27.62,--,10,27620,卖盘
1375,13:24:37,27.62,--,13,35906,卖盘
1376,13:24:34,27.62,--,122,338068,买盘
1377,13:24:28,27.62,--,1,2762,买盘
1378,13:24:25,27.62,--,14,38668,买盘
1379,13:24:22,27.62,-0.01,10,27620,卖盘
1380,13:24:16,27.63,0.01,81,223803,买盘
1381,13:24:13,27.62,-0.01,2,5524,买盘
1382,13:24:10,27.63,0.01,151,417213,买盘
1383,13:24:07,27.62,0.01,3,8286,买盘
1384,13:24:04,27.61,-0.01,22,60742,卖盘
1385,13:24:01,27.62,--,3,8286,买盘
1386,13:23:58,27.62,-0.01,42,116004,卖盘
1387,13:23:55,27.63,0.01,120,331560,买盘
1388,13:23:52,27.62,-0.01,83,229246,卖盘
1389,13:23:43,27.63,0.01,51,140913,买盘
1390,13:23:40,27.62,0.01,17,46954,中性盘
1391,13:23:31,27.61,-0.02,13,35893,卖盘
1392,13:23:28,27.63,0.02,10,27630,买盘
1393,13:23:19,27.61,-0.02,46,129214,卖盘
1394,13:23:16,27.63,-0.01,133,368031,卖盘
1395,13:23:13,27.64,0.02,103,284692,买盘
1396,13:23:10,27.62,-0.01,162,447444,卖盘
1397,13:23:07,27.63,0.01,3,8289,买盘
1398,13:23:04,27.62,-0.01,40,110480,卖盘
1399,13:23:01,27.63,0.01,11,30393,买盘
1400,13:22:58,27.62,--,21,58002,卖盘
1401,13:22:55,27.62,--,36,99432,卖盘
1402,13:22:52,27.62,--,1,2762,卖盘
1403,13:22:49,27.62,--,37,102194,卖盘
1404,13:22:46,27.62,--,4,11048,卖盘
1405,13:22:43,27.62,--,5,13810,卖盘
1406,13:22:40,27.62,--,39,107718,买盘
1407,13:22:34,27.62,0.01,248,684976,买盘
1408,13:22:31,27.61,-0.01,83,229163,卖盘
1409,13:22:28,27.62,--,29,80098,卖盘
1410,13:22:25,27.62,--,53,146386,卖盘
1411,13:22:19,27.62,--,21,58002,买盘
1412,13:22:16,27.62,0.01,93,256866,买盘
1413,13:22:13,27.61,--,23,63503,卖盘
1414,13:22:10,27.61,--,24,66264,卖盘
1415,13:22:07,27.61,--,10,27610,卖盘
1416,13:22:04,27.61,--,21,57981,卖盘
1417,13:22:01,27.61,0.01,49,135289,买盘
1418,13:21:58,27.6,0.01,113,312514,中性盘
1419,13:21:52,27.59,-0.01,168,463512,卖盘
1420,13:21:49,27.6,--,5,13800,买盘
1421,13:21:46,27.6,--,37,104190,卖盘
1422,13:21:43,27.6,--,13,35880,卖盘
1423,13:21:40,27.6,--,36,99360,卖盘
1424,13:21:34,27.6,0.02,269,743130,买盘
1425,13:21:21,27.58,--,5,13790,卖盘
1426,13:21:18,27.58,--,15,41370,卖盘
1427,13:21:15,27.58,-0.01,213,589053,卖盘
1428,13:21:09,27.59,0.01,45,124155,买盘
1429,13:21:06,27.58,-0.02,18,49644,卖盘
1430,13:21:03,27.6,0.02,30,82800,买盘
1431,13:20:57,27.58,-0.01,32,88256,卖盘
1432,13:20:54,27.59,--,18,52227,买盘
1433,13:20:48,27.59,--,82,226238,买盘
1434,13:20:42,27.59,--,1,2759,买盘
1435,13:20:39,27.59,--,65,179335,买盘
1436,13:20:36,27.59,--,44,121396,卖盘
1437,13:20:33,27.59,-0.01,105,289695,卖盘
1438,13:20:30,27.6,--,20,55200,买盘
1439,13:20:27,27.6,0.01,3,8280,买盘
1440,13:20:24,27.59,--,11,30349,卖盘
1441,13:20:15,27.59,-0.01,115,317285,卖盘
1442,13:20:12,27.6,0.01,30,82800,买盘
1443,13:20:03,27.59,0.01,29,80011,买盘
1444,13:20:00,27.58,--,24,66192,卖盘
1445,13:19:54,27.58,--,120,332201,卖盘
1446,13:19:51,27.58,-0.01,12,33096,卖盘
1447,13:19:48,27.59,-0.01,27,74493,中性盘
1448,13:19:39,27.6,--,32,88320,买盘
1449,13:19:36,27.6,0.01,152,419520,买盘
1450,13:19:33,27.59,0.01,24,66216,中性盘
1451,13:19:30,27.58,-0.02,11,30337,卖盘
1452,13:19:27,27.6,--,10,27600,买盘
1453,13:19:24,27.6,0.01,93,256680,买盘
1454,13:19:15,27.59,-0.02,335,926417,卖盘
1455,13:19:12,27.61,0.01,149,411389,买盘
1456,13:19:06,27.6,--,13,35880,卖盘
1457,13:18:57,27.6,--,2,5520,卖盘
1458,13:18:54,27.6,--,97,267720,卖盘
1459,13:18:51,27.6,--,20,55200,卖盘
1460,13:18:45,27.6,--,58,160080,卖盘
1461,13:18:42,27.6,--,3,8280,卖盘
1462,13:18:39,27.6,--,1,2760,卖盘
1463,13:18:36,27.6,0.01,279,770647,买盘
1464,13:18:33,27.59,-0.01,13,35867,卖盘
1465,13:18:30,27.6,--,2,5520,买盘
1466,13:18:27,27.6,0.01,17,46920,买盘
1467,13:18:24,27.59,--,11,30349,卖盘
1468,13:18:18,27.59,-0.01,50,137950,卖盘
1469,13:18:15,27.6,0.01,69,190440,买盘
1470,13:18:12,27.59,--,21,60063,买盘
1471,13:18:03,27.59,0.01,15,41385,买盘
1472,13:17:57,27.58,-0.01,13,35854,卖盘
1473,13:17:54,27.59,--,109,300731,卖盘
1474,13:17:51,27.59,--,3,8277,卖盘
1475,13:17:48,27.59,-0.01,165,455235,卖盘
1476,13:17:45,27.6,--,2,5520,买盘
1477,13:17:39,27.6,0.01,7,19320,买盘
1478,13:17:36,27.59,0.01,13,35867,卖盘
1479,13:17:33,27.58,--,10,27580,卖盘
1480,13:17:30,27.58,-0.02,80,220640,卖盘
1481,13:17:27,27.6,0.01,36,99360,买盘
1482,13:17:21,27.59,0.03,151,416995,买盘
1483,13:17:18,27.56,-0.02,7,19292,卖盘
1484,13:17:15,27.58,--,128,353024,卖盘
1485,13:17:06,27.58,--,61,168238,卖盘
1486,13:16:54,27.58,0.03,77,212366,买盘
1487,13:16:48,27.55,-0.03,2,5510,卖盘
1488,13:16:45,27.58,--,3,8274,买盘
1489,13:16:42,27.58,0.03,5,13790,卖盘
1490,13:16:39,27.55,-0.04,60,165300,卖盘
1491,13:16:33,27.59,0.01,7,21520,中性盘
1492,13:16:30,27.58,-0.01,186,512987,卖盘
1493,13:16:27,27.59,-0.01,38,104842,卖盘
1494,13:16:21,27.6,--,74,204240,卖盘
1495,13:16:18,27.6,0.01,7,19320,中性盘
1496,13:16:15,27.59,--,108,297972,卖盘
1497,13:16:12,27.59,-0.01,23,63457,卖盘
1498,13:16:09,27.6,--,10,27600,买盘
1499,13:16:06,27.6,0.01,15,41400,买盘
1500,13:16:03,27.59,0.01,10,27590,卖盘
1501,13:16:00,27.58,--,11,30337,卖盘
1502,13:15:57,27.58,-0.01,23,63433,卖盘
1503,13:15:54,27.59,--,3,8277,卖盘
1504,13:15:51,27.59,0.01,4,11036,买盘
1505,13:15:48,27.58,-0.01,21,57918,卖盘
1506,13:15:39,27.59,0.01,3,8277,买盘
1507,13:15:36,27.58,--,11,30337,卖盘
1508,13:15:33,27.58,-0.01,434,1196972,卖盘
1509,13:15:27,27.59,0.04,7,19313,买盘
1510,13:15:24,27.55,0.02,12,33060,中性盘
1511,13:15:21,27.53,-0.07,350,963550,卖盘
1512,13:15:15,27.6,0.07,100,276303,买盘
1513,13:15:09,27.53,-0.04,265,731334,卖盘
1514,13:15:06,27.57,-0.01,13,35841,中性盘
1515,13:15:00,27.58,--,8,22064,买盘
1516,13:14:57,27.58,--,48,132384,买盘
1517,13:14:54,27.58,--,3,8274,买盘
1518,13:14:51,27.58,-0.02,292,806301,卖盘
1519,13:14:48,27.6,--,11,30360,卖盘
1520,13:14:45,27.6,--,26,71760,卖盘
1521,13:14:42,27.6,0.02,24,67371,买盘
1522,13:14:36,27.58,--,88,243365,卖盘
1523,13:14:30,27.58,-0.02,17,46886,卖盘
1524,13:14:21,27.6,0.03,126,347760,买盘
1525,13:14:18,27.57,--,89,245373,卖盘
1526,13:14:12,27.57,0.02,5,15990,买盘
1527,13:14:09,27.55,--,8,22591,卖盘
1528,13:14:06,27.55,--,53,146015,卖盘
1529,13:14:03,27.55,-0.01,150,413250,卖盘
1530,13:13:57,27.56,--,62,170872,卖盘
1531,13:13:54,27.56,-0.01,37,104176,卖盘
1532,13:13:51,27.57,0.01,1,2757,买盘
1533,13:13:48,27.56,--,11,30316,卖盘
1534,13:13:45,27.56,-0.01,358,986648,卖盘
1535,13:13:42,27.57,0.01,66,181962,买盘
1536,13:13:36,27.56,-0.01,28,77168,卖盘
1537,13:13:33,27.57,--,4,11028,买盘
1538,13:13:30,27.57,-0.01,40,111355,卖盘
1539,13:13:27,27.58,-0.01,11,30337,卖盘
1540,13:13:18,27.59,--,12,33659,卖盘
1541,13:13:15,27.59,--,90,250517,卖盘
1542,13:13:12,27.59,-0.01,35,96565,卖盘
1543,13:13:09,27.6,0.01,2,5520,买盘
1544,13:13:03,27.59,-0.01,30,82770,卖盘
1545,13:12:57,27.6,0.01,8,22080,买盘
1546,13:12:54,27.59,--,5,13795,卖盘
1547,13:12:51,27.59,-0.01,5,13795,卖盘
1548,13:12:48,27.6,--,55,151800,买盘
1549,13:12:45,27.6,0.01,7,19320,买盘
1550,13:12:42,27.59,-0.02,12,33108,卖盘
1551,13:12:39,27.61,--,10,27610,买盘
1552,13:12:36,27.61,--,47,129767,买盘
1553,13:12:33,27.61,0.02,4,11044,买盘
1554,13:12:30,27.59,-0.01,15,41385,卖盘
1555,13:12:27,27.6,-0.01,26,71760,卖盘
1556,13:12:24,27.61,0.01,61,168421,买盘
1557,13:12:21,27.6,-0.02,24,66240,卖盘
1558,13:12:18,27.62,0.01,69,190578,买盘
1559,13:12:12,27.61,--,5,13805,买盘
1560,13:12:09,27.61,0.01,8,22088,买盘
1561,13:12:06,27.6,--,42,115920,卖盘
1562,13:11:57,27.6,-0.01,12,33120,卖盘
1563,13:11:54,27.61,--,20,55220,卖盘
1564,13:11:51,27.61,--,33,91113,买盘
1565,13:11:48,27.61,--,1,2761,卖盘
1566,13:11:45,27.61,--,24,66264,卖盘
1567,13:11:42,27.61,--,1,2761,卖盘
1568,13:11:39,27.61,0.01,8,22088,买盘
1569,13:11:36,27.6,-0.01,112,309120,卖盘
1570,13:11:33,27.61,0.01,29,80069,买盘
1571,13:11:30,27.6,--,14,38640,卖盘
1572,13:11:24,27.6,--,485,1338600,买盘
1573,13:11:21,27.6,--,12,33120,买盘
1574,13:11:18,27.6,0.01,203,560280,买盘
1575,13:11:12,27.59,-0.01,10,27590,卖盘
1576,13:11:06,27.6,--,2,5520,买盘
1577,13:11:03,27.6,0.01,26,71760,买盘
1578,13:10:57,27.59,--,1,2759,卖盘
1579,13:10:54,27.59,0.01,107,296895,买盘
1580,13:10:48,27.58,--,10,27580,买盘
1581,13:10:45,27.58,-0.01,39,108637,卖盘
1582,13:10:39,27.59,0.01,31,85529,买盘
1583,13:10:36,27.58,--,112,310550,卖盘
1584,13:10:33,27.58,--,1,2758,卖盘
1585,13:10:30,27.58,--,66,182055,买盘
1586,13:10:24,27.58,0.02,3,8274,买盘
1587,13:10:18,27.56,-0.01,83,228748,卖盘
1588,13:10:15,27.57,--,44,121308,买盘
1589,13:10:12,27.57,0.01,39,107523,买盘
1590,13:10:06,27.56,-0.01,56,154336,卖盘
1591,13:10:03,27.57,0.01,21,57897,买盘
1592,13:09:57,27.56,-0.01,37,101972,卖盘
1593,13:09:54,27.57,0.01,71,195747,买盘
1594,13:09:48,27.56,--,64,176384,卖盘
1595,13:09:45,27.56,--,22,60632,卖盘
1596,13:09:39,27.56,--,30,82680,卖盘
1597,13:09:33,27.56,0.02,35,96460,卖盘
1598,13:09:30,27.54,--,32,88128,卖盘
1599,13:09:24,27.54,-0.03,98,269892,卖盘
1600,13:09:21,27.57,0.03,8,22056,买盘
1601,13:09:15,27.54,--,366,1010304,卖盘
1602,13:09:12,27.54,-0.02,19,52326,卖盘
1603,13:09:09,27.56,0.02,7,19292,中性盘
1604,13:09:03,27.54,-0.03,12,33048,卖盘
1605,13:09:00,27.57,0.03,48,132336,买盘
1606,13:08:54,27.54,-0.02,126,347004,卖盘
1607,13:08:48,27.56,0.01,18,49608,卖盘
1608,13:08:42,27.55,--,268,738340,买盘
1609,13:08:39,27.55,--,21,57855,买盘
1610,13:08:36,27.55,0.01,59,162545,买盘
1611,13:08:33,27.54,-0.02,312,861451,卖盘
1612,13:08:30,27.56,--,25,68900,买盘
1613,13:08:24,27.56,--,6,16536,买盘
1614,13:08:21,27.56,-0.01,18,49608,中性盘
1615,13:08:15,27.57,0.01,80,220560,买盘
1616,13:08:12,27.56,0.02,1,2756,买盘
1617,13:08:06,27.54,-0.02,15,41310,卖盘
1618,13:07:57,27.56,-0.02,274,755888,中性盘
1619,13:07:54,27.58,0.04,10,27580,买盘
1620,13:07:48,27.54,-0.03,164,451656,卖盘
1621,13:07:45,27.57,-0.01,17,46869,卖盘
1622,13:07:39,27.58,0.01,160,441280,买盘
1623,13:07:36,27.57,--,5,13785,卖盘
1624,13:07:33,27.57,--,53,146121,买盘
1625,13:07:30,27.57,-0.01,5,13785,卖盘
1626,13:07:27,27.58,0.01,12,33096,买盘
1627,13:07:24,27.57,-0.01,2,5514,卖盘
1628,13:07:21,27.58,0.01,39,107562,买盘
1629,13:07:18,27.57,--,4,11028,卖盘
1630,13:07:15,27.57,0.02,543,1498622,买盘
1631,13:07:12,27.55,--,13,35815,卖盘
1632,13:07:09,27.55,--,20,55100,买盘
1633,13:07:06,27.55,--,107,294785,买盘
1634,13:07:03,27.55,--,82,225910,买盘
1635,13:06:54,27.55,0.01,100,275500,买盘
1636,13:06:51,27.54,--,11,30294,卖盘
1637,13:06:45,27.54,--,104,286416,卖盘
1638,13:06:42,27.54,0.01,209,578257,买盘
1639,13:06:39,27.53,-0.02,13,35789,卖盘
1640,13:06:36,27.55,0.01,100,275500,买盘
1641,13:06:30,27.54,0.01,5,13770,卖盘
1642,13:06:27,27.53,--,13,35789,卖盘
1643,13:06:24,27.53,-0.02,108,297324,卖盘
1644,13:06:18,27.55,0.01,7,19285,买盘
1645,13:06:15,27.54,--,87,239598,买盘
1646,13:06:12,27.54,--,3,8262,买盘
1647,13:06:09,27.54,0.01,10,27540,买盘
1648,13:06:06,27.53,-0.01,11,30283,卖盘
1649,13:06:00,27.54,--,8,22032,买盘
1650,13:05:57,27.54,0.01,1,2754,买盘
1651,13:05:54,27.53,-0.01,136,374820,卖盘
1652,13:05:51,27.54,--,2,5508,买盘
1653,13:05:48,27.54,0.01,3,8262,买盘
1654,13:05:45,27.53,--,13,35789,卖盘
1655,13:05:42,27.53,--,164,451492,卖盘
1656,13:05:39,27.53,--,5,13765,卖盘
1657,13:05:33,27.53,--,19,52307,卖盘
1658,13:05:21,27.53,--,80,220240,卖盘
1659,13:05:18,27.53,--,27,74331,买盘
1660,13:05:15,27.53,0.03,155,427265,买盘
1661,13:05:09,27.5,--,82,225500,卖盘
1662,13:05:03,27.5,-0.01,60,165000,卖盘
1663,13:05:00,27.51,--,12,33012,卖盘
1664,13:04:57,27.51,-0.03,16,44016,卖盘
1665,13:04:51,27.54,0.02,109,300186,买盘
1666,13:04:48,27.52,-0.01,11,32693,卖盘
1667,13:04:45,27.53,-0.02,10,27530,卖盘
1668,13:04:42,27.55,0.02,10,27550,中性盘
1669,13:04:36,27.53,-0.02,171,471368,卖盘
1670,13:04:33,27.55,--,18,49590,卖盘
1671,13:04:30,27.55,--,36,99180,卖盘
1672,13:04:27,27.55,--,12,33060,卖盘
1673,13:04:24,27.55,-0.01,11,30305,卖盘
1674,13:04:21,27.56,-0.01,1,2756,买盘
1675,13:04:18,27.57,0.02,70,192990,买盘
1676,13:04:15,27.55,-0.03,26,71630,卖盘
1677,13:04:09,27.58,0.02,91,250977,买盘
1678,13:04:06,27.56,0.01,4,11024,卖盘
1679,13:04:03,27.55,--,102,281010,卖盘
1680,13:04:00,27.55,--,40,110200,卖盘
1681,13:03:54,27.55,--,84,232191,卖盘
1682,13:03:51,27.55,--,23,63365,卖盘
1683,13:03:45,27.55,0.05,233,643623,买盘
1684,13:03:42,27.5,-0.02,14,38500,卖盘
1685,13:03:36,27.52,0.02,16,44032,中性盘
1686,13:03:30,27.5,--,11,30250,卖盘
1687,13:03:27,27.5,-0.01,140,385000,卖盘
1688,13:03:24,27.51,--,10,27510,卖盘
1689,13:03:21,27.51,-0.04,16,44016,中性盘
1690,13:03:18,27.55,0.05,70,192850,买盘
1691,13:03:15,27.5,-0.01,157,433125,卖盘
1692,13:03:12,27.51,--,13,35763,买盘
1693,13:03:09,27.51,--,27,74277,买盘
1694,13:03:03,27.51,--,47,129297,买盘
1695,13:03:00,27.51,--,130,359033,卖盘
1696,13:02:57,27.51,--,11,30261,卖盘
1697,13:02:54,27.51,-0.02,10,27510,卖盘
1698,13:02:48,27.53,-0.02,15,41295,买盘
1699,13:02:42,27.55,--,150,413250,买盘
1700,13:02:39,27.55,--,10,27550,买盘
1701,13:02:36,27.55,0.02,131,361951,买盘
1702,13:02:32,27.53,--,10,27530,卖盘
1703,13:02:29,27.53,-0.02,20,55060,卖盘
1704,13:02:26,27.55,0.02,10,27550,买盘
1705,13:02:23,27.53,0.01,23,63319,中性盘
1706,13:02:17,27.52,--,126,346752,卖盘
1707,13:02:14,27.52,--,41,112832,卖盘
1708,13:02:08,27.52,--,52,143104,卖盘
1709,13:02:05,27.52,--,10,27520,卖盘
1710,13:02:02,27.52,-0.01,22,60544,卖盘
1711,13:01:53,27.53,--,17,46801,买盘
1712,13:01:50,27.53,-0.01,29,79837,卖盘
1713,13:01:47,27.54,0.01,2,5508,中性盘
1714,13:01:41,27.53,--,14,38542,卖盘
1715,13:01:38,27.53,--,162,445986,卖盘
1716,13:01:35,27.53,-0.02,20,55060,卖盘
1717,13:01:29,27.55,--,17,46835,买盘
1718,13:01:26,27.55,0.02,8,22040,买盘
1719,13:01:23,27.53,-0.02,24,66072,卖盘
1720,13:01:17,27.55,--,82,225910,买盘
1721,13:01:14,27.55,-0.01,86,236930,买盘
1722,13:01:11,27.56,-0.01,319,880955,卖盘
1723,13:01:05,27.57,0.01,20,55140,买盘
1724,13:01:02,27.56,--,1,2756,卖盘
1725,13:00:59,27.56,--,3,8268,卖盘
1726,13:00:56,27.56,0.03,189,521848,买盘
1727,13:00:53,27.53,-0.02,10,27530,中性盘
1728,13:00:50,27.55,0.03,18,49590,买盘
1729,13:00:44,27.52,--,15,41582,买盘
1730,13:00:41,27.52,-0.03,6,18961,卖盘
1731,13:00:35,27.55,0.03,4,11020,买盘
1732,13:00:32,27.52,-0.03,26,71552,卖盘
1733,13:00:29,27.55,--,6,16530,买盘
1734,13:00:23,27.55,0.03,31,85405,买盘
1735,13:00:17,27.52,-0.02,103,283456,卖盘
1736,13:00:14,27.54,0.02,11,30294,卖盘
1737,13:00:11,27.52,-0.03,2,5504,卖盘
1738,13:00:08,27.55,0.05,441,1215258,买盘
1739,13:00:02,27.5,--,380,1045962,卖盘
1740,11:30:01,27.5,-0.02,11,30250,卖盘
1741,11:29:58,27.52,--,60,165120,买盘
1742,11:29:55,27.52,--,6,16512,卖盘
1743,11:29:49,27.52,-0.02,11,30272,卖盘
1744,11:29:46,27.54,--,17,46818,买盘
1745,11:29:40,27.54,0.04,28,77112,买盘
1746,11:29:28,27.5,-0.04,12,33000,卖盘
1747,11:29:19,27.54,-0.01,61,167994,中性盘
1748,11:29:16,27.55,0.03,96,264480,买盘
1749,11:29:04,27.52,-0.03,33,90816,中性盘
1750,11:28:58,27.55,--,11,30305,买盘
1751,11:28:55,27.55,0.04,14,38570,买盘
1752,11:28:43,27.51,-0.03,12,33012,卖盘
1753,11:28:40,27.54,0.03,10,27540,买盘
1754,11:28:34,27.51,0.01,37,102419,卖盘
1755,11:28:28,27.5,-0.04,2,5500,买盘
1756,11:28:25,27.54,--,3,8262,卖盘
1757,11:28:22,27.54,--,13,35802,卖盘
1758,11:28:16,27.54,0.04,64,176256,买盘
1759,11:28:13,27.5,0.01,18,49500,卖盘
1760,11:28:10,27.49,-0.01,351,964899,卖盘
1761,11:28:04,27.5,0.01,35,96250,买盘
1762,11:28:01,27.49,--,116,320231,卖盘
1763,11:27:55,27.49,-0.01,141,388708,卖盘
1764,11:27:52,27.5,--,122,335500,买盘
1765,11:27:43,27.5,0.01,17,46750,买盘
1766,11:27:37,27.49,-0.01,17,46733,卖盘
1767,11:27:34,27.5,0.01,11,30250,买盘
1768,11:27:31,27.49,--,1,2749,卖盘
1769,11:27:28,27.49,-0.01,32,87968,卖盘
1770,11:27:22,27.5,--,7,19250,买盘
1771,11:27:19,27.5,0.01,15,41250,买盘
1772,11:27:16,27.49,-0.01,251,691291,卖盘
1773,11:27:07,27.5,--,21,57750,卖盘
1774,11:27:04,27.5,--,1,2750,卖盘
1775,11:27:01,27.5,--,17,46750,卖盘
1776,11:26:58,27.5,--,15,41250,卖盘
1777,11:26:55,27.5,-0.04,12,33000,卖盘
1778,11:26:43,27.54,0.03,21,57834,买盘
1779,11:26:37,27.51,-0.03,5,13755,卖盘
1780,11:26:34,27.54,--,32,88128,卖盘
1781,11:26:31,27.54,--,33,90882,卖盘
1782,11:26:28,27.54,0.04,32,88128,买盘
1783,11:26:19,27.5,-0.05,22,60500,卖盘
1784,11:26:16,27.55,0.03,107,294785,买盘
1785,11:26:10,27.52,--,39,107328,买盘
1786,11:26:07,27.52,0.01,11,30272,买盘
1787,11:26:01,27.51,-0.01,10,27510,卖盘
1788,11:25:58,27.52,-0.03,12,33024,卖盘
1789,11:25:49,27.55,0.03,61,168055,买盘
1790,11:25:46,27.52,-0.02,15,41280,卖盘
1791,11:25:43,27.54,--,14,38556,卖盘
1792,11:25:37,27.54,0.02,18,49572,买盘
1793,11:25:34,27.52,-0.02,14,38528,卖盘
1794,11:25:31,27.54,0.02,5,13770,买盘
1795,11:25:28,27.52,-0.03,11,30272,卖盘
1796,11:25:19,27.55,--,20,55100,买盘
1797,11:25:16,27.55,0.01,70,192850,买盘
1798,11:25:13,27.54,--,23,63452,卖盘
1799,11:25:10,27.54,--,1,2754,卖盘
1800,11:25:04,27.54,-0.01,13,35802,卖盘
1801,11:24:58,27.55,--,62,172022,卖盘
1802,11:24:55,27.55,--,41,112955,卖盘
1803,11:24:49,27.55,-0.01,16,44080,卖盘
1804,11:24:46,27.56,0.01,12,33072,买盘
1805,11:24:43,27.55,--,63,173565,卖盘
1806,11:24:40,27.55,--,43,118465,卖盘
1807,11:24:37,27.55,-0.01,37,104331,卖盘
1808,11:24:34,27.56,0.01,8,22048,买盘
1809,11:24:28,27.55,-0.01,12,33060,卖盘
1810,11:24:22,27.56,0.01,12,33072,买盘
1811,11:24:19,27.55,-0.01,23,65899,卖盘
1812,11:24:16,27.56,--,73,201188,卖盘
1813,11:24:13,27.56,0.01,21,58096,买盘
1814,11:24:10,27.55,--,50,137750,卖盘
1815,11:24:07,27.55,-0.01,23,63365,卖盘
1816,11:24:04,27.56,--,103,283868,买盘
1817,11:24:01,27.56,0.01,13,35828,买盘
1818,11:23:58,27.55,--,25,68875,卖盘
1819,11:23:55,27.55,-0.01,94,259217,卖盘
1820,11:23:52,27.56,--,13,35828,买盘
1821,11:23:46,27.56,0.01,19,52364,买盘
1822,11:23:43,27.55,-0.01,61,168055,卖盘
1823,11:23:40,27.56,--,42,115752,买盘
1824,11:23:37,27.56,0.01,25,68900,买盘
1825,11:23:34,27.55,-0.01,709,1953295,卖盘
1826,11:23:31,27.56,--,1,2756,买盘
1827,11:23:27,27.56,0.01,23,63388,买盘
1828,11:23:24,27.55,-0.01,11,30305,卖盘
1829,11:23:18,27.56,--,115,316940,买盘
1830,11:23:12,27.56,--,23,63388,买盘
1831,11:23:09,27.56,--,11,30316,卖盘
1832,11:23:06,27.56,--,2,5512,卖盘
1833,11:23:03,27.56,--,8,22048,买盘
1834,11:23:00,27.56,0.01,23,63388,买盘
1835,11:22:54,27.55,--,4,11020,卖盘
1836,11:22:51,27.55,-0.01,12,33060,卖盘
1837,11:22:45,27.56,--,2,5512,买盘
1838,11:22:42,27.56,0.01,49,135044,买盘
1839,11:22:39,27.55,-0.01,12,33060,卖盘
1840,11:22:36,27.56,0.01,327,903802,卖盘
1841,11:22:30,27.55,-0.01,28,78049,卖盘
1842,11:22:24,27.56,--,4,11024,买盘
1843,11:22:21,27.56,0.01,20,55120,买盘
1844,11:22:18,27.55,-0.01,81,223155,卖盘
1845,11:22:15,27.56,0.01,3,8295,买盘
1846,11:22:09,27.55,--,52,143260,卖盘
1847,11:22:06,27.55,-0.01,13,35815,卖盘
1848,11:21:57,27.56,--,7,19292,买盘
1849,11:21:54,27.56,-0.01,264,728300,卖盘
1850,11:21:48,27.57,0.01,22,60654,买盘
1851,11:21:45,27.56,-0.02,11,30316,卖盘
1852,11:21:42,27.58,--,1,2758,买盘
1853,11:21:39,27.58,--,147,405426,买盘
1854,11:21:33,27.58,-0.04,35,96530,卖盘
1855,11:21:30,27.62,0.02,300,828600,买盘
1856,11:21:27,27.6,0.02,10,27600,买盘
1857,11:21:24,27.58,-0.04,47,129625,买盘
1858,11:21:21,27.62,0.06,300,828600,买盘
1859,11:21:18,27.56,--,75,206700,卖盘
1860,11:21:15,27.56,-0.04,475,1311139,卖盘
1861,11:21:09,27.6,0.02,308,850080,买盘
1862,11:21:06,27.58,0.03,15,41370,中性盘
1863,11:21:00,27.55,--,12,33060,卖盘
1864,11:20:54,27.55,-0.01,307,848292,卖盘
1865,11:20:51,27.56,0.01,2,5512,买盘
1866,11:20:48,27.55,-0.01,62,170810,卖盘
1867,11:20:45,27.56,--,2,5512,买盘
1868,11:20:42,27.56,0.01,54,148824,买盘
1869,11:20:39,27.55,-0.01,32,88160,卖盘
1870,11:20:33,27.56,-0.04,370,1019720,卖盘
1871,11:20:30,27.6,0.04,125,345000,买盘
1872,11:20:27,27.56,-0.04,16,44096,卖盘
1873,11:20:21,27.6,--,3,8280,买盘
1874,11:20:18,27.6,--,211,582360,买盘
1875,11:20:15,27.6,0.04,87,240120,买盘
1876,11:20:12,27.56,-0.04,40,110240,中性盘
1877,11:20:06,27.6,0.04,319,880440,买盘
1878,11:20:03,27.56,--,6,16536,买盘
1879,11:20:00,27.56,--,50,137800,买盘
1880,11:19:57,27.56,-0.04,279,768924,卖盘
1881,11:19:51,27.6,--,1,2760,买盘
1882,11:19:48,27.6,0.04,100,276000,买盘
1883,11:19:42,27.56,-0.04,12,33072,卖盘
1884,11:19:39,27.6,0.04,9,24840,买盘
1885,11:19:36,27.56,-0.02,12,33072,卖盘
1886,11:19:30,27.58,0.02,205,565390,买盘
1887,11:19:27,27.56,--,6,16536,卖盘
1888,11:19:24,27.56,0.01,14,38584,买盘
1889,11:19:21,27.55,-0.01,12,33060,卖盘
1890,11:19:18,27.56,-0.02,15,41340,中性盘
1891,11:19:15,27.58,0.03,537,1482176,买盘
1892,11:19:12,27.55,-0.03,29,79895,卖盘
1893,11:19:09,27.58,0.03,200,551600,买盘
1894,11:19:03,27.55,-0.01,21,57855,卖盘
1895,11:19:00,27.56,0.01,17,46852,买盘
1896,11:18:57,27.55,0.01,2,5510,卖盘
1897,11:18:51,27.54,-0.02,41,112914,卖盘
1898,11:18:48,27.56,0.01,202,556712,买盘
1899,11:18:36,27.55,0.01,23,63365,买盘
1900,11:18:33,27.54,-0.01,17,47809,卖盘
1901,11:18:30,27.55,--,12,33060,买盘
1902,11:18:27,27.55,--,16,44080,买盘
1903,11:18:24,27.55,0.01,6,16530,买盘
1904,11:18:21,27.54,-0.01,28,77112,卖盘
1905,11:18:15,27.55,0.01,88,242440,买盘
1906,11:18:06,27.54,-0.01,26,71604,卖盘
1907,11:18:03,27.55,0.01,10,27550,买盘
1908,11:18:00,27.54,--,2,5508,卖盘
1909,11:17:57,27.54,0.01,33,92534,买盘
1910,11:17:54,27.53,-0.01,41,114524,卖盘
1911,11:17:51,27.54,0.01,12,33048,买盘
1912,11:17:45,27.53,--,12,33036,卖盘
1913,11:17:39,27.53,-0.01,1,2753,卖盘
1914,11:17:30,27.54,0.01,15,41310,买盘
1915,11:17:27,27.53,-0.01,20,55060,中性盘
1916,11:17:24,27.54,0.01,62,170748,买盘
1917,11:17:21,27.53,-0.01,22,60566,中性盘
1918,11:17:15,27.54,0.01,93,256122,买盘
1919,11:17:09,27.53,--,40,110120,卖盘
1920,11:17:06,27.53,--,16,44048,买盘
1921,11:17:00,27.53,0.01,24,66072,买盘
1922,11:16:57,27.52,-0.01,24,66048,卖盘
1923,11:16:48,27.53,--,20,55060,买盘
1924,11:16:45,27.53,0.03,4,11012,买盘
1925,11:16:39,27.5,-0.02,42,115500,卖盘
1926,11:16:36,27.52,0.02,275,756910,买盘
1927,11:16:33,27.5,--,57,158647,卖盘
1928,11:16:30,27.5,--,10,27500,卖盘
1929,11:16:24,27.5,--,103,283250,卖盘
1930,11:16:21,27.5,--,3,8250,卖盘
1931,11:16:18,27.5,--,33,92950,买盘
1932,11:16:15,27.5,0.01,81,222750,买盘
1933,11:16:12,27.49,-0.01,25,68725,卖盘
1934,11:16:09,27.5,--,66,181500,买盘
1935,11:16:06,27.5,--,34,93500,买盘
1936,11:16:00,27.5,--,31,85250,买盘
1937,11:15:57,27.5,--,5,13750,买盘
1938,11:15:51,27.5,--,226,621500,买盘
1939,11:15:48,27.5,0.01,35,96250,买盘
1940,11:15:42,27.49,-0.01,19,52231,卖盘
1941,11:15:39,27.5,0.01,11,30250,买盘
1942,11:15:33,27.49,--,22,60478,卖盘
1943,11:15:30,27.49,-0.01,10,27490,卖盘
1944,11:15:27,27.5,--,10,27500,买盘
1945,11:15:24,27.5,--,5,13750,买盘
1946,11:15:18,27.5,--,14,38500,买盘
1947,11:15:15,27.5,0.04,75,206250,买盘
1948,11:15:12,27.46,--,109,301840,卖盘
1949,11:15:09,27.46,--,12,32952,卖盘
1950,11:15:06,27.46,-0.04,1,2746,卖盘
1951,11:15:00,27.5,0.04,3,8250,买盘
1952,11:14:57,27.46,--,13,35698,卖盘
1953,11:14:48,27.46,--,14,38444,卖盘
1954,11:14:45,27.46,--,12,32952,卖盘
1955,11:14:42,27.46,-0.04,10,27460,卖盘
1956,11:14:39,27.5,0.04,13,35750,买盘
1957,11:14:36,27.46,--,45,124668,卖盘
1958,11:14:24,27.46,-0.04,13,35698,卖盘
1959,11:14:21,27.5,--,56,154000,买盘
1960,11:14:18,27.5,--,88,242550,卖盘
1961,11:14:15,27.5,-0.02,14,38500,卖盘
1962,11:14:09,27.52,--,2,5504,卖盘
1963,11:14:06,27.52,0.01,11,30272,卖盘
1964,11:14:03,27.51,--,6,18706,买盘
1965,11:14:00,27.51,-0.01,8,22558,卖盘
1966,11:13:54,27.52,--,5,15961,卖盘
1967,11:13:51,27.52,--,12,33024,卖盘
1968,11:13:48,27.52,-0.02,47,130197,卖盘
1969,11:13:39,27.54,-0.01,17,46818,卖盘
1970,11:13:36,27.55,0.01,18,49590,买盘
1971,11:13:33,27.54,--,43,120322,买盘
1972,11:13:30,27.54,--,16,44064,买盘
1973,11:13:24,27.54,0.01,21,57834,买盘
1974,11:13:21,27.53,-0.01,13,35789,卖盘
1975,11:13:18,27.54,--,70,192780,买盘
1976,11:13:15,27.54,--,3,8647,卖盘
1977,11:13:12,27.54,--,5,13770,卖盘
1978,11:13:09,27.54,--,21,57834,卖盘
1979,11:13:06,27.54,-0.01,10,27540,卖盘
1980,11:13:00,27.55,--,90,250484,买盘
1981,11:12:57,27.55,0.01,35,96425,买盘
1982,11:12:54,27.54,-0.02,276,760104,卖盘
1983,11:12:48,27.56,0.01,13,35828,买盘
1984,11:12:42,27.55,--,5,13775,卖盘
1985,11:12:39,27.55,0.01,22,60610,买盘
1986,11:12:36,27.54,--,18,49572,卖盘
1987,11:12:33,27.54,--,78,215528,卖盘
1988,11:12:30,27.54,--,10,29412,卖盘
1989,11:12:24,27.54,-0.01,15,41310,卖盘
1990,11:12:18,27.55,0.01,6,16530,买盘
1991,11:12:15,27.54,0.04,25,68850,买盘
1992,11:12:12,27.5,--,13,35750,卖盘
1993,11:12:09,27.5,-0.03,21,57750,卖盘
1994,11:12:03,27.53,0.03,23,63319,买盘
1995,11:11:57,27.5,0.05,58,159527,买盘
1996,11:11:48,27.45,-0.05,11,30195,卖盘
1997,11:11:45,27.5,0.05,12,33000,买盘
1998,11:11:42,27.45,-0.01,14,38430,卖盘
1999,11:11:39,27.46,0.01,12,32952,卖盘
2000,11:11:30,27.45,0.01,1,3595,买盘
2001,11:11:27,27.44,-0.01,17,46648,卖盘
2002,11:11:24,27.45,0.01,18,49410,买盘
2003,11:11:18,27.44,-0.01,17,46648,中性盘
2004,11:11:15,27.45,0.02,610,1674450,买盘
2005,11:11:12,27.43,-0.01,7,19201,中性盘
2006,11:11:06,27.44,0.01,78,214032,买盘
2007,11:11:03,27.43,--,16,43888,买盘
2008,11:11:00,27.43,--,20,54860,买盘
2009,11:10:57,27.43,--,24,65832,买盘
2010,11:10:54,27.43,-0.01,14,38402,卖盘
2011,11:10:48,27.44,--,1213,3328472,买盘
2012,11:10:42,27.44,--,43,117992,买盘
2013,11:10:39,27.44,0.01,6,16464,买盘
2014,11:10:33,27.43,0.01,24,66929,卖盘
2015,11:10:30,27.42,-0.01,18,49356,卖盘
2016,11:10:27,27.43,--,1,2743,卖盘
2017,11:10:24,27.43,--,2,5486,卖盘
2018,11:10:21,27.43,-0.01,57,156351,中性盘
2019,11:10:15,27.44,0.03,70,192080,买盘
2020,11:10:12,27.41,--,11,30151,卖盘
2021,11:10:09,27.41,-0.01,22,60302,卖盘
2022,11:10:03,27.42,-0.01,10,27420,中性盘
2023,11:09:57,27.43,0.02,4,10972,买盘
2024,11:09:54,27.41,-0.03,434,1189594,卖盘
2025,11:09:51,27.44,--,12,32928,买盘
2026,11:09:48,27.44,--,9,24696,买盘
2027,11:09:45,27.44,0.01,4,10976,买盘
2028,11:09:39,27.43,-0.01,11,30173,卖盘
2029,11:09:33,27.44,0.01,5,13720,买盘
2030,11:09:30,27.43,0.01,3,8229,中性盘
2031,11:09:27,27.42,-0.02,11,30162,卖盘
2032,11:09:21,27.44,0.03,112,307328,买盘
2033,11:09:15,27.41,--,472,1293779,卖盘
2034,11:09:06,27.41,-0.02,21,57561,卖盘
2035,11:09:03,27.43,--,2,5486,买盘
2036,11:08:57,27.43,0.02,79,216697,买盘
2037,11:08:54,27.41,-0.01,41,114491,卖盘
2038,11:08:51,27.42,-0.01,80,219360,卖盘
2039,11:08:45,27.43,--,27,74061,买盘
2040,11:08:42,27.43,0.01,10,27430,买盘
2041,11:08:36,27.42,--,221,606612,卖盘
2042,11:08:33,27.42,--,11,30162,卖盘
2043,11:08:21,27.42,0.01,74,202908,买盘
2044,11:08:18,27.41,--,96,263136,卖盘
2045,11:08:12,27.41,--,12,32892,卖盘
2046,11:08:09,27.41,-0.01,75,205575,卖盘
2047,11:08:06,27.42,0.01,33,90486,买盘
2048,11:08:03,27.41,-0.01,10,27410,卖盘
2049,11:08:00,27.42,--,16,43872,买盘
2050,11:07:57,27.42,--,6,16452,买盘
2051,11:07:54,27.42,--,93,257720,卖盘
2052,11:07:51,27.42,--,46,126132,卖盘
2053,11:07:48,27.42,--,25,68550,卖盘
2054,11:07:39,27.42,-0.01,12,32904,卖盘
2055,11:07:30,27.43,0.01,69,189267,买盘
2056,11:07:27,27.42,-0.02,25,68550,卖盘
2057,11:07:21,27.44,--,7,19235,买盘
2058,11:07:15,27.44,0.03,82,225008,买盘
2059,11:07:12,27.41,-0.03,458,1256090,卖盘
2060,11:07:09,27.44,0.03,242,664048,买盘
2061,11:07:06,27.41,--,54,148014,卖盘
2062,11:07:03,27.41,--,29,79489,卖盘
2063,11:07:00,27.41,-0.01,1,2741,卖盘
2064,11:06:57,27.42,--,108,296136,买盘
2065,11:06:54,27.42,--,88,241296,买盘
2066,11:06:48,27.42,--,17,46614,买盘
2067,11:06:45,27.42,0.01,21,57582,买盘
2068,11:06:42,27.41,-0.01,11,30151,卖盘
2069,11:06:39,27.42,--,5,13710,买盘
2070,11:06:36,27.42,-0.02,98,268907,卖盘
2071,11:06:33,27.44,0.02,25,68600,买盘
2072,11:06:30,27.42,-0.01,91,249522,卖盘
2073,11:06:27,27.43,0.01,6,16458,买盘
2074,11:06:24,27.42,--,81,222102,卖盘
2075,11:06:21,27.42,-0.02,13,35646,卖盘
2076,11:06:18,27.44,0.02,79,216776,买盘
2077,11:06:15,27.42,--,31,85002,卖盘
2078,11:06:12,27.42,0.01,14,40938,买盘
2079,11:06:06,27.41,-0.01,35,95935,卖盘
2080,11:06:00,27.42,0.01,60,164520,买盘
2081,11:05:57,27.41,-0.01,11,30151,卖盘
2082,11:05:54,27.42,--,200,550977,卖盘
2083,11:05:48,27.42,-0.02,13,35646,卖盘
2084,11:05:42,27.44,0.02,136,373184,买盘
2085,11:05:36,27.42,-0.01,22,60324,卖盘
2086,11:05:30,27.43,--,45,123435,买盘
2087,11:05:27,27.43,--,19,52117,买盘
2088,11:05:24,27.43,-0.01,6,16458,中性盘
2089,11:05:18,27.44,0.02,70,192080,买盘
2090,11:05:15,27.42,--,261,717992,卖盘
2091,11:05:06,27.42,-0.01,21,57582,卖盘
2092,11:05:03,27.43,0.01,36,98748,买盘
2093,11:04:57,27.42,--,9,25253,买盘
2094,11:04:54,27.42,0.01,21,57582,买盘
2095,11:04:51,27.41,-0.01,58,158978,卖盘
2096,11:04:48,27.42,--,48,131616,买盘
2097,11:04:45,27.42,--,107,293394,买盘
2098,11:04:42,27.42,--,32,87744,买盘
2099,11:04:39,27.42,--,1,2742,买盘
2100,11:04:36,27.42,--,10,27420,买盘
2101,11:04:33,27.42,--,93,256623,卖盘
2102,11:04:30,27.42,-0.02,11,30162,卖盘
2103,11:04:27,27.44,0.02,60,164640,买盘
2104,11:04:24,27.42,--,46,126132,卖盘
2105,11:04:21,27.42,-0.01,111,304362,卖盘
2106,11:04:18,27.43,--,71,194753,卖盘
2107,11:04:15,27.43,0.01,64,177005,买盘
2108,11:04:12,27.42,--,30,82260,卖盘
2109,11:04:09,27.42,-0.01,29,79518,卖盘
2110,11:04:06,27.43,0.02,47,131334,买盘
2111,11:03:57,27.41,--,17,46597,卖盘
2112,11:03:54,27.41,-0.02,28,76748,卖盘
2113,11:03:48,27.43,0.01,6,16458,买盘
2114,11:03:45,27.42,--,23,63066,卖盘
2115,11:03:42,27.42,--,10,27420,卖盘
2116,11:03:39,27.42,--,179,490818,买盘
2117,11:03:36,27.42,--,142,389364,买盘
2118,11:03:33,27.42,0.01,81,222102,买盘
2119,11:03:30,27.41,-0.01,60,164460,卖盘
2120,11:03:27,27.42,0.01,11,30162,买盘
2121,11:03:24,27.41,-0.01,105,287805,卖盘
2122,11:03:18,27.42,-0.01,5,13710,中性盘
2123,11:03:15,27.43,0.01,78,213954,买盘
2124,11:03:12,27.42,-0.02,267,733759,卖盘
2125,11:03:09,27.44,--,82,227697,买盘
2126,11:03:06,27.44,0.02,19,52136,买盘
2127,11:03:03,27.42,-0.01,13,35646,卖盘
2128,11:03:00,27.43,-0.01,119,326417,卖盘
2129,11:02:56,27.44,--,60,164640,买盘
2130,11:02:53,27.44,0.02,74,203056,买盘
2131,11:02:50,27.42,--,13,35646,卖盘
2132,11:02:41,27.42,--,10,27420,卖盘
2133,11:02:38,27.42,--,12,32904,卖盘
2134,11:02:35,27.42,-0.01,79,219168,卖盘
2135,11:02:32,27.43,0.01,89,245471,买盘
2136,11:02:29,27.42,-0.01,11,30162,卖盘
2137,11:02:26,27.43,--,7,19201,卖盘
2138,11:02:23,27.43,-0.01,15,41145,卖盘
2139,11:02:20,27.44,0.01,2,5488,卖盘
2140,11:02:17,27.43,-0.02,20,54860,卖盘
2141,11:02:14,27.45,0.03,74,203130,买盘
2142,11:02:11,27.42,-0.02,5,13710,卖盘
2143,11:02:08,27.44,0.01,73,201903,买盘
2144,11:02:05,27.43,-0.01,11,30173,卖盘
2145,11:02:02,27.44,-0.01,37,101528,中性盘
2146,11:01:59,27.45,0.03,105,288225,买盘
2147,11:01:56,27.42,--,11,30162,卖盘
2148,11:01:53,27.42,-0.02,115,317194,卖盘
2149,11:01:50,27.44,0.01,28,79054,买盘
2150,11:01:47,27.43,--,87,239162,卖盘
2151,11:01:44,27.43,-0.01,120,329160,卖盘
2152,11:01:41,27.44,--,1,2744,卖盘
2153,11:01:38,27.44,--,153,422054,买盘
2154,11:01:32,27.44,0.01,20,54880,买盘
2155,11:01:29,27.43,-0.01,10,27430,卖盘
2156,11:01:26,27.44,0.01,12,32928,买盘
2157,11:01:23,27.43,--,12,32916,卖盘
2158,11:01:20,27.43,-0.01,14,38402,卖盘
2159,11:01:17,27.44,-0.01,1,2744,卖盘
2160,11:01:14,27.45,0.02,104,285480,买盘
2161,11:01:11,27.43,--,129,355163,卖盘
2162,11:01:05,27.43,-0.01,7,19201,卖盘
2163,11:01:02,27.44,0.02,70,192080,买盘
2164,11:00:59,27.42,-0.02,13,37784,卖盘
2165,11:00:56,27.44,--,10,27440,买盘
2166,11:00:53,27.44,0.01,78,214032,买盘
2167,11:00:50,27.43,-0.01,42,115206,卖盘
2168,11:00:47,27.44,--,4,10976,买盘
2169,11:00:41,27.44,--,65,178360,买盘
2170,11:00:38,27.44,--,205,563699,买盘
2171,11:00:35,27.44,--,43,120159,买盘
2172,11:00:32,27.44,0.01,58,159152,买盘
2173,11:00:29,27.43,-0.01,18,49374,卖盘
2174,11:00:23,27.44,0.01,21,57624,买盘
2175,11:00:20,27.43,--,64,175552,卖盘
2176,11:00:17,27.43,-0.01,15,41145,卖盘
2177,11:00:14,27.44,0.02,97,266168,买盘
2178,11:00:11,27.42,--,45,123390,卖盘
2179,11:00:05,27.42,-0.02,98,268798,卖盘
2180,11:00:02,27.44,0.01,81,222264,买盘
2181,10:59:59,27.43,-0.01,174,477282,中性盘
2182,10:59:56,27.44,0.01,108,296352,买盘
2183,10:59:53,27.43,--,67,186222,卖盘
2184,10:59:50,27.43,-0.01,12,32916,卖盘
2185,10:59:47,27.44,--,10,27440,买盘
2186,10:59:44,27.44,--,16,43904,买盘
2187,10:59:41,27.44,--,189,519631,买盘
2188,10:59:35,27.44,--,16,43904,买盘
2189,10:59:32,27.44,-0.01,24,65856,卖盘
2190,10:59:29,27.45,--,10,27450,买盘
2191,10:59:23,27.45,0.02,174,477630,买盘
2192,10:59:20,27.43,-0.02,27,74061,卖盘
2193,10:59:14,27.45,0.02,105,289075,买盘
2194,10:59:08,27.43,-0.01,14,38402,卖盘
2195,10:59:05,27.44,--,78,215211,卖盘
2196,10:59:02,27.44,-0.01,20,54880,卖盘
2197,10:58:59,27.45,--,38,104310,买盘
2198,10:58:53,27.45,0.01,16,43920,买盘
2199,10:58:50,27.44,-0.01,49,134456,卖盘
2200,10:58:47,27.45,--,7,19215,买盘
2201,10:58:44,27.45,-0.05,807,2215681,卖盘
2202,10:58:38,27.5,0.02,167,459497,买盘
2203,10:58:35,27.48,-0.01,70,193239,卖盘
2204,10:58:32,27.49,0.01,12,32988,买盘
2205,10:58:26,27.48,-0.01,34,93432,卖盘
2206,10:58:23,27.49,-0.01,33,90717,卖盘
2207,10:58:20,27.5,0.01,3,8250,买盘
2208,10:58:17,27.49,--,82,225418,卖盘
2209,10:58:14,27.49,0.01,679,1868467,买盘
2210,10:58:11,27.48,-0.01,20,55811,卖盘
2211,10:58:05,27.49,0.01,112,307997,买盘
2212,10:58:02,27.48,--,28,76944,卖盘
2213,10:57:59,27.48,--,30,84226,买盘
2214,10:57:56,27.48,-0.01,176,484609,卖盘
2215,10:57:53,27.49,--,130,359156,买盘
2216,10:57:50,27.49,-0.01,34,93466,卖盘
2217,10:57:47,27.5,--,5,13750,买盘
2218,10:57:44,27.5,--,93,255750,买盘
2219,10:57:35,27.5,--,8,22000,买盘
2220,10:57:32,27.5,-0.05,379,1044752,卖盘
2221,10:57:29,27.55,-0.02,55,151525,中性盘
2222,10:57:23,27.57,0.02,56,154392,买盘
2223,10:57:20,27.55,--,13,37164,买盘
2224,10:57:17,27.55,0.03,70,192850,买盘
2225,10:57:14,27.52,--,112,308774,卖盘
2226,10:57:11,27.52,--,11,30272,卖盘
2227,10:57:08,27.52,--,165,455180,卖盘
2228,10:57:05,27.52,--,60,165120,卖盘
2229,10:56:56,27.52,-0.03,13,35776,卖盘
2230,10:56:53,27.55,0.03,12,33060,买盘
2231,10:56:50,27.52,0.04,27,74304,买盘
2232,10:56:47,27.48,--,12,32976,卖盘
2233,10:56:35,27.48,-0.04,51,141247,卖盘
2234,10:56:32,27.52,--,55,151360,买盘
2235,10:56:29,27.52,0.02,6,16512,买盘
2236,10:56:26,27.5,-0.05,13,35750,卖盘
2237,10:56:23,27.55,--,79,217645,买盘
2238,10:56:20,27.55,--,14,38570,买盘
2239,10:56:17,27.55,0.06,70,192850,买盘
2240,10:56:14,27.49,-0.01,9,24741,卖盘
2241,10:56:11,27.5,-0.05,7,20900,卖盘
2242,10:56:08,27.55,--,3,8265,买盘
2243,10:56:05,27.55,0.05,31,86507,买盘
2244,10:56:02,27.5,-0.02,2,7150,卖盘
2245,10:55:59,27.52,0.02,1,2752,买盘
2246,10:55:56,27.5,0.01,2,6600,中性盘
2247,10:55:53,27.49,-0.03,21,57729,卖盘
2248,10:55:47,27.52,--,28,78487,卖盘
2249,10:55:41,27.52,-0.01,172,473344,卖盘
2250,10:55:35,27.53,-0.02,24,66127,卖盘
2251,10:55:32,27.55,0.03,27,74385,买盘
2252,10:55:29,27.52,-0.03,12,33024,卖盘
2253,10:55:26,27.55,0.02,80,220400,买盘
2254,10:55:23,27.53,0.01,18,49554,买盘
2255,10:55:20,27.52,--,74,204913,买盘
2256,10:55:17,27.52,--,148,408176,买盘
2257,10:55:14,27.52,0.03,32,88064,买盘
2258,10:55:11,27.49,0.02,6,16494,买盘
2259,10:55:08,27.47,-0.02,29,80816,卖盘
2260,10:55:05,27.49,--,24,65976,买盘
2261,10:55:02,27.49,0.01,12,32988,买盘
2262,10:54:59,27.48,-0.01,14,38472,卖盘
2263,10:54:56,27.49,--,9,24741,买盘
2264,10:54:50,27.49,-0.02,40,111911,卖盘
2265,10:54:47,27.51,--,91,250341,买盘
2266,10:54:44,27.51,--,6,16506,买盘
2267,10:54:41,27.51,--,31,85281,买盘
2268,10:54:35,27.51,0.03,85,235017,买盘
2269,10:54:32,27.48,-0.01,85,234376,卖盘
2270,10:54:26,27.49,0.01,11,30239,买盘
2271,10:54:23,27.48,--,12,32976,卖盘
2272,10:54:20,27.48,--,5,13740,卖盘
2273,10:54:17,27.48,0.01,12,32976,买盘
2274,10:54:14,27.47,-0.01,33,90651,卖盘
2275,10:54:11,27.48,-0.01,5,13740,买盘
2276,10:54:08,27.49,0.01,92,255189,买盘
2277,10:54:05,27.48,-0.01,33,90684,卖盘
2278,10:53:59,27.49,0.02,153,422851,买盘
2279,10:53:53,27.47,-0.01,75,206025,卖盘
2280,10:53:50,27.48,--,3,8244,买盘
2281,10:53:44,27.48,0.01,20,54960,卖盘
2282,10:53:41,27.47,-0.02,78,215502,卖盘
2283,10:53:35,27.49,0.01,20,57261,买盘
2284,10:53:32,27.48,-0.01,12,32976,卖盘
2285,10:53:26,27.49,0.01,77,211673,买盘
2286,10:53:23,27.48,0.01,33,91151,买盘
2287,10:53:17,27.47,-0.01,12,32964,卖盘
2288,10:53:14,27.48,0.01,60,164880,中性盘
2289,10:53:11,27.47,-0.05,50,137350,卖盘
2290,10:53:08,27.52,0.04,47,130279,买盘
2291,10:53:05,27.48,-0.04,7,20335,卖盘
2292,10:53:02,27.52,0.04,21,57792,买盘
2293,10:52:59,27.48,--,18,49464,卖盘
2294,10:52:56,27.48,--,12,32976,卖盘
2295,10:52:53,27.48,--,4,10992,买盘
2296,10:52:50,27.48,-0.01,1,2748,中性盘
2297,10:52:47,27.49,0.01,94,258405,买盘
2298,10:52:44,27.48,0.01,10,27480,中性盘
2299,10:52:38,27.47,-0.01,63,174599,卖盘
2300,10:52:35,27.48,-0.01,83,229348,卖盘
2301,10:52:29,27.49,--,11,30239,买盘
2302,10:52:26,27.49,--,22,60478,买盘
2303,10:52:14,27.49,-0.04,31,85219,中性盘
2304,10:52:08,27.53,0.04,242,666226,买盘
2305,10:52:05,27.49,-0.01,35,96269,卖盘
2306,10:52:02,27.5,0.01,17,46750,买盘
2307,10:51:59,27.49,--,14,38486,卖盘
2308,10:51:56,27.49,--,1,5030,买盘
2309,10:51:53,27.49,0.02,45,123705,买盘
2310,10:51:50,27.47,-0.03,12,32964,卖盘
2311,10:51:44,27.5,--,25,68750,买盘
2312,10:51:41,27.5,0.02,4,11000,买盘
2313,10:51:38,27.48,-0.02,37,101676,卖盘
2314,10:51:29,27.5,-0.01,502,1380940,卖盘
2315,10:51:17,27.51,--,101,280051,卖盘
2316,10:51:05,27.51,-0.02,21,59889,中性盘
2317,10:51:02,27.53,0.03,178,490777,买盘
2318,10:50:59,27.5,0.03,5,13750,买盘
2319,10:50:56,27.47,-0.03,47,129109,卖盘
2320,10:50:53,27.5,--,260,715000,买盘
2321,10:50:50,27.5,-0.02,223,615505,卖盘
2322,10:50:47,27.52,0.02,37,101824,买盘
2323,10:50:44,27.5,--,130,357500,卖盘
2324,10:50:41,27.5,--,69,190245,买盘
2325,10:50:38,27.5,--,97,268317,买盘
2326,10:50:35,27.5,0.01,230,634810,买盘
2327,10:50:29,27.49,0.01,473,1302063,买盘
2328,10:50:23,27.48,-0.01,35,96180,中性盘
2329,10:50:20,27.49,--,64,175936,买盘
2330,10:50:17,27.49,0.02,59,162191,买盘
2331,10:50:11,27.47,--,22,60434,卖盘
2332,10:50:08,27.47,-0.02,98,270277,卖盘
2333,10:50:05,27.49,0.02,19,52231,买盘
2334,10:49:59,27.47,-0.02,69,189543,卖盘
2335,10:49:56,27.49,0.02,69,189681,买盘
2336,10:49:53,27.47,--,25,69773,买盘
2337,10:49:50,27.47,--,200,549400,卖盘
2338,10:49:47,27.47,--,22,60434,卖盘
2339,10:49:44,27.47,-0.02,54,148338,卖盘
2340,10:49:41,27.49,0.02,68,186932,买盘
2341,10:49:38,27.47,-0.02,64,175808,卖盘
2342,10:49:35,27.49,--,82,227094,卖盘
2343,10:49:29,27.49,--,1,2749,卖盘
2344,10:49:26,27.49,0.03,91,251231,买盘
2345,10:49:23,27.46,--,21,59341,卖盘
2346,10:49:17,27.46,--,101,277346,卖盘
2347,10:49:14,27.46,--,33,91688,买盘
2348,10:49:08,27.46,0.01,106,291076,买盘
2349,10:49:05,27.45,0.02,391,1073295,买盘
2350,10:49:02,27.43,0.01,195,534885,买盘
2351,10:48:59,27.42,-0.01,355,973410,卖盘
2352,10:48:53,27.43,--,10,27430,买盘
2353,10:48:50,27.43,--,8,21944,买盘
2354,10:48:47,27.43,-0.01,457,1253551,卖盘
2355,10:48:44,27.44,-0.01,155,425320,卖盘
2356,10:48:41,27.45,-0.02,27,74115,卖盘
2357,10:48:38,27.47,0.04,43,118121,买盘
2358,10:48:35,27.43,-0.03,100,274766,卖盘
2359,10:48:32,27.46,0.03,28,76888,买盘
2360,10:48:29,27.43,-0.03,62,170066,卖盘
2361,10:48:26,27.46,0.04,1,2746,中性盘
2362,10:48:20,27.42,-0.04,36,98712,卖盘
2363,10:48:17,27.46,-0.02,2,5492,中性盘
2364,10:48:14,27.48,0.06,10,27480,买盘
2365,10:48:11,27.42,--,33,90486,卖盘
2366,10:48:08,27.42,0.01,112,308804,卖盘
2367,10:48:05,27.41,-0.07,140,383740,卖盘
2368,10:48:02,27.48,--,808,2220576,买盘
2369,10:47:56,27.48,0.07,156,429897,买盘
2370,10:47:53,27.41,--,285,781185,卖盘
2371,10:47:50,27.41,--,29,79489,卖盘
2372,10:47:44,27.41,-0.06,22,60302,中性盘
2373,10:47:41,27.47,--,44,120868,买盘
2374,10:47:38,27.47,0.06,211,581842,买盘
2375,10:47:32,27.41,--,640,1754240,卖盘
2376,10:47:26,27.41,-0.04,161,441301,卖盘
2377,10:47:20,27.45,0.05,1189,3263805,买盘
2378,10:47:14,27.4,--,89,244956,卖盘
2379,10:47:11,27.4,-0.03,150,411000,卖盘
2380,10:47:08,27.43,-0.02,15,42708,中性盘
2381,10:47:05,27.45,0.05,92,252540,买盘
2382,10:47:02,27.4,-0.06,50,137000,卖盘
2383,10:46:59,27.46,0.01,605,1661330,买盘
2384,10:46:56,27.45,--,9,24705,卖盘
2385,10:46:53,27.45,0.01,11,30195,卖盘
2386,10:46:50,27.44,-0.04,69,189336,卖盘
2387,10:46:47,27.48,0.01,168,461664,买盘
2388,10:46:44,27.47,0.02,2,5494,买盘
2389,10:46:41,27.45,--,157,430965,买盘
2390,10:46:32,27.45,-0.03,454,1248014,卖盘
2391,10:46:29,27.48,--,106,291288,卖盘
2392,10:46:26,27.48,--,22,60456,卖盘
2393,10:46:23,27.48,--,11,30228,卖盘
2394,10:46:20,27.48,--,65,179581,买盘
2395,10:46:17,27.48,-0.02,99,273838,卖盘
2396,10:46:14,27.5,--,50,137500,买盘
2397,10:46:08,27.5,0.02,168,462880,买盘
2398,10:46:02,27.48,--,115,318135,卖盘
2399,10:45:59,27.48,-0.03,512,1406976,卖盘
2400,10:45:56,27.51,--,118,326516,中性盘
2401,10:45:53,27.51,--,19,52269,买盘
2402,10:45:47,27.51,-0.01,185,509595,卖盘
2403,10:45:44,27.52,--,259,712768,卖盘
2404,10:45:41,27.52,-0.01,2,5504,卖盘
2405,10:45:38,27.53,0.02,23,64943,买盘
2406,10:45:35,27.51,--,51,140301,卖盘
2407,10:45:26,27.51,-0.01,98,269598,卖盘
2408,10:45:23,27.52,0.02,359,990004,买盘
2409,10:45:20,27.5,-0.01,3,8250,卖盘
2410,10:45:13,27.51,--,206,568961,卖盘
2411,10:45:10,27.51,-0.02,17,46767,卖盘
2412,10:45:07,27.53,0.02,11,30283,买盘
2413,10:45:04,27.51,-0.02,121,333696,卖盘
2414,10:45:01,27.53,0.01,219,602907,买盘
2415,10:44:55,27.52,-0.01,9,24768,卖盘
2416,10:44:52,27.53,0.01,21,57813,买盘
2417,10:44:49,27.52,0.01,12,33024,中性盘
2418,10:44:46,27.51,--,99,272349,卖盘
2419,10:44:43,27.51,-0.02,207,569457,卖盘
2420,10:44:40,27.53,0.01,88,242264,买盘
2421,10:44:37,27.52,0.01,609,1678389,中性盘
2422,10:44:28,27.51,-0.01,136,374136,卖盘
2423,10:44:25,27.52,--,250,688000,卖盘
2424,10:44:22,27.52,--,56,154112,卖盘
2425,10:44:16,27.52,-0.01,115,316480,卖盘
2426,10:44:10,27.53,-0.01,712,1962090,卖盘
2427,10:44:07,27.54,0.01,203,559062,买盘
2428,10:44:04,27.53,-0.01,112,310896,卖盘
2429,10:44:01,27.54,--,18,49572,买盘
2430,10:43:58,27.54,--,16,44064,买盘
2431,10:43:55,27.54,--,56,154224,买盘
2432,10:43:52,27.54,-0.01,187,515714,卖盘
2433,10:43:49,27.55,0.01,27,74385,买盘
2434,10:43:46,27.54,-0.01,24,66096,卖盘
2435,10:43:43,27.55,--,175,484797,卖盘
2436,10:43:40,27.55,--,10,27550,卖盘
2437,10:43:37,27.55,--,20,55182,卖盘
2438,10:43:34,27.55,0.01,30,82650,卖盘
2439,10:43:31,27.54,-0.05,152,418608,卖盘
2440,10:43:28,27.59,0.04,78,215202,买盘
2441,10:43:22,27.55,--,20,55100,卖盘
2442,10:43:19,27.55,0.02,11,32343,买盘
2443,10:43:16,27.53,-0.02,345,950665,卖盘
2444,10:43:13,27.55,--,15,41325,买盘
2445,10:43:07,27.55,0.02,231,636405,买盘
2446,10:43:04,27.53,-0.02,373,1027447,卖盘
2447,10:43:01,27.55,--,17,46835,买盘
2448,10:42:58,27.55,--,513,1413315,买盘
2449,10:42:55,27.55,0.01,11,30305,买盘
2450,10:42:52,27.54,--,2,5508,卖盘
2451,10:42:49,27.54,0.01,310,853740,买盘
2452,10:42:43,27.53,--,22,60566,卖盘
2453,10:42:40,27.53,-0.01,7,19271,卖盘
2454,10:42:37,27.54,0.01,192,531053,买盘
2455,10:42:28,27.53,-0.02,40,110120,卖盘
2456,10:42:19,27.55,0.03,42,115710,买盘
2457,10:42:16,27.52,-0.02,208,572443,卖盘
2458,10:42:13,27.54,-0.01,182,501228,卖盘
2459,10:42:10,27.55,0.01,10,27550,买盘
2460,10:42:07,27.54,-0.01,158,437858,卖盘
2461,10:42:01,27.55,--,22,60610,买盘
2462,10:41:58,27.55,0.01,60,165300,买盘
2463,10:41:55,27.54,--,5,13770,买盘
2464,10:41:52,27.54,-0.01,117,322218,卖盘
2465,10:41:43,27.55,--,30,82650,卖盘
2466,10:41:40,27.55,-0.05,1,2755,卖盘
2467,10:41:37,27.6,0.07,157,434037,买盘
2468,10:41:31,27.53,-0.02,81,222993,卖盘
2469,10:41:28,27.55,--,136,374680,买盘
2470,10:41:25,27.55,--,10,27550,买盘
2471,10:41:22,27.55,0.02,121,333355,买盘
2472,10:41:19,27.53,-0.01,472,1299443,卖盘
2473,10:41:10,27.54,-0.01,37,101898,卖盘
2474,10:41:07,27.55,--,53,148687,买盘
2475,10:41:04,27.55,--,169,465595,卖盘
2476,10:41:01,27.55,0.01,17,46835,卖盘
2477,10:40:52,27.54,0.02,13,35802,卖盘
2478,10:40:49,27.52,-0.08,222,610944,卖盘
2479,10:40:46,27.6,0.07,146,402960,买盘
2480,10:40:40,27.53,0.01,8,22024,中性盘
2481,10:40:37,27.52,-0.08,228,628199,卖盘
2482,10:40:34,27.6,0.08,114,316986,买盘
2483,10:40:31,27.52,--,84,231168,买盘
2484,10:40:28,27.52,-0.01,314,864898,卖盘
2485,10:40:25,27.53,--,11,30283,卖盘
2486,10:40:22,27.53,-0.04,10,27530,卖盘
2487,10:40:19,27.57,0.04,34,93738,买盘
2488,10:40:16,27.53,-0.01,33,90849,卖盘
2489,10:40:13,27.54,0.01,198,545292,买盘
2490,10:40:10,27.53,--,165,454245,卖盘
2491,10:40:07,27.53,--,113,313071,卖盘
2492,10:40:04,27.53,-0.01,95,261535,卖盘
2493,10:40:01,27.54,--,63,173502,买盘
2494,10:39:58,27.54,--,70,192780,买盘
2495,10:39:52,27.54,-0.03,367,1010718,卖盘
2496,10:39:40,27.57,-0.03,12,33084,卖盘
2497,10:39:37,27.6,0.03,2,5520,买盘
2498,10:39:34,27.57,--,243,669951,买盘
2499,10:39:31,27.57,0.01,65,181410,中性盘
2500,10:39:28,27.56,-0.01,73,201739,卖盘
2501,10:39:25,27.57,--,8,22056,买盘
2502,10:39:22,27.57,0.02,94,259158,买盘
2503,10:39:16,27.55,-0.02,100,275500,卖盘
2504,10:39:13,27.57,--,121,333597,卖盘
2505,10:39:10,27.57,-0.03,59,162663,卖盘
2506,10:39:07,27.6,0.01,82,226320,买盘
2507,10:39:04,27.59,0.02,41,113119,买盘
2508,10:39:01,27.57,--,16,44112,卖盘
2509,10:38:58,27.57,--,73,201261,卖盘
2510,10:38:55,27.57,--,40,110280,卖盘
2511,10:38:49,27.57,-0.02,33,90981,卖盘
2512,10:38:46,27.59,0.02,8,22072,中性盘
2513,10:38:43,27.57,0.02,23,63411,中性盘
2514,10:38:34,27.55,--,12,33060,卖盘
2515,10:38:31,27.55,-0.02,95,263929,卖盘
2516,10:38:28,27.57,-0.02,90,248130,中性盘
2517,10:38:25,27.59,0.04,136,375224,买盘
2518,10:38:22,27.55,--,59,162545,卖盘
2519,10:38:19,27.55,-0.04,9,24795,卖盘
2520,10:38:16,27.59,0.04,79,217961,买盘
2521,10:38:13,27.55,-0.01,23,63365,卖盘
2522,10:38:10,27.56,-0.01,1,2756,卖盘
2523,10:38:07,27.57,0.02,6,16542,卖盘
2524,10:38:04,27.55,-0.02,28,77140,卖盘
2525,10:37:55,27.57,--,199,548643,卖盘
2526,10:37:52,27.57,--,13,35841,卖盘
2527,10:37:49,27.57,-0.01,92,253644,卖盘
2528,10:37:46,27.58,--,109,300622,卖盘
2529,10:37:43,27.58,-0.02,33,91014,卖盘
2530,10:37:37,27.6,--,3,8280,买盘
2531,10:37:34,27.6,--,350,967324,卖盘
2532,10:37:31,27.6,--,147,405720,卖盘
2533,10:37:25,27.6,-0.01,97,267720,卖盘
2534,10:37:22,27.61,0.01,41,113201,买盘
2535,10:37:19,27.6,--,11,30360,卖盘
2536,10:37:16,27.6,-0.01,1,2760,卖盘
2537,10:37:13,27.61,-0.01,8,22088,中性盘
2538,10:37:10,27.62,--,69,190578,买盘
2539,10:37:07,27.62,0.01,151,417062,中性盘
2540,10:37:04,27.61,-0.02,47,129767,卖盘
2541,10:37:01,27.63,0.02,10,27630,买盘
2542,10:36:58,27.61,-0.02,13,35893,卖盘
2543,10:36:55,27.63,--,14,38682,买盘
2544,10:36:52,27.63,--,15,41445,买盘
2545,10:36:46,27.63,--,436,1204668,买盘
2546,10:36:43,27.63,0.01,10,27630,中性盘
2547,10:36:40,27.62,-0.01,92,254104,卖盘
2548,10:36:34,27.63,-0.02,82,227588,卖盘
2549,10:36:31,27.65,0.02,1,2765,买盘
2550,10:36:25,27.63,0.01,16,44208,卖盘
2551,10:36:22,27.62,-0.01,200,552400,卖盘
2552,10:36:13,27.63,-0.01,56,154728,卖盘
2553,10:36:10,27.64,0.01,250,691000,买盘
2554,10:36:04,27.63,-0.01,43,120881,买盘
2555,10:36:01,27.64,--,66,182424,买盘
2556,10:35:55,27.64,0.01,11,30404,买盘
2557,10:35:52,27.63,-0.01,40,111625,卖盘
2558,10:35:49,27.64,0.02,41,113324,买盘
2559,10:35:46,27.62,-0.02,162,447444,卖盘
2560,10:35:43,27.64,0.01,10,27640,买盘
2561,10:35:40,27.63,-0.02,106,292878,卖盘
2562,10:35:37,27.65,0.01,102,282030,买盘
2563,10:35:34,27.64,-0.01,27,74628,卖盘
2564,10:35:31,27.65,--,14,38710,买盘
2565,10:35:28,27.65,0.01,7,19355,买盘
2566,10:35:25,27.64,--,1,2764,卖盘
2567,10:35:22,27.64,--,20,55280,卖盘
2568,10:35:19,27.64,0.01,17,46988,买盘
2569,10:35:16,27.63,-0.02,85,234855,卖盘
2570,10:35:07,27.65,-0.01,31,85715,卖盘
2571,10:35:04,27.66,-0.01,10,27660,中性盘
2572,10:35:01,27.67,0.04,417,1153839,买盘
2573,10:34:55,27.63,-0.03,12,33156,卖盘
2574,10:34:52,27.66,--,100,276600,买盘
2575,10:34:43,27.66,--,213,589711,买盘
2576,10:34:40,27.66,--,244,675457,卖盘
2577,10:34:37,27.66,-0.01,101,281578,卖盘
2578,10:34:31,27.67,--,2,5534,买盘
2579,10:34:25,27.67,--,35,96845,卖盘
2580,10:34:19,27.67,--,59,163253,卖盘
2581,10:34:13,27.67,--,99,273933,卖盘
2582,10:34:07,27.67,-0.01,20,55340,卖盘
2583,10:34:04,27.68,0.01,50,138400,买盘
2584,10:33:58,27.67,-0.01,3,8301,卖盘
2585,10:33:52,27.68,--,10,27680,买盘
2586,10:33:49,27.68,0.01,56,155008,买盘
2587,10:33:43,27.67,--,17,47039,卖盘
2588,10:33:40,27.67,--,30,83010,卖盘
2589,10:33:37,27.67,-0.01,11,30437,卖盘
2590,10:33:34,27.68,--,21,58128,买盘
2591,10:33:31,27.68,0.01,15,41520,买盘
2592,10:33:28,27.67,-0.01,71,196457,卖盘
2593,10:33:25,27.68,-0.01,31,85808,买盘
2594,10:33:22,27.69,--,147,407043,买盘
2595,10:33:19,27.69,0.01,5,13845,买盘
2596,10:33:16,27.68,--,37,102416,卖盘
2597,10:33:13,27.68,--,4,11072,卖盘
2598,10:33:07,27.68,-0.01,22,60896,卖盘
2599,10:33:04,27.69,0.01,17,47073,买盘
2600,10:33:01,27.68,--,18,49824,卖盘
2601,10:32:55,27.68,-0.01,52,143936,卖盘
2602,10:32:49,27.69,-0.01,36,99684,卖盘
2603,10:32:46,27.7,0.01,5,13850,买盘
2604,10:32:43,27.69,--,13,35997,卖盘
2605,10:32:40,27.69,--,9,24921,买盘
2606,10:32:37,27.69,--,57,157833,买盘
2607,10:32:34,27.69,-0.01,1,2769,卖盘
2608,10:32:31,27.7,0.01,100,277000,买盘
2609,10:32:28,27.69,-0.01,3,8307,卖盘
2610,10:32:25,27.7,0.01,162,448740,买盘
2611,10:32:22,27.69,--,28,77532,卖盘
2612,10:32:16,27.69,-0.01,2,5538,中性盘
2613,10:32:13,27.7,0.02,5,13850,买盘
2614,10:32:07,27.68,-0.05,20,55360,卖盘
2615,10:32:04,27.73,0.01,25,69325,买盘
2616,10:32:01,27.72,--,103,285516,买盘
2617,10:31:55,27.72,--,200,554400,买盘
2618,10:31:52,27.72,0.05,4,11088,买盘
2619,10:31:49,27.67,-0.01,192,531264,卖盘
2620,10:31:37,27.68,-0.04,13,35984,中性盘
2621,10:31:34,27.72,0.04,17,47124,买盘
2622,10:31:31,27.68,0.02,1,2768,买盘
2623,10:31:28,27.66,-0.08,153,423198,卖盘
2624,10:31:25,27.74,0.06,422,1170628,买盘
2625,10:31:22,27.68,-0.05,10,27680,卖盘
2626,10:31:19,27.73,0.02,7,19411,买盘
2627,10:31:16,27.71,-0.02,20,55420,卖盘
2628,10:31:13,27.73,0.02,368,1020464,中性盘
2629,10:31:04,27.71,-0.02,33,91443,卖盘
2630,10:31:01,27.73,--,68,188564,卖盘
2631,10:30:58,27.73,-0.01,5,13865,中性盘
2632,10:30:55,27.74,0.07,106,294044,买盘
2633,10:30:52,27.67,--,20,55340,买盘
2634,10:30:49,27.67,--,26,71942,买盘
2635,10:30:46,27.67,-0.07,287,794129,卖盘
2636,10:30:43,27.74,--,21,58254,买盘
2637,10:30:40,27.74,--,19,52706,买盘
2638,10:30:34,27.74,--,129,357846,买盘
2639,10:30:31,27.74,--,32,88768,买盘
2640,10:30:28,27.74,--,21,58254,买盘
2641,10:30:25,27.74,0.02,400,1109600,买盘
2642,10:30:22,27.72,0.06,9,24948,买盘
2643,10:30:19,27.66,-0.01,35,96810,卖盘
2644,10:30:16,27.67,--,74,204758,买盘
2645,10:30:13,27.67,-0.06,276,763692,卖盘
2646,10:30:10,27.73,0.01,334,926182,买盘
2647,10:30:07,27.72,-0.02,44,121968,卖盘
2648,10:30:04,27.74,-0.01,40,110960,卖盘
2649,10:30:01,27.75,0.01,223,618825,买盘
2650,10:29:58,27.74,0.08,263,729562,买盘
2651,10:29:49,27.66,-0.05,182,503412,卖盘
2652,10:29:46,27.71,-0.04,12,33252,中性盘
2653,10:29:43,27.75,--,230,638250,买盘
2654,10:29:40,27.75,0.08,274,760350,买盘
2655,10:29:34,27.67,-0.04,157,434419,卖盘
2656,10:29:31,27.71,--,660,1828860,卖盘
2657,10:29:25,27.71,-0.01,16,44336,卖盘
2658,10:29:22,27.72,-0.01,12,33264,中性盘
2659,10:29:19,27.73,0.02,20,55460,买盘
2660,10:29:16,27.71,--,22,60962,卖盘
2661,10:29:13,27.71,-0.02,20,55420,卖盘
2662,10:29:10,27.73,--,20,55460,买盘
2663,10:29:07,27.73,0.02,8,22184,买盘
2664,10:29:04,27.71,0.04,192,532032,买盘
2665,10:29:01,27.67,-0.01,126,348642,卖盘
2666,10:28:55,27.68,-0.01,36,99648,卖盘
2667,10:28:52,27.69,-0.03,432,1196761,卖盘
2668,10:28:49,27.72,0.01,11,30492,买盘
2669,10:28:46,27.71,0.01,12,33252,卖盘
2670,10:28:43,27.7,-0.01,24,66480,卖盘
2671,10:28:40,27.71,-0.01,70,193970,卖盘
2672,10:28:34,27.72,0.01,48,133056,买盘
2673,10:28:31,27.71,--,18,49878,卖盘
2674,10:28:28,27.71,--,23,63733,卖盘
2675,10:28:25,27.71,-0.01,8,22168,中性盘
2676,10:28:22,27.72,--,19,52668,买盘
2677,10:28:16,27.72,--,25,69300,买盘
2678,10:28:13,27.72,0.02,3,8316,买盘
2679,10:28:10,27.7,-0.01,129,357330,卖盘
2680,10:28:07,27.71,0.01,27,74817,买盘
2681,10:28:04,27.7,-0.01,41,113570,卖盘
2682,10:28:01,27.71,0.01,21,58191,买盘
2683,10:27:58,27.7,0.04,1601,4436986,买盘
2684,10:27:55,27.66,-0.01,42,116172,卖盘
2685,10:27:52,27.67,--,5,13835,中性盘
2686,10:27:49,27.67,0.01,15,41505,中性盘
2687,10:27:46,27.66,-0.02,55,152130,卖盘
2688,10:27:43,27.68,0.01,46,127328,买盘
2689,10:27:40,27.67,--,2,5534,卖盘
2690,10:27:37,27.67,--,215,594905,卖盘
2691,10:27:34,27.67,--,29,80243,卖盘
2692,10:27:31,27.67,--,39,107913,买盘
2693,10:27:28,27.67,--,23,63641,买盘
2694,10:27:25,27.67,--,135,373545,买盘
2695,10:27:16,27.67,0.01,53,146651,买盘
2696,10:27:13,27.66,-0.01,5,13830,卖盘
2697,10:27:07,27.67,--,10,27670,买盘
2698,10:27:04,27.67,0.01,152,420584,买盘
2699,10:26:58,27.66,-0.01,19,52554,卖盘
2700,10:26:55,27.67,0.01,136,376312,买盘
2701,10:26:52,27.66,-0.01,17,47022,卖盘
2702,10:26:49,27.67,--,28,77476,买盘
2703,10:26:46,27.67,0.01,4,11068,买盘
2704,10:26:43,27.66,--,14,38724,卖盘
2705,10:26:40,27.66,--,13,35958,卖盘
2706,10:26:34,27.66,--,79,218514,买盘
2707,10:26:31,27.66,--,13,35958,买盘
2708,10:26:28,27.66,0.03,17,47022,中性盘
2709,10:26:25,27.63,-0.04,17,46971,卖盘
2710,10:26:22,27.67,--,5,13835,卖盘
2711,10:26:19,27.67,--,12,33204,卖盘
2712,10:26:16,27.67,0.01,483,1336461,买盘
2713,10:26:13,27.66,0.03,10,27660,卖盘
2714,10:26:10,27.63,-0.04,14,38682,卖盘
2715,10:26:06,27.67,--,80,221360,买盘
2716,10:26:03,27.67,0.04,17,47039,买盘
2717,10:25:51,27.63,-0.04,132,364716,卖盘
2718,10:25:48,27.67,--,6,16602,买盘
2719,10:25:45,27.67,0.01,31,85777,买盘
2720,10:25:42,27.66,--,50,138300,卖盘
2721,10:25:36,27.66,-0.01,32,88512,卖盘
2722,10:25:33,27.67,0.01,75,207525,买盘
2723,10:25:30,27.66,--,16,44256,卖盘
2724,10:25:27,27.66,--,1,2766,卖盘
2725,10:25:24,27.66,--,12,33192,卖盘
2726,10:25:21,27.66,--,60,165960,卖盘
2727,10:25:18,27.66,--,5,13830,卖盘
2728,10:25:15,27.66,--,25,69150,卖盘
2729,10:25:12,27.66,0.01,22,63064,买盘
2730,10:25:09,27.65,-0.01,2,6083,卖盘
2731,10:25:06,27.66,--,77,215194,买盘
2732,10:25:03,27.66,0.03,35,96810,买盘
2733,10:25:00,27.63,0.01,2,5526,买盘
2734,10:24:54,27.62,--,1,2762,卖盘
2735,10:24:45,27.62,-0.04,189,522018,卖盘
2736,10:24:42,27.66,0.03,25,69150,买盘
2737,10:24:39,27.63,--,18,49734,卖盘
2738,10:24:36,27.63,-0.03,28,77364,卖盘
2739,10:24:33,27.66,0.01,17,47022,买盘
2740,10:24:30,27.65,--,64,176960,买盘
2741,10:24:27,27.65,--,62,171430,卖盘
2742,10:24:24,27.65,-0.01,113,312445,卖盘
2743,10:24:18,27.66,0.01,14,38724,买盘
2744,10:24:15,27.65,--,12,33180,卖盘
2745,10:24:12,27.65,--,10,27650,卖盘
