,time,price,change,volume,amount,type
0,15:00:21,23.85,--,830,1979550,卖盘
1,14:58:05,23.85,--,0,0,卖盘
2,14:56:59,23.85,--,3,7155,卖盘
3,14:56:56,23.85,0.01,75,178875,买盘
4,14:56:53,23.84,-0.01,13,30992,卖盘
5,14:56:50,23.85,0.02,10,23850,买盘
6,14:56:35,23.83,-0.02,20,47660,卖盘
7,14:56:29,23.85,0.01,53,126405,买盘
8,14:56:23,23.84,--,2,4768,买盘
9,14:56:20,23.84,--,13,30992,买盘
10,14:56:14,23.84,0.01,1,2384,买盘
11,14:56:11,23.83,-0.01,5,11915,卖盘
12,14:56:02,23.84,0.01,1,2384,买盘
13,14:55:59,23.83,-0.02,11,26212,卖盘
14,14:55:56,23.85,0.03,25,59625,买盘
15,14:55:53,23.82,--,7,16674,卖盘
16,14:55:47,23.82,-0.03,55,131010,卖盘
17,14:55:41,23.85,0.01,13,31005,买盘
18,14:55:38,23.84,0.02,58,138272,买盘
19,14:55:35,23.82,-0.03,166,395412,卖盘
20,14:55:32,23.85,0.01,1,2385,买盘
21,14:55:26,23.84,0.01,30,71520,卖盘
22,14:55:14,23.83,0.01,25,59574,买盘
23,14:55:11,23.82,--,3,7146,卖盘
24,14:54:59,23.82,--,103,245346,买盘
25,14:54:53,23.82,--,10,23820,买盘
26,14:54:50,23.82,--,108,257256,买盘
27,14:54:47,23.82,--,37,88134,买盘
28,14:54:44,23.82,--,5,11910,买盘
29,14:54:38,23.82,0.01,2,4764,买盘
30,14:54:35,23.81,--,81,192861,中性盘
31,14:54:26,23.81,--,5,11905,买盘
32,14:54:23,23.81,--,7,16667,买盘
33,14:54:20,23.81,-0.01,6,14286,中性盘
34,14:54:17,23.82,0.02,10,23820,买盘
35,14:54:08,23.8,-0.01,150,357000,卖盘
36,14:54:05,23.81,-0.01,49,116669,卖盘
37,14:54:02,23.82,--,38,90516,买盘
38,14:53:56,23.82,--,34,80988,中性盘
39,14:53:53,23.82,-0.01,99,235818,卖盘
40,14:53:44,23.83,-0.02,5,11915,中性盘
41,14:53:38,23.85,0.03,74,176490,买盘
42,14:53:35,23.82,-0.01,2,4764,卖盘
43,14:53:32,23.83,--,6,14297,卖盘
44,14:53:29,23.83,0.01,9,21447,买盘
45,14:53:23,23.82,--,12,28584,卖盘
46,14:53:20,23.82,-0.01,30,71460,中性盘
47,14:53:08,23.83,--,22,52425,买盘
48,14:53:02,23.83,--,13,30978,买盘
49,14:52:56,23.83,0.01,2,4766,买盘
50,14:52:53,23.82,-0.01,5,11910,卖盘
51,14:52:50,23.83,0.01,2,4766,中性盘
52,14:52:44,23.82,-0.02,66,157212,卖盘
53,14:52:41,23.84,0.01,10,23840,买盘
54,14:52:35,23.83,--,2,4766,卖盘
55,14:52:32,23.83,--,4,9532,买盘
56,14:52:29,23.83,--,2,4766,卖盘
57,14:52:26,23.83,-0.01,4,9532,卖盘
58,14:52:20,23.84,--,3,7152,买盘
59,14:52:05,23.84,--,1,2384,买盘
60,14:52:02,23.84,0.03,3,7152,买盘
61,14:51:56,23.81,--,200,476200,卖盘
62,14:51:50,23.81,-0.04,24,57144,卖盘
63,14:51:47,23.85,0.01,7,16695,买盘
64,14:51:44,23.84,--,15,35760,卖盘
65,14:51:41,23.84,--,7,18595,卖盘
66,14:51:32,23.84,--,20,47680,卖盘
67,14:51:29,23.84,0.01,40,95526,买盘
68,14:51:26,23.83,--,4,9532,买盘
69,14:51:20,23.83,--,18,42894,买盘
70,14:51:05,23.83,-0.02,3,9365,卖盘
71,14:50:56,23.85,0.02,20,47700,买盘
72,14:50:53,23.83,--,63,150129,卖盘
73,14:50:41,23.83,--,2,4766,卖盘
74,14:50:35,23.83,--,23,54808,卖盘
75,14:50:26,23.83,--,44,104851,卖盘
76,14:50:23,23.83,0.03,185,441021,买盘
77,14:50:20,23.8,-0.02,384,913920,卖盘
78,14:50:17,23.82,--,18,42876,卖盘
79,14:50:14,23.82,--,13,30966,卖盘
80,14:50:11,23.82,--,5,11910,卖盘
81,14:50:08,23.82,--,38,90516,卖盘
82,14:50:05,23.82,--,3,7146,卖盘
83,14:49:56,23.82,--,4,9528,卖盘
84,14:49:53,23.82,-0.01,59,140538,卖盘
85,14:49:50,23.83,--,34,81022,卖盘
86,14:49:47,23.83,--,3,7148,卖盘
87,14:49:41,23.83,-0.01,2,4766,卖盘
88,14:49:38,23.84,--,3,7152,买盘
89,14:49:35,23.84,-0.02,130,312137,卖盘
90,14:49:32,23.86,0.02,59,140941,买盘
91,14:49:29,23.84,--,11,26224,卖盘
92,14:49:26,23.84,-0.02,4,9536,卖盘
93,14:49:23,23.86,--,205,489130,买盘
94,14:49:20,23.86,-0.02,23,54878,卖盘
95,14:49:14,23.88,0.02,5,11940,买盘
96,14:49:11,23.86,-0.02,30,71580,卖盘
97,14:49:08,23.88,0.02,3,7164,买盘
98,14:49:05,23.86,--,69,164634,卖盘
99,14:48:56,23.86,-0.01,167,398462,卖盘
100,14:48:53,23.87,-0.01,20,47740,卖盘
101,14:48:50,23.88,0.01,5,11940,买盘
102,14:48:47,23.87,-0.01,4,9548,卖盘
103,14:48:44,23.88,--,21,50148,卖盘
104,14:48:41,23.88,--,3,7164,卖盘
105,14:48:38,23.88,--,15,35820,卖盘
106,14:48:29,23.88,--,9,21492,卖盘
107,14:48:23,23.88,--,31,74028,卖盘
108,14:48:17,23.88,--,8,19104,卖盘
109,14:48:14,23.88,-0.01,68,162384,卖盘
110,14:48:11,23.89,0.01,13,31057,买盘
111,14:48:08,23.88,-0.01,62,148056,卖盘
112,14:48:05,23.89,-0.01,110,262790,卖盘
113,14:47:59,23.9,0.01,68,162520,买盘
114,14:47:56,23.89,0.01,57,136173,中性盘
115,14:47:53,23.88,-0.01,110,262680,卖盘
116,14:47:50,23.89,--,2,4778,卖盘
117,14:47:44,23.89,--,64,152896,卖盘
118,14:47:38,23.89,--,5,11945,卖盘
119,14:47:35,23.89,--,9,21501,卖盘
120,14:47:26,23.89,0.01,15,35835,卖盘
121,14:47:23,23.88,-0.02,10,23880,卖盘
122,14:47:20,23.9,--,6,14340,买盘
123,14:47:17,23.9,0.02,50,119500,买盘
124,14:47:11,23.88,--,5,11940,卖盘
125,14:47:05,23.88,0.01,1,2388,买盘
126,14:47:02,23.87,-0.02,16,38192,卖盘
127,14:46:59,23.89,0.01,19,45391,中性盘
128,14:46:53,23.88,--,26,62088,卖盘
129,14:46:50,23.88,--,12,28656,卖盘
130,14:46:47,23.88,-0.01,32,76416,卖盘
131,14:46:44,23.89,0.01,35,83615,买盘
132,14:46:35,23.88,--,5,11940,卖盘
133,14:46:32,23.88,-0.02,108,257904,卖盘
134,14:46:26,23.9,0.01,109,260509,买盘
135,14:46:23,23.89,--,3,7167,买盘
136,14:46:17,23.89,--,14,33446,卖盘
137,14:46:14,23.89,--,42,100338,卖盘
138,14:46:08,23.89,--,7,16723,卖盘
139,14:46:05,23.89,--,10,23890,卖盘
140,14:46:02,23.89,0.01,131,312959,买盘
141,14:45:59,23.88,-0.01,20,47760,卖盘
142,14:45:56,23.89,0.01,7,16723,买盘
143,14:45:50,23.88,-0.01,39,93132,卖盘
144,14:45:47,23.89,0.02,9,21501,买盘
145,14:45:44,23.87,-0.03,28,66836,卖盘
146,14:45:41,23.9,0.02,1,2390,卖盘
147,14:45:38,23.88,--,49,117012,买盘
148,14:45:35,23.88,-0.01,53,126564,卖盘
149,14:45:32,23.89,-0.01,100,238900,卖盘
150,14:45:29,23.9,--,126,301140,卖盘
151,14:45:26,23.9,--,237,566430,买盘
152,14:45:20,23.9,0.01,56,133840,买盘
153,14:45:11,23.89,--,18,43002,卖盘
154,14:45:02,23.89,0.01,66,157674,买盘
155,14:44:56,23.88,--,15,35820,卖盘
156,14:44:53,23.88,--,8,19104,中性盘
157,14:44:47,23.88,--,23,54924,买盘
158,14:44:44,23.88,0.01,1,2388,买盘
159,14:44:41,23.87,--,3,7161,卖盘
160,14:44:38,23.87,--,48,114576,卖盘
161,14:44:32,23.87,--,7,16709,卖盘
162,14:44:29,23.87,-0.01,26,62062,买盘
163,14:44:26,23.88,--,82,195816,卖盘
164,14:44:23,23.88,0.03,63,150444,买盘
165,14:44:17,23.85,-0.01,23,54855,卖盘
166,14:44:14,23.86,--,5,11930,卖盘
167,14:44:05,23.86,--,36,85896,买盘
168,14:44:02,23.86,0.02,2,4772,买盘
169,14:43:59,23.84,--,44,104896,卖盘
170,14:43:53,23.84,-0.01,100,238400,卖盘
171,14:43:50,23.85,-0.02,1,2385,买盘
172,14:43:47,23.87,0.02,128,305536,买盘
173,14:43:44,23.85,0.01,9,21465,卖盘
174,14:43:35,23.84,--,15,35760,卖盘
175,14:43:29,23.84,--,10,23840,卖盘
176,14:43:26,23.84,--,4,9536,卖盘
177,14:43:23,23.84,--,4,9536,卖盘
178,14:43:20,23.84,--,49,116816,卖盘
179,14:43:17,23.84,--,3,7152,卖盘
180,14:43:11,23.84,-0.01,136,324224,卖盘
181,14:43:08,23.85,0.01,15,35775,买盘
182,14:43:05,23.84,--,17,40528,卖盘
183,14:43:02,23.84,0.02,10,23840,中性盘
184,14:42:56,23.82,-0.01,518,1233876,卖盘
185,14:42:50,23.83,0.01,20,47660,买盘
186,14:42:47,23.82,--,55,131010,卖盘
187,14:42:41,23.82,--,22,52404,卖盘
188,14:42:38,23.82,-0.01,5,11910,卖盘
189,14:42:35,23.83,0.01,15,35745,买盘
190,14:42:32,23.82,-0.01,12,28584,卖盘
191,14:42:26,23.83,0.01,5,11915,买盘
192,14:42:23,23.82,-0.01,31,73842,卖盘
193,14:42:20,23.83,--,11,26212,买盘
194,14:42:17,23.83,-0.03,18,42894,卖盘
195,14:42:14,23.86,--,63,150318,买盘
196,14:42:11,23.86,--,6,14316,买盘
197,14:42:08,23.86,0.04,23,54878,买盘
198,14:42:02,23.82,--,30,71460,卖盘
199,14:41:59,23.82,-0.01,31,73842,卖盘
200,14:41:56,23.83,--,26,61957,卖盘
201,14:41:50,23.83,0.01,68,162329,买盘
202,14:41:47,23.82,-0.01,2,4764,卖盘
203,14:41:44,23.83,0.01,41,97703,买盘
204,14:41:41,23.82,-0.04,122,290604,中性盘
205,14:41:35,23.86,-0.04,134,319724,中性盘
206,14:41:32,23.9,0.03,71,169690,买盘
207,14:41:29,23.87,0.05,235,560945,买盘
208,14:41:23,23.82,--,57,135774,买盘
209,14:41:20,23.82,--,171,407322,卖盘
210,14:41:14,23.82,-0.05,465,1107630,卖盘
211,14:41:11,23.87,-0.01,131,312697,卖盘
212,14:41:08,23.88,0.05,62,148056,买盘
213,14:41:05,23.83,-0.02,606,1444098,卖盘
214,14:41:02,23.85,--,47,112095,卖盘
215,14:40:59,23.85,0.01,35,83475,中性盘
216,14:40:56,23.84,-0.03,64,152576,卖盘
217,14:40:53,23.87,--,17,40579,买盘
218,14:40:50,23.87,0.03,75,179025,买盘
219,14:40:47,23.84,--,79,188336,卖盘
220,14:40:41,23.84,--,70,166880,卖盘
221,14:40:38,23.84,-0.03,179,426736,卖盘
222,14:40:35,23.87,0.03,102,243474,买盘
223,14:40:29,23.84,-0.03,8,19072,卖盘
224,14:40:26,23.87,--,1,2387,买盘
225,14:40:23,23.87,--,30,71610,买盘
226,14:40:17,23.87,0.04,1,2387,买盘
227,14:40:14,23.83,--,7,16681,卖盘
228,14:40:11,23.83,-0.04,70,166810,卖盘
229,14:40:08,23.87,0.02,15,35805,买盘
230,14:40:02,23.85,--,1,2385,买盘
231,14:39:59,23.85,0.02,5,11925,买盘
232,14:39:56,23.83,-0.05,47,112000,中性盘
233,14:39:44,23.88,0.04,158,377304,买盘
234,14:39:35,23.84,-0.01,55,131835,卖盘
235,14:39:29,23.85,-0.02,194,463310,卖盘
236,14:39:23,23.87,0.02,264,630168,买盘
237,14:39:17,23.85,--,83,197955,卖盘
238,14:39:11,23.85,0.03,258,616379,买盘
239,14:39:01,23.82,-0.01,43,102426,卖盘
240,14:38:58,23.83,-0.01,87,208345,卖盘
241,14:38:52,23.84,--,5,11920,买盘
242,14:38:49,23.84,0.01,80,190720,买盘
243,14:38:46,23.83,-0.01,10,23830,卖盘
244,14:38:43,23.84,0.01,61,145424,买盘
245,14:38:40,23.83,-0.01,5,11915,卖盘
246,14:38:37,23.84,--,5,11920,买盘
247,14:38:31,23.84,0.01,11,26224,中性盘
248,14:38:19,23.83,--,24,57191,卖盘
249,14:38:13,23.83,--,12,28595,卖盘
250,14:38:10,23.83,-0.01,60,142980,卖盘
251,14:38:07,23.84,0.01,6,14304,买盘
252,14:38:04,23.83,--,41,97703,卖盘
253,14:37:58,23.83,--,91,216852,卖盘
254,14:37:55,23.83,0.01,23,54808,买盘
255,14:37:49,23.82,-0.01,18,42876,卖盘
256,14:37:46,23.83,--,41,97703,买盘
257,14:37:43,23.83,--,21,50043,买盘
258,14:37:40,23.83,--,63,150129,卖盘
259,14:37:34,23.83,--,5,11915,卖盘
260,14:37:28,23.83,-0.01,18,42894,卖盘
261,14:37:25,23.84,0.01,16,38144,买盘
262,14:37:22,23.83,--,1,2383,卖盘
263,14:37:16,23.83,--,53,126298,卖盘
264,14:37:13,23.83,0.01,13,30978,卖盘
265,14:37:10,23.82,--,125,297750,卖盘
266,14:37:07,23.82,-0.01,33,78606,卖盘
267,14:37:04,23.83,0.01,31,73873,中性盘
268,14:37:01,23.82,-0.02,90,214380,卖盘
269,14:36:55,23.84,0.01,210,500640,买盘
270,14:36:46,23.83,--,19,45277,买盘
271,14:36:40,23.83,0.01,20,47660,买盘
272,14:36:37,23.82,--,14,33348,卖盘
273,14:36:31,23.82,--,51,121482,卖盘
274,14:36:22,23.82,-0.02,83,198658,卖盘
275,14:36:16,23.84,--,97,231248,买盘
276,14:36:10,23.84,0.02,200,476800,买盘
277,14:36:07,23.82,-0.02,13,30966,卖盘
278,14:36:04,23.84,0.02,31,73904,买盘
279,14:36:01,23.82,-0.01,200,476400,卖盘
280,14:35:58,23.83,--,20,47660,卖盘
281,14:35:55,23.83,--,17,40511,买盘
282,14:35:49,23.83,0.01,24,57191,中性盘
283,14:35:34,23.82,--,51,121482,卖盘
284,14:35:25,23.82,-0.02,35,83370,卖盘
285,14:35:22,23.84,0.02,149,355216,买盘
286,14:35:19,23.82,0.01,86,204852,中性盘
287,14:35:10,23.81,-0.03,130,309530,卖盘
288,14:35:07,23.84,0.03,16,38144,买盘
289,14:35:01,23.81,-0.02,157,373817,卖盘
290,14:34:55,23.83,--,560,1334480,卖盘
291,14:34:46,23.83,--,27,64340,卖盘
292,14:34:37,23.83,-0.01,30,71490,卖盘
293,14:34:34,23.84,-0.01,158,376672,卖盘
294,14:34:28,23.85,0.02,15,35775,卖盘
295,14:34:22,23.83,-0.03,27,64340,卖盘
296,14:34:19,23.86,--,24,57264,卖盘
297,14:34:13,23.86,--,1,2386,卖盘
298,14:34:10,23.86,--,2,4772,买盘
299,14:34:07,23.86,--,96,229056,买盘
300,14:34:04,23.86,0.01,1,2386,买盘
301,14:33:55,23.85,--,102,243270,卖盘
302,14:33:49,23.85,--,111,264735,卖盘
303,14:33:43,23.85,-0.01,81,193185,卖盘
304,14:33:40,23.86,0.01,50,119300,买盘
305,14:33:34,23.85,-0.01,33,78705,卖盘
306,14:33:31,23.86,--,8,19088,买盘
307,14:33:28,23.86,-0.01,74,176564,卖盘
308,14:33:22,23.87,0.01,2,4774,买盘
309,14:33:19,23.86,--,9,21474,卖盘
310,14:33:16,23.86,--,17,40562,卖盘
311,14:33:10,23.86,0.01,24,57264,中性盘
312,14:33:04,23.85,-0.01,9,21465,卖盘
313,14:33:01,23.86,0.01,47,112142,买盘
314,14:32:55,23.85,-0.01,15,35775,卖盘
315,14:32:52,23.86,0.01,5,11930,买盘
316,14:32:43,23.85,0.01,53,126405,卖盘
317,14:32:37,23.84,--,58,138438,买盘
318,14:32:34,23.84,--,15,37977,卖盘
319,14:32:31,23.84,0.01,117,279094,买盘
320,14:32:28,23.83,-0.01,1,2383,卖盘
321,14:32:25,23.84,0.01,26,61984,买盘
322,14:32:22,23.83,--,24,57191,卖盘
323,14:32:16,23.83,--,1,2383,卖盘
324,14:32:13,23.83,--,6,14297,卖盘
325,14:32:10,23.83,--,18,42894,卖盘
326,14:32:07,23.83,--,50,119149,买盘
327,14:32:04,23.83,0.01,21,50043,买盘
328,14:31:58,23.82,-0.01,16,38112,卖盘
329,14:31:55,23.83,-0.01,10,23830,中性盘
330,14:31:52,23.84,--,119,283696,买盘
331,14:31:49,23.84,--,5,11920,买盘
332,14:31:46,23.84,0.01,2,4768,买盘
333,14:31:40,23.83,-0.01,5,11915,卖盘
334,14:31:34,23.84,--,368,877312,卖盘
335,14:31:28,23.84,-0.01,17,40528,卖盘
336,14:31:25,23.85,--,76,181260,卖盘
337,14:31:16,23.85,--,10,23850,卖盘
338,14:31:10,23.85,--,31,73935,卖盘
339,14:31:04,23.85,0.01,5,11925,买盘
340,14:31:01,23.84,-0.01,80,190720,卖盘
341,14:30:58,23.85,0.01,29,69165,买盘
342,14:30:55,23.84,--,103,245552,卖盘
343,14:30:52,23.84,--,2,4768,卖盘
344,14:30:49,23.84,--,111,264624,买盘
345,14:30:43,23.84,0.02,110,262240,买盘
346,14:30:40,23.82,--,18,42876,卖盘
347,14:30:34,23.82,--,1,2382,卖盘
348,14:30:25,23.82,--,27,64314,卖盘
349,14:30:22,23.82,--,18,42876,卖盘
350,14:30:13,23.82,-0.02,12,28584,卖盘
351,14:30:10,23.84,--,26,61984,买盘
352,14:30:07,23.84,0.02,26,61984,买盘
353,14:30:04,23.82,0.01,5,11910,中性盘
354,14:29:58,23.81,-0.03,30,71430,卖盘
355,14:29:55,23.84,0.03,20,47680,中性盘
356,14:29:49,23.81,--,11,26191,卖盘
357,14:29:37,23.81,--,9,21429,卖盘
358,14:29:34,23.81,0.01,25,59525,卖盘
359,14:29:25,23.8,--,57,135660,卖盘
360,14:29:22,23.8,--,24,57120,卖盘
361,14:29:16,23.8,--,71,168980,卖盘
362,14:29:13,23.8,--,133,316540,买盘
363,14:29:10,23.8,--,208,495040,买盘
364,14:29:07,23.8,--,48,114240,买盘
365,14:29:01,23.8,-0.12,28,66640,中性盘
366,14:28:58,23.92,0.12,449,1074008,买盘
367,14:28:52,23.8,--,20,47600,买盘
368,14:28:46,23.8,--,193,459340,买盘
369,14:28:43,23.8,--,18,42840,买盘
370,14:28:40,23.8,0.02,47,111860,买盘
371,14:28:37,23.78,-0.02,71,168838,卖盘
372,14:28:34,23.8,-0.01,279,664020,卖盘
373,14:28:31,23.81,--,153,364293,买盘
374,14:28:28,23.81,--,347,826207,卖盘
375,14:28:22,23.81,-0.03,37,88097,卖盘
376,14:28:16,23.84,0.03,6,14304,买盘
377,14:28:13,23.81,-0.02,34,80954,卖盘
378,14:28:10,23.83,-0.01,13,30978,中性盘
379,14:28:07,23.84,0.03,37,88208,买盘
380,14:28:04,23.81,-0.03,86,204766,卖盘
381,14:27:58,23.84,-0.01,31,73904,中性盘
382,14:27:55,23.85,0.01,223,531855,买盘
383,14:27:52,23.84,0.01,2,4768,中性盘
384,14:27:49,23.83,-0.02,65,154895,卖盘
385,14:27:46,23.85,--,4,9540,买盘
386,14:27:43,23.85,--,5,11925,买盘
387,14:27:40,23.85,-0.03,86,205110,卖盘
388,14:27:37,23.88,-0.02,5,11940,卖盘
389,14:27:34,23.9,0.03,133,317870,买盘
390,14:27:31,23.87,--,2,4774,买盘
391,14:27:25,23.87,-0.03,405,966735,卖盘
392,14:27:22,23.9,--,12,28680,买盘
393,14:27:16,23.9,-0.03,1850,4421500,卖盘
394,14:27:07,23.93,-0.02,45,107685,卖盘
395,14:27:04,23.95,--,13,31135,买盘
396,14:27:01,23.95,0.01,108,258660,买盘
397,14:26:52,23.94,-0.01,358,857052,卖盘
398,14:26:46,23.95,--,34,81430,买盘
399,14:26:37,23.95,0.01,79,189205,买盘
400,14:26:34,23.94,--,2,4788,卖盘
401,14:26:31,23.94,--,2,4788,卖盘
402,14:26:28,23.94,--,32,76608,卖盘
403,14:26:22,23.94,-0.06,93,222642,卖盘
404,14:26:16,24.0,--,53,127200,买盘
405,14:26:13,24.0,0.06,260,624000,买盘
406,14:26:07,23.94,--,71,169974,买盘
407,14:26:01,23.94,0.01,40,95760,买盘
408,14:25:55,23.93,-0.01,28,67004,卖盘
409,14:25:52,23.94,-0.01,20,47880,卖盘
410,14:25:49,23.95,0.02,86,205970,买盘
411,14:25:46,23.93,-0.02,14,33502,卖盘
412,14:25:43,23.95,--,2,4790,买盘
413,14:25:37,23.95,--,58,138910,买盘
414,14:25:31,23.95,0.01,4,9580,买盘
415,14:25:25,23.94,0.01,10,23940,卖盘
416,14:25:19,23.93,--,117,279981,卖盘
417,14:25:13,23.93,-0.07,20,47860,卖盘
418,14:25:10,24.0,0.01,387,928800,买盘
419,14:25:07,23.99,0.07,34,81566,买盘
420,14:25:01,23.92,-0.08,55,131560,卖盘
421,14:24:55,24.0,0.07,16,38400,买盘
422,14:24:52,23.93,-0.07,58,138794,卖盘
423,14:24:49,24.0,0.07,113,271200,中性盘
424,14:24:43,23.93,-0.07,208,497744,卖盘
425,14:24:37,24.0,--,11,26400,卖盘
426,14:24:31,24.0,0.04,678,1627200,买盘
427,14:24:28,23.96,--,39,93444,卖盘
428,14:24:22,23.96,--,95,227620,卖盘
429,14:24:19,23.96,-0.03,23,55108,卖盘
430,14:24:13,23.99,-0.01,116,278284,卖盘
431,14:24:07,24.0,0.01,43,103200,买盘
432,14:24:01,23.99,--,2,4798,卖盘
433,14:23:58,23.99,-0.01,28,67172,卖盘
434,14:23:55,24.0,0.01,2,4800,买盘
435,14:23:52,23.99,--,4,9596,卖盘
436,14:23:46,23.99,--,101,242298,卖盘
437,14:23:43,23.99,0.03,284,681316,买盘
438,14:23:40,23.96,-0.01,26,62296,卖盘
439,14:23:34,23.97,0.01,2,4794,买盘
440,14:23:31,23.96,-0.01,54,129384,卖盘
441,14:23:25,23.97,--,31,74307,买盘
442,14:23:16,23.97,0.01,21,50337,买盘
443,14:23:10,23.96,--,22,52712,卖盘
444,14:23:07,23.96,0.03,77,184492,买盘
445,14:23:01,23.93,--,29,69397,卖盘
446,14:22:55,23.93,-0.03,51,122043,卖盘
447,14:22:52,23.96,0.04,102,244392,买盘
448,14:22:46,23.92,--,50,119600,卖盘
449,14:22:43,23.92,--,134,320528,卖盘
450,14:22:37,23.92,-0.04,116,277472,卖盘
451,14:22:31,23.96,0.03,4,9584,买盘
452,14:22:28,23.93,--,415,993095,卖盘
453,14:22:22,23.93,-0.01,74,177082,卖盘
454,14:22:16,23.94,0.02,3,7182,买盘
455,14:22:13,23.92,-0.01,95,227240,卖盘
456,14:22:07,23.93,--,1,2393,卖盘
457,14:22:04,23.93,0.01,94,224942,买盘
458,14:22:01,23.92,-0.01,8,19136,卖盘
459,14:21:58,23.93,--,45,107685,买盘
460,14:21:55,23.93,0.01,17,40681,买盘
461,14:21:49,23.92,-0.01,1,2392,卖盘
462,14:21:46,23.93,-0.01,10,23930,买盘
463,14:21:43,23.94,--,119,284886,买盘
464,14:21:37,23.94,0.01,5,11970,买盘
465,14:21:34,23.93,-0.01,46,110078,卖盘
466,14:21:28,23.94,0.02,10,23940,买盘
467,14:21:25,23.92,--,19,45448,卖盘
468,14:21:22,23.92,--,39,93288,卖盘
469,14:21:19,23.92,--,116,277472,卖盘
470,14:21:16,23.92,--,57,136344,卖盘
471,14:21:13,23.92,-0.01,2,4784,卖盘
472,14:21:10,23.93,0.01,10,23930,买盘
473,14:21:07,23.92,-0.01,58,138736,卖盘
474,14:21:04,23.93,--,2,4786,买盘
475,14:21:01,23.93,--,45,107685,买盘
476,14:20:58,23.93,--,18,43074,买盘
477,14:20:55,23.93,--,5,11965,买盘
478,14:20:52,23.93,--,236,564748,卖盘
479,14:20:46,23.93,-0.01,8,19144,卖盘
480,14:20:43,23.94,--,7,16758,买盘
481,14:20:34,23.94,-0.01,7,16758,中性盘
482,14:20:31,23.95,0.02,11,26345,买盘
483,14:20:28,23.93,-0.02,7,16751,卖盘
484,14:20:22,23.95,0.01,112,268240,买盘
485,14:20:19,23.94,-0.02,116,277704,中性盘
486,14:20:06,23.96,0.03,32,76672,买盘
487,14:20:00,23.93,-0.01,6,14358,卖盘
488,14:19:57,23.94,-0.02,8,19152,卖盘
489,14:19:54,23.96,--,24,57504,买盘
490,14:19:48,23.96,--,33,79068,卖盘
491,14:19:45,23.96,--,20,47920,卖盘
492,14:19:42,23.96,0.02,30,71880,卖盘
493,14:19:39,23.94,-0.01,19,45486,中性盘
494,14:19:36,23.95,-0.01,507,1214265,卖盘
495,14:19:30,23.96,--,2,4792,卖盘
496,14:19:27,23.96,--,84,201264,买盘
497,14:19:21,23.96,--,10,23960,买盘
498,14:19:12,23.96,--,16,38336,买盘
499,14:19:09,23.96,0.01,20,47920,中性盘
500,14:19:06,23.95,-0.02,551,1319645,卖盘
501,14:19:03,23.97,-0.01,4,9588,中性盘
502,14:18:54,23.98,--,100,239800,买盘
503,14:18:48,23.98,0.01,23,55154,买盘
504,14:18:45,23.97,--,1,2397,卖盘
505,14:18:42,23.97,--,4,9588,卖盘
506,14:18:39,23.97,--,75,179775,卖盘
507,14:18:36,23.97,--,19,45543,卖盘
508,14:18:33,23.97,0.01,192,460224,买盘
509,14:18:30,23.96,--,15,35940,卖盘
510,14:18:27,23.96,--,8,19168,卖盘
511,14:18:24,23.96,--,4,9584,卖盘
512,14:18:18,23.96,--,5,11980,买盘
513,14:18:15,23.96,0.01,48,115008,买盘
514,14:18:09,23.95,--,50,119750,卖盘
515,14:18:06,23.95,-0.01,50,119750,卖盘
516,14:18:03,23.96,--,2,4792,买盘
517,14:18:00,23.96,--,29,69484,卖盘
518,14:17:57,23.96,--,3,7188,卖盘
519,14:17:54,23.96,--,2,4792,卖盘
520,14:17:51,23.96,--,2,4792,卖盘
521,14:17:45,23.96,--,1,2396,卖盘
522,14:17:39,23.96,0.01,154,368984,买盘
523,14:17:36,23.95,--,45,107775,买盘
524,14:17:33,23.95,--,31,74245,卖盘
525,14:17:30,23.95,-0.01,18,43110,卖盘
526,14:17:27,23.96,0.01,100,239600,买盘
527,14:17:24,23.95,-0.01,135,323325,卖盘
528,14:17:21,23.96,--,50,119800,买盘
529,14:17:15,23.96,--,44,105424,买盘
530,14:17:06,23.96,0.01,19,45524,买盘
531,14:17:00,23.95,-0.01,1,2395,卖盘
532,14:16:57,23.96,--,52,124592,买盘
533,14:16:45,23.96,-0.01,612,1466352,卖盘
534,14:16:36,23.97,-0.02,6,14382,卖盘
535,14:16:30,23.99,0.01,13,31186,买盘
536,14:16:27,23.98,--,122,292556,卖盘
537,14:16:24,23.98,--,104,249392,卖盘
538,14:16:21,23.98,--,2,4796,卖盘
539,14:16:18,23.98,-0.01,27,64746,卖盘
540,14:16:12,23.99,-0.01,5,11995,中性盘
541,14:16:06,24.0,0.02,26,62400,买盘
542,14:16:03,23.98,-0.01,123,294954,卖盘
543,14:15:51,23.99,-0.01,103,247096,卖盘
544,14:15:48,24.0,--,1,2400,买盘
545,14:15:45,24.0,--,5,12000,买盘
546,14:15:42,24.0,--,5,12000,买盘
547,14:15:39,24.0,-0.01,413,992520,卖盘
548,14:15:33,24.01,--,2,4802,卖盘
549,14:15:30,24.01,0.01,127,304927,买盘
550,14:15:24,24.0,-0.01,101,242400,卖盘
551,14:15:21,24.01,--,1,2401,买盘
552,14:15:18,24.01,--,10,24010,买盘
553,14:15:12,24.01,--,7,16807,买盘
554,14:15:09,24.01,--,13,31213,买盘
555,14:15:06,24.01,--,16,38416,买盘
556,14:15:00,24.01,--,138,331338,买盘
557,14:14:54,24.01,0.01,20,48020,买盘
558,14:14:51,24.0,-0.01,10,24000,卖盘
559,14:14:45,24.01,0.01,51,122451,买盘
560,14:14:42,24.0,-0.01,9,21600,卖盘
561,14:14:39,24.01,0.01,10,24010,买盘
562,14:14:36,24.0,--,70,168000,卖盘
563,14:14:33,24.0,--,4,9600,卖盘
564,14:14:30,24.0,--,22,52800,卖盘
565,14:14:27,24.0,--,195,469080,买盘
566,14:14:24,24.0,--,2,4800,买盘
567,14:14:21,24.0,--,392,940800,买盘
568,14:14:18,24.0,--,8,19200,买盘
569,14:14:15,24.0,--,10,24000,买盘
570,14:14:12,24.0,--,4,9600,买盘
571,14:14:09,24.0,--,24,57600,买盘
572,14:14:06,24.0,--,20,48000,买盘
573,14:14:00,24.0,--,19,45600,买盘
574,14:13:57,24.0,-0.01,1099,2638920,卖盘
575,14:13:54,24.01,-0.01,17,40817,卖盘
576,14:13:48,24.02,0.01,2,4804,买盘
577,14:13:45,24.01,--,2,4802,卖盘
578,14:13:36,24.01,--,19,45619,卖盘
579,14:13:30,24.01,-0.01,14,33614,卖盘
580,14:13:27,24.02,--,5,12010,买盘
581,14:13:24,24.02,--,98,235396,买盘
582,14:13:18,24.02,0.01,78,187356,买盘
583,14:13:12,24.01,-0.01,4,9604,卖盘
584,14:13:06,24.02,0.01,17,40834,买盘
585,14:12:57,24.01,--,80,192080,卖盘
586,14:12:54,24.01,-0.01,6,14406,卖盘
587,14:12:51,24.02,--,9,21618,卖盘
588,14:12:48,24.02,--,1,2402,卖盘
589,14:12:45,24.02,--,76,182552,卖盘
590,14:12:39,24.02,--,4,9608,卖盘
591,14:12:36,24.02,0.01,8,19216,买盘
592,14:12:30,24.01,-0.01,1,2401,卖盘
593,14:12:27,24.02,0.01,20,48040,买盘
594,14:12:24,24.01,--,116,278516,卖盘
595,14:12:18,24.01,-0.01,67,160867,卖盘
596,14:12:09,24.02,--,10,24020,买盘
597,14:12:06,24.02,0.01,16,38432,中性盘
598,14:11:54,24.01,-0.02,50,120050,卖盘
599,14:11:51,24.03,0.01,4,9612,买盘
600,14:11:48,24.02,-0.01,3,7206,卖盘
601,14:11:33,24.03,--,2,4806,卖盘
602,14:11:30,24.03,--,111,266733,买盘
603,14:11:21,24.03,--,17,40851,买盘
604,14:11:06,24.03,--,16,38448,买盘
605,14:11:00,24.03,--,2,4806,买盘
606,14:10:57,24.03,-0.01,94,225882,卖盘
607,14:10:54,24.04,--,31,74524,买盘
608,14:10:51,24.04,0.01,5,12020,买盘
609,14:10:45,24.03,-0.01,25,60075,卖盘
610,14:10:33,24.04,--,33,79332,卖盘
611,14:10:21,24.04,-0.02,1,2404,卖盘
612,14:10:15,24.06,--,20,48120,买盘
613,14:10:09,24.06,0.02,16,38496,买盘
614,14:10:00,24.04,--,71,170684,卖盘
615,14:09:57,24.04,-0.02,110,264440,卖盘
616,14:09:54,24.06,--,2,4812,买盘
617,14:09:51,24.06,0.01,5,12030,买盘
618,14:09:42,24.05,--,156,375180,卖盘
619,14:09:36,24.05,-0.01,1,2405,卖盘
620,14:09:33,24.06,0.01,11,26466,中性盘
621,14:09:27,24.05,-0.02,45,108225,卖盘
622,14:09:21,24.07,0.02,5,12035,买盘
623,14:09:12,24.05,-0.02,1,2405,卖盘
624,14:09:06,24.07,0.01,18,43326,买盘
625,14:09:03,24.06,-0.01,8,19248,卖盘
626,14:08:57,24.07,--,1,2407,买盘
627,14:08:42,24.07,--,265,637855,买盘
628,14:08:33,24.07,--,20,48140,买盘
629,14:08:30,24.07,--,10,24070,买盘
630,14:08:24,24.07,-0.01,25,60175,卖盘
631,14:08:18,24.08,0.01,8,19264,买盘
632,14:08:15,24.07,--,544,1309408,买盘
633,14:08:09,24.07,0.01,16,38512,买盘
634,14:08:06,24.06,-0.01,5,12030,卖盘
635,14:07:57,24.07,--,1,2407,买盘
636,14:07:45,24.07,--,9,21663,卖盘
637,14:07:39,24.07,--,5,12035,卖盘
638,14:07:33,24.07,-0.01,20,48140,卖盘
639,14:07:30,24.08,0.01,11,26487,买盘
640,14:07:24,24.07,--,10,24070,卖盘
641,14:07:09,24.07,-0.01,17,40919,卖盘
642,14:07:03,24.08,0.01,1,2408,买盘
643,14:06:57,24.07,-0.01,5,12035,卖盘
644,14:06:51,24.08,0.01,5,12040,买盘
645,14:06:48,24.07,-0.01,5,12035,卖盘
646,14:06:42,24.08,--,4,9632,买盘
647,14:06:36,24.08,--,1,2408,买盘
648,14:06:33,24.08,-0.01,1,2408,卖盘
649,14:06:30,24.09,0.01,10,24090,买盘
650,14:06:21,24.08,0.01,32,77056,买盘
651,14:06:18,24.07,--,5,12035,卖盘
652,14:06:12,24.07,-0.01,10,24070,卖盘
653,14:06:06,24.08,0.01,19,45752,买盘
654,14:06:03,24.07,--,10,24070,卖盘
655,14:05:51,24.07,-0.02,38,91466,卖盘
656,14:05:36,24.09,--,10,24090,买盘
657,14:05:33,24.09,0.01,87,209583,买盘
658,14:05:30,24.08,--,14,33712,卖盘
659,14:05:21,24.08,--,10,24080,卖盘
660,14:05:09,24.08,-0.01,4,9632,卖盘
661,14:05:06,24.09,--,28,67452,买盘
662,14:05:00,24.09,0.01,361,869649,买盘
663,14:04:57,24.08,0.02,60,144480,中性盘
664,14:04:30,24.06,-0.02,72,173232,卖盘
665,14:04:24,24.08,--,1,2408,卖盘
666,14:04:18,24.08,--,4,9632,卖盘
667,14:04:15,24.08,-0.01,3,7223,卖盘
668,14:04:12,24.09,0.01,12,28908,买盘
669,14:04:06,24.08,--,29,69832,卖盘
670,14:03:57,24.08,-0.01,50,120399,卖盘
671,14:03:54,24.09,--,1,2409,买盘
672,14:03:51,24.09,--,38,91542,买盘
673,14:03:42,24.09,0.01,25,60225,买盘
674,14:03:39,24.08,-0.01,2,4816,卖盘
675,14:03:30,24.09,0.01,10,24090,买盘
676,14:03:24,24.08,-0.01,36,86688,中性盘
677,14:03:18,24.09,0.02,798,1922382,买盘
678,14:03:12,24.07,--,214,515098,卖盘
679,14:03:09,24.07,-0.01,37,89059,卖盘
680,14:03:06,24.08,0.01,1,2408,买盘
681,14:03:03,24.07,0.01,1,2407,买盘
682,14:02:57,24.06,--,4,9624,卖盘
683,14:02:51,24.06,--,5,12030,卖盘
684,14:02:48,24.06,-0.02,7,16842,卖盘
685,14:02:45,24.08,--,10,24080,买盘
686,14:02:42,24.08,--,100,240799,买盘
687,14:02:36,24.08,--,200,481599,买盘
688,14:02:30,24.08,0.02,11,26487,买盘
689,14:02:27,24.06,-0.02,8,19248,卖盘
690,14:02:24,24.08,0.01,103,248023,买盘
691,14:02:15,24.07,--,2,4814,卖盘
692,14:02:12,24.07,--,3,7221,卖盘
693,14:02:09,24.07,--,3,7221,卖盘
694,14:02:06,24.07,0.01,10,24070,买盘
695,14:01:54,24.06,0.01,13,31278,买盘
696,14:01:51,24.05,--,1,2405,卖盘
697,14:01:48,24.05,-0.01,61,146705,卖盘
698,14:01:42,24.06,0.01,11,26466,买盘
699,14:01:39,24.05,-0.01,108,259740,卖盘
700,14:01:30,24.06,--,10,24060,买盘
701,14:01:24,24.06,--,4,9624,买盘
702,14:01:18,24.06,-0.02,144,346464,卖盘
703,14:01:12,24.08,0.02,681,1639848,买盘
704,14:01:09,24.06,--,108,259848,卖盘
705,14:01:06,24.06,0.01,65,156390,买盘
706,14:01:00,24.05,-0.01,1,2405,卖盘
707,14:00:39,24.06,--,42,101052,卖盘
708,14:00:33,24.06,--,3,7218,卖盘
709,14:00:24,24.06,0.01,42,101052,买盘
710,14:00:21,24.05,-0.01,11,26455,卖盘
711,14:00:05,24.06,--,16,38496,买盘
712,14:00:02,24.06,--,11,26466,买盘
713,13:59:59,24.06,-0.01,21,50526,卖盘
714,13:59:56,24.07,--,4,9628,买盘
715,13:59:50,24.07,--,15,36105,买盘
716,13:59:44,24.07,--,8,19256,买盘
717,13:59:41,24.07,0.01,40,96280,买盘
718,13:59:38,24.06,--,2,4812,买盘
719,13:59:35,24.06,--,50,120300,买盘
720,13:59:32,24.06,-0.01,226,543756,卖盘
721,13:59:29,24.07,--,52,125164,买盘
722,13:59:26,24.07,--,80,192560,买盘
723,13:59:20,24.07,--,64,154048,卖盘
724,13:59:14,24.07,-0.01,10,24070,卖盘
725,13:59:11,24.08,0.01,7,16856,买盘
726,13:59:05,24.07,0.01,356,856892,买盘
727,13:59:02,24.06,--,14,33684,买盘
728,13:58:56,24.06,--,15,36090,买盘
729,13:58:50,24.06,0.01,5,12030,买盘
730,13:58:41,24.05,-0.01,26,62530,卖盘
731,13:58:38,24.06,--,36,86616,买盘
732,13:58:35,24.06,--,25,60150,买盘
733,13:58:32,24.06,--,20,48120,买盘
734,13:58:29,24.06,0.01,21,50526,买盘
735,13:58:17,24.05,-0.02,80,192400,卖盘
736,13:58:11,24.07,0.02,50,120350,买盘
737,13:58:08,24.05,--,4,9620,买盘
738,13:58:05,24.05,--,20,48100,买盘
739,13:57:32,24.05,0.03,1,2405,买盘
740,13:57:29,24.02,-0.03,111,266622,卖盘
741,13:57:26,24.05,--,22,52910,买盘
742,13:57:14,24.05,--,3,7215,买盘
743,13:57:11,24.05,--,196,471380,买盘
744,13:57:05,24.05,--,20,48100,买盘
745,13:57:02,24.05,-0.02,19,47138,卖盘
746,13:56:53,24.07,0.02,87,209409,买盘
747,13:56:29,24.05,--,7,17797,买盘
748,13:56:17,24.05,--,5,12025,买盘
749,13:56:05,24.05,0.01,18,43290,买盘
750,13:55:56,24.04,0.01,2,4808,中性盘
751,13:55:44,24.03,--,3,7209,买盘
752,13:55:41,24.03,-0.01,7,16821,卖盘
753,13:55:38,24.04,--,5,12020,卖盘
754,13:55:29,24.04,0.01,5,12020,买盘
755,13:55:17,24.03,--,14,33642,买盘
756,13:55:08,24.03,--,16,38448,买盘
757,13:54:59,24.03,0.01,1,2403,买盘
758,13:54:56,24.02,--,2,4804,买盘
759,13:54:53,24.02,--,131,314662,买盘
760,13:54:47,24.02,--,7,16814,买盘
761,13:54:44,24.02,--,20,48040,买盘
762,13:54:38,24.02,--,105,252210,买盘
763,13:54:35,24.02,--,1,2402,买盘
764,13:54:32,24.02,--,11,26422,买盘
765,13:54:20,24.02,-0.01,36,86472,卖盘
766,13:54:05,24.03,--,16,38448,买盘
767,13:54:02,24.03,--,1,2403,买盘
768,13:53:56,24.03,--,15,36045,买盘
769,13:53:53,24.03,--,155,372465,买盘
770,13:53:47,24.03,--,29,69687,买盘
771,13:53:41,24.03,--,5,12015,买盘
772,13:53:35,24.03,--,110,264330,买盘
773,13:53:32,24.03,--,10,24030,买盘
774,13:53:29,24.03,--,12,28836,买盘
775,13:53:26,24.03,--,1,2403,买盘
776,13:53:23,24.03,-0.01,6,14418,卖盘
777,13:53:14,24.04,--,3,7212,买盘
778,13:53:05,24.04,--,17,40868,买盘
779,13:52:53,24.04,--,63,151764,卖盘
780,13:52:41,24.04,0.01,7,16828,卖盘
781,13:52:35,24.03,--,31,76583,买盘
782,13:52:29,24.03,--,35,84105,买盘
783,13:52:23,24.03,-0.01,107,257433,卖盘
784,13:52:08,24.04,--,3,8654,卖盘
785,13:52:05,24.04,--,13,32213,买盘
786,13:51:59,24.04,--,40,96160,买盘
787,13:51:53,24.04,--,56,134624,买盘
788,13:51:50,24.04,-0.01,19,45676,卖盘
789,13:51:47,24.05,0.01,53,127465,买盘
790,13:51:44,24.04,-0.01,11,26444,卖盘
791,13:51:32,24.05,--,13,31265,买盘
792,13:51:29,24.05,--,10,24050,买盘
793,13:51:23,24.05,--,74,177970,卖盘
794,13:51:20,24.05,--,20,48100,中性盘
795,13:51:08,24.05,0.01,93,223665,买盘
796,13:50:50,24.04,0.01,221,531284,买盘
797,13:50:47,24.03,-0.01,2,4806,卖盘
798,13:50:38,24.04,--,10,24040,买盘
799,13:50:32,24.04,0.01,11,26444,中性盘
800,13:50:17,24.03,--,9,21627,卖盘
801,13:50:08,24.03,0.02,0,2090,买盘
802,13:50:05,24.01,-0.02,395,950195,卖盘
803,13:50:02,24.03,--,1,2403,买盘
804,13:49:53,24.03,0.01,20,48060,买盘
805,13:49:50,24.02,-0.01,139,335559,卖盘
806,13:49:44,24.03,--,2,4806,买盘
807,13:49:41,24.03,--,10,24342,卖盘
808,13:49:38,24.03,--,20,50150,买盘
809,13:49:32,24.03,--,5,12015,买盘
810,13:49:29,24.03,--,20,48060,买盘
811,13:49:23,24.03,--,67,161313,卖盘
812,13:49:20,24.03,-0.01,26,64136,卖盘
813,13:49:17,24.04,--,37,89813,买盘
814,13:49:08,24.04,--,16,38464,买盘
815,13:48:59,24.04,0.01,9,21636,买盘
816,13:48:53,24.03,-0.01,148,357302,卖盘
817,13:48:38,24.04,0.01,1,2404,买盘
818,13:48:35,24.03,-0.01,30,72090,卖盘
819,13:48:29,24.04,--,11,26444,买盘
820,13:48:26,24.04,0.01,3,7212,买盘
821,13:48:23,24.03,-0.02,140,337188,卖盘
822,13:48:14,24.05,0.01,10,24050,买盘
823,13:48:08,24.04,--,16,40098,买盘
824,13:48:05,24.04,--,8,19232,买盘
825,13:48:02,24.04,--,12,28848,买盘
826,13:47:53,24.04,--,96,231553,卖盘
827,13:47:50,24.04,-0.01,31,76158,卖盘
828,13:47:32,24.05,--,26,62530,买盘
829,13:47:23,24.05,--,10,24050,买盘
830,13:47:20,24.05,-0.03,213,512265,卖盘
831,13:47:08,24.08,--,3,7223,买盘
832,13:47:05,24.08,--,17,40936,买盘
833,13:46:53,24.08,--,40,96320,卖盘
834,13:46:44,24.08,--,1,2408,卖盘
835,13:46:38,24.08,-0.01,5,12040,卖盘
836,13:46:35,24.09,0.01,13,31317,买盘
837,13:46:29,24.08,--,4,9632,买盘
838,13:46:23,24.08,-0.01,1,2408,卖盘
839,13:46:20,24.09,0.01,74,178266,买盘
840,13:46:05,24.08,-0.01,8,19264,中性盘
841,13:45:59,24.09,0.01,100,240900,买盘
842,13:45:56,24.08,0.02,86,207087,买盘
843,13:45:53,24.06,-0.01,1,2406,卖盘
844,13:45:50,24.07,--,17,40919,卖盘
845,13:45:44,24.07,--,5,12035,卖盘
846,13:45:41,24.07,--,300,722100,卖盘
847,13:45:38,24.07,0.01,182,438074,买盘
848,13:45:35,24.06,--,4,11211,买盘
849,13:45:32,24.06,--,10,24060,买盘
850,13:45:20,24.06,-0.01,19,45714,卖盘
851,13:45:17,24.07,--,3,7221,买盘
852,13:45:08,24.07,0.01,1,2407,买盘
853,13:45:05,24.06,0.02,4,9624,买盘
854,13:45:02,24.04,-0.01,20,48080,卖盘
855,13:44:56,24.05,--,28,68951,买盘
856,13:44:53,24.05,--,4,9620,买盘
857,13:44:50,24.05,--,3,7215,买盘
858,13:44:44,24.05,0.02,10,24050,中性盘
859,13:44:35,24.03,-0.04,50,120462,卖盘
860,13:44:32,24.07,--,111,267177,买盘
861,13:44:23,24.07,--,2,4814,买盘
862,13:44:14,24.07,--,2,4814,买盘
863,13:44:08,24.07,--,3,7221,买盘
864,13:44:02,24.07,0.02,202,486214,买盘
865,13:43:59,24.05,0.02,8,19240,买盘
866,13:43:56,24.03,-0.02,8,19224,卖盘
867,13:43:50,24.05,0.03,91,218855,买盘
868,13:43:41,24.02,-0.02,70,168140,卖盘
869,13:43:35,24.04,--,21,50484,买盘
870,13:43:32,24.04,--,12,28848,买盘
871,13:43:26,24.04,--,6,14424,买盘
872,13:43:23,24.04,--,128,307712,买盘
873,13:43:20,24.04,--,2,4808,买盘
874,13:43:17,24.04,0.02,9,21636,买盘
875,13:43:14,24.02,--,32,76864,买盘
876,13:43:11,24.02,--,21,50442,买盘
877,13:43:05,24.02,0.01,16,38432,买盘
878,13:43:02,24.01,-0.01,79,189679,卖盘
879,13:42:56,24.02,-0.02,24,57648,买盘
880,13:42:53,24.04,--,7,16828,买盘
881,13:42:47,24.04,--,39,93756,买盘
882,13:42:44,24.04,0.02,18,43272,买盘
883,13:42:35,24.02,-0.01,58,139316,卖盘
884,13:42:32,24.03,--,27,64881,买盘
885,13:42:29,24.03,0.01,20,48060,买盘
886,13:42:26,24.02,--,1,2402,卖盘
887,13:42:17,24.02,--,1,2402,卖盘
888,13:42:14,24.02,--,2,4804,卖盘
889,13:42:07,24.02,--,18,43236,卖盘
890,13:42:04,24.02,-0.01,71,170542,卖盘
891,13:41:55,24.03,0.01,116,278748,买盘
892,13:41:49,24.02,-0.01,38,91276,卖盘
893,13:41:37,24.03,0.01,50,120150,买盘
894,13:41:31,24.02,-0.01,72,172944,卖盘
895,13:41:28,24.03,--,13,31239,买盘
896,13:41:19,24.03,0.01,20,48060,买盘
897,13:41:16,24.02,-0.01,36,86472,卖盘
898,13:41:07,24.03,--,30,72090,买盘
899,13:41:01,24.03,0.02,2,4806,卖盘
900,13:40:46,24.01,-0.02,480,1152480,卖盘
901,13:40:31,24.03,-0.02,70,168210,卖盘
902,13:40:28,24.05,0.02,60,144300,买盘
903,13:40:25,24.03,--,6,14418,卖盘
904,13:40:16,24.03,--,132,317196,卖盘
905,13:40:10,24.03,-0.01,27,64881,卖盘
906,13:40:01,24.04,--,1,2404,买盘
907,13:39:55,24.04,--,15,36060,卖盘
908,13:39:49,24.04,-0.01,36,86544,卖盘
909,13:39:31,24.05,--,51,122655,卖盘
910,13:39:19,24.05,--,1,2405,卖盘
911,13:39:16,24.05,--,5,12025,卖盘
912,13:39:13,24.05,--,58,139490,卖盘
913,13:39:07,24.05,--,22,52910,卖盘
914,13:39:04,24.05,--,44,105820,卖盘
915,13:38:58,24.05,--,10,24050,卖盘
916,13:38:52,24.05,--,22,52910,卖盘
917,13:38:49,24.05,--,10,24050,卖盘
918,13:38:46,24.05,--,10,24050,卖盘
919,13:38:43,24.05,--,20,48100,卖盘
920,13:38:31,24.05,-0.01,44,105820,卖盘
921,13:38:28,24.06,0.01,10,24060,买盘
922,13:38:19,24.05,-0.01,5,12025,卖盘
923,13:38:16,24.06,--,53,127518,买盘
924,13:38:13,24.06,--,120,288720,买盘
925,13:38:07,24.06,0.01,17,40902,买盘
926,13:38:04,24.05,-0.01,66,158730,卖盘
927,13:37:49,24.06,--,3,7218,卖盘
928,13:37:46,24.06,--,7,16842,买盘
929,13:37:43,24.06,--,14,33684,卖盘
930,13:37:34,24.06,--,52,125112,卖盘
931,13:37:22,24.06,--,1,2406,卖盘
932,13:37:19,24.06,0.01,21,50526,买盘
933,13:37:13,24.05,-0.01,22,52910,卖盘
934,13:37:04,24.06,0.01,58,139548,买盘
935,13:36:58,24.05,--,4,9620,买盘
936,13:36:52,24.05,--,22,52910,买盘
937,13:36:43,24.05,--,3,7215,卖盘
938,13:36:34,24.05,-0.01,50,120250,卖盘
939,13:36:28,24.06,0.01,2,4812,买盘
940,13:36:13,24.05,-0.01,21,50505,卖盘
941,13:36:04,24.06,0.01,18,43308,买盘
942,13:36:01,24.05,-0.01,10,24050,卖盘
943,13:35:58,24.06,--,10,24060,卖盘
944,13:35:52,24.06,0.01,110,264660,买盘
945,13:35:46,24.05,0.01,10,24050,买盘
946,13:35:43,24.04,-0.01,21,50484,卖盘
947,13:35:31,24.05,-0.01,6,14430,卖盘
948,13:35:25,24.06,0.01,6,14436,买盘
949,13:35:19,24.05,--,1,2405,卖盘
950,13:35:10,24.05,--,22,52910,卖盘
951,13:35:07,24.05,-0.01,13,31265,卖盘
952,13:35:04,24.06,0.01,16,38496,买盘
953,13:35:01,24.05,--,6,14430,卖盘
954,13:34:55,24.05,-0.02,2,4810,卖盘
955,13:34:52,24.07,0.02,6,14442,中性盘
956,13:34:37,24.05,--,12,28860,卖盘
957,13:34:28,24.05,--,10,24050,卖盘
958,13:34:19,24.05,--,5,12025,卖盘
959,13:34:13,24.05,-0.04,20,48100,卖盘
960,13:34:07,24.09,0.04,214,515526,买盘
961,13:34:04,24.05,--,17,40885,买盘
962,13:34:01,24.05,--,32,76960,卖盘
963,13:33:58,24.05,-0.01,1,2405,中性盘
964,13:33:49,24.06,0.02,84,202104,买盘
965,13:33:46,24.04,0.01,21,50484,中性盘
966,13:33:40,24.03,-0.02,6,14418,卖盘
967,13:33:34,24.05,--,30,72150,卖盘
968,13:33:25,24.05,--,51,122655,买盘
969,13:33:19,24.05,0.01,10,24050,买盘
970,13:33:16,24.04,0.01,46,110584,买盘
971,13:33:07,24.03,0.01,16,38448,买盘
972,13:33:04,24.02,--,41,98482,卖盘
973,13:32:55,24.02,-0.01,6,14412,卖盘
974,13:32:52,24.03,0.01,1,2403,买盘
975,13:32:43,24.02,-0.01,21,50442,卖盘
976,13:32:40,24.03,0.01,5,12015,买盘
977,13:32:34,24.02,--,42,100884,卖盘
978,13:32:28,24.02,--,22,52844,卖盘
979,13:32:19,24.02,0.01,22,52844,买盘
980,13:32:13,24.01,--,25,60025,卖盘
981,13:32:10,24.01,-0.01,1,2401,卖盘
982,13:32:07,24.02,0.01,19,45638,买盘
983,13:32:04,24.01,--,43,103243,卖盘
984,13:31:49,24.01,-0.01,30,72030,卖盘
985,13:31:46,24.02,--,42,100884,买盘
986,13:31:43,24.02,--,40,96080,买盘
987,13:31:34,24.02,0.01,1,2402,买盘
988,13:31:31,24.01,-0.01,53,127253,卖盘
989,13:31:28,24.02,--,16,38432,买盘
990,13:31:22,24.02,--,4,9608,买盘
991,13:31:16,24.02,--,4,9608,买盘
992,13:31:13,24.02,-0.01,35,84070,卖盘
993,13:31:10,24.03,--,3,7209,买盘
994,13:31:07,24.03,0.01,16,38448,买盘
995,13:31:04,24.02,--,44,105688,卖盘
996,13:30:52,24.02,-0.01,10,24020,卖盘
997,13:30:49,24.03,0.01,1,2403,买盘
998,13:30:43,24.02,-0.01,22,52844,卖盘
999,13:30:40,24.03,-0.01,11,26433,中性盘
1000,13:30:28,24.04,0.03,3,7212,买盘
1001,13:30:13,24.01,-0.04,117,280917,卖盘
1002,13:30:04,24.05,0.02,10,24050,中性盘
1003,13:29:55,24.03,-0.02,11,26433,卖盘
1004,13:29:52,24.05,--,8,19240,卖盘
1005,13:29:46,24.05,0.02,85,204425,买盘
1006,13:29:43,24.03,0.01,30,72090,买盘
1007,13:29:37,24.02,0.01,5,12010,买盘
1008,13:29:34,24.01,-0.02,2,4802,卖盘
1009,13:29:31,24.03,--,34,81702,卖盘
1010,13:29:28,24.03,0.03,43,103329,买盘
1011,13:29:13,24.0,-0.02,22,52800,卖盘
1012,13:29:10,24.02,0.01,29,69658,买盘
1013,13:29:07,24.01,--,36,86436,卖盘
1014,13:29:01,24.01,0.01,1,2401,中性盘
1015,13:28:55,24.0,--,5,12000,卖盘
1016,13:28:49,24.0,-0.02,2,4800,卖盘
1017,13:28:46,24.02,0.02,2,4804,买盘
1018,13:28:43,24.0,--,2,4800,卖盘
1019,13:28:37,24.0,--,4,9600,卖盘
1020,13:28:34,24.0,--,2,4800,卖盘
1021,13:28:28,24.0,--,40,96000,卖盘
1022,13:28:13,24.0,-0.04,22,52800,卖盘
1023,13:28:07,24.04,0.04,226,543304,买盘
1024,13:28:04,24.0,--,10,24000,买盘
1025,13:27:58,24.0,-0.04,957,2296800,卖盘
1026,13:27:43,24.04,-0.01,21,50484,卖盘
1027,13:27:37,24.05,0.01,2,4810,买盘
1028,13:27:34,24.04,-0.01,46,110584,卖盘
1029,13:27:31,24.05,0.01,20,48100,买盘
1030,13:27:28,24.04,--,9,21636,卖盘
1031,13:27:25,24.04,-0.01,11,26444,卖盘
1032,13:27:16,24.05,--,16,38480,买盘
1033,13:27:10,24.05,--,55,132275,卖盘
1034,13:27:07,24.05,-0.01,12,28860,卖盘
1035,13:27:04,24.06,0.01,21,50526,买盘
1036,13:27:01,24.05,--,45,108225,卖盘
1037,13:26:58,24.05,--,2,4810,卖盘
1038,13:26:55,24.05,--,48,115440,卖盘
1039,13:26:49,24.05,-0.01,230,553150,卖盘
1040,13:26:46,24.06,0.01,80,192480,买盘
1041,13:26:43,24.05,-0.01,24,57720,卖盘
1042,13:26:40,24.06,0.01,50,120300,买盘
1043,13:26:37,24.05,-0.01,1,2405,卖盘
1044,13:26:31,24.06,--,207,498042,卖盘
1045,13:26:19,24.06,--,1,2406,卖盘
1046,13:26:13,24.06,--,40,96240,卖盘
1047,13:26:07,24.06,--,30,72180,卖盘
1048,13:26:01,24.06,--,44,105864,卖盘
1049,13:25:58,24.06,-0.01,5,12030,卖盘
1050,13:25:46,24.07,--,56,134792,卖盘
1051,13:25:34,24.07,-0.01,43,103501,卖盘
1052,13:25:31,24.08,0.01,10,24080,买盘
1053,13:25:25,24.07,-0.01,10,24070,卖盘
1054,13:25:22,24.08,0.01,3,7223,买盘
1055,13:25:13,24.07,--,40,96280,卖盘
1056,13:25:07,24.07,--,2,4814,卖盘
1057,13:25:04,24.07,-0.01,2,4814,卖盘
1058,13:25:01,24.08,--,60,144480,卖盘
1059,13:24:58,24.08,--,2,4816,卖盘
1060,13:24:49,24.08,--,6,14447,卖盘
1061,13:24:43,24.08,--,37,89096,卖盘
1062,13:24:34,24.08,--,48,115583,卖盘
1063,13:24:28,24.08,-0.01,26,62607,卖盘
1064,13:24:25,24.09,--,20,48180,买盘
1065,13:24:22,24.09,--,42,101178,买盘
1066,13:24:19,24.09,0.01,4,9636,买盘
1067,13:24:13,24.08,--,21,50568,卖盘
1068,13:24:10,24.08,--,28,67424,买盘
1069,13:24:04,24.08,-0.01,16,38528,卖盘
1070,13:23:58,24.09,0.01,25,60225,买盘
1071,13:23:55,24.08,-0.01,3,7223,卖盘
1072,13:23:52,24.09,--,50,120450,买盘
1073,13:23:46,24.09,0.01,30,72270,买盘
1074,13:23:43,24.08,--,32,77056,卖盘
1075,13:23:40,24.08,--,4,9632,卖盘
1076,13:23:34,24.08,--,46,110767,卖盘
1077,13:23:31,24.08,0.01,188,452703,买盘
1078,13:23:28,24.07,-0.01,1,2407,卖盘
1079,13:23:19,24.08,--,10,24080,卖盘
1080,13:23:13,24.08,--,44,105951,买盘
1081,13:23:07,24.08,--,11,26487,买盘
1082,13:23:04,24.08,--,13,31303,卖盘
1083,13:22:58,24.08,--,2,4816,卖盘
1084,13:22:55,24.08,0.01,185,445479,买盘
1085,13:22:49,24.07,-0.01,18,43326,卖盘
1086,13:22:46,24.08,0.01,40,96320,买盘
1087,13:22:43,24.07,-0.01,23,55361,卖盘
1088,13:22:40,24.08,--,50,120399,买盘
1089,13:22:37,24.08,0.01,6,14447,买盘
1090,13:22:34,24.07,--,45,108315,卖盘
1091,13:22:31,24.07,0.01,5,12035,中性盘
1092,13:22:22,24.06,-0.01,260,625560,卖盘
1093,13:22:13,24.07,--,22,52954,卖盘
1094,13:22:07,24.07,--,43,103501,买盘
1095,13:22:04,24.07,--,37,89059,卖盘
1096,13:22:01,24.07,-0.01,2,4814,卖盘
1097,13:21:58,24.08,--,3,7223,买盘
1098,13:21:49,24.08,0.01,107,257655,买盘
1099,13:21:43,24.07,--,7,16849,卖盘
1100,13:21:37,24.07,--,4,9628,卖盘
1101,13:21:34,24.07,--,12,28884,卖盘
1102,13:21:24,24.07,--,31,74617,卖盘
1103,13:21:15,24.07,--,89,214223,卖盘
1104,13:21:12,24.07,--,6,14442,卖盘
1105,13:21:09,24.07,0.01,33,79431,买盘
1106,13:21:06,24.06,--,2,4812,卖盘
1107,13:21:03,24.06,-0.01,1,2406,卖盘
1108,13:20:54,24.07,0.01,1,2407,买盘
1109,13:20:48,24.06,--,90,216540,卖盘
1110,13:20:42,24.06,--,10,24060,卖盘
1111,13:20:33,24.06,-0.01,1,2406,卖盘
1112,13:20:21,24.07,--,50,120350,买盘
1113,13:20:15,24.07,--,65,156455,买盘
1114,13:20:12,24.07,--,41,98687,卖盘
1115,13:20:06,24.07,--,2,4814,卖盘
1116,13:20:03,24.07,--,186,447702,买盘
1117,13:19:57,24.07,--,7,16849,买盘
1118,13:19:54,24.07,--,3,7221,买盘
1119,13:19:51,24.07,--,9,21663,卖盘
1120,13:19:48,24.07,--,86,207002,卖盘
1121,13:19:42,24.07,--,31,74617,卖盘
1122,13:19:39,24.07,0.01,24,57768,买盘
1123,13:19:27,24.06,-0.01,4,9624,卖盘
1124,13:19:24,24.07,0.01,43,103501,买盘
1125,13:19:15,24.06,--,88,211728,卖盘
1126,13:19:03,24.06,-0.01,150,360900,卖盘
1127,13:19:00,24.07,--,69,166083,买盘
1128,13:18:57,24.07,--,66,158862,买盘
1129,13:18:51,24.07,--,19,45733,买盘
1130,13:18:45,24.07,--,2,4814,买盘
1131,13:18:39,24.07,--,33,79431,卖盘
1132,13:18:36,24.07,--,30,72210,卖盘
1133,13:18:33,24.07,-0.01,52,125164,卖盘
1134,13:18:30,24.08,--,50,120399,买盘
1135,13:18:27,24.08,--,6,14447,买盘
1136,13:18:15,24.08,--,3,7223,卖盘
1137,13:18:03,24.08,--,6,14447,卖盘
1138,13:17:42,24.08,-0.01,16,38528,卖盘
1139,13:17:27,24.09,--,6,14454,买盘
1140,13:17:06,24.09,--,10,24090,卖盘
1141,13:16:57,24.09,--,1,2409,卖盘
1142,13:16:54,24.09,0.01,56,134904,买盘
1143,13:16:51,24.08,-0.01,38,91504,卖盘
1144,13:16:48,24.09,--,512,1233408,买盘
1145,13:16:45,24.09,0.01,53,127677,买盘
1146,13:16:42,24.08,--,9,21672,卖盘
1147,13:16:33,24.08,--,5,12040,卖盘
1148,13:16:30,24.08,-0.01,14,33712,卖盘
1149,13:16:27,24.09,0.01,33,79497,买盘
1150,13:16:15,24.08,--,5,12040,卖盘
1151,13:16:12,24.08,0.03,530,1276240,买盘
1152,13:16:09,24.05,-0.01,217,521885,卖盘
1153,13:16:03,24.06,--,1,2406,买盘
1154,13:16:00,24.06,--,3,7218,买盘
1155,13:15:57,24.06,--,1,2406,买盘
1156,13:15:54,24.06,0.01,2,4812,买盘
1157,13:15:51,24.05,-0.01,3,7215,卖盘
1158,13:15:48,24.06,--,37,89022,买盘
1159,13:15:45,24.06,--,4,9624,买盘
1160,13:15:42,24.06,0.01,65,156390,买盘
1161,13:15:39,24.05,-0.01,5,12025,卖盘
1162,13:15:36,24.06,0.01,17,40902,买盘
1163,13:15:24,24.05,0.01,34,81770,买盘
1164,13:15:21,24.04,-0.01,2,4808,卖盘
1165,13:15:15,24.05,0.02,5,12025,买盘
1166,13:15:06,24.03,--,9,21627,卖盘
1167,13:15:03,24.03,0.02,3,7209,中性盘
1168,13:14:45,24.01,--,20,48020,卖盘
1169,13:14:42,24.01,0.01,19,45619,中性盘
1170,13:14:27,24.0,--,10,24000,卖盘
1171,13:14:24,24.0,--,289,695256,买盘
1172,13:14:21,24.0,--,200,480000,买盘
1173,13:14:18,24.0,--,503,1207200,买盘
1174,13:14:12,24.0,--,10,24000,买盘
1175,13:14:09,24.0,-0.05,1784,4281600,卖盘
1176,13:13:48,24.05,-0.02,203,488215,卖盘
1177,13:13:39,24.07,--,5,12035,卖盘
1178,13:13:36,24.07,--,40,96280,卖盘
1179,13:13:33,24.07,--,68,163676,买盘
1180,13:13:30,24.07,0.01,62,149234,买盘
1181,13:13:24,24.06,--,47,113082,卖盘
1182,13:13:15,24.06,--,1,2406,卖盘
1183,13:13:00,24.06,--,8,19248,卖盘
1184,13:12:57,24.06,-0.01,32,76992,卖盘
1185,13:12:51,24.07,--,5,12035,买盘
1186,13:12:48,24.07,--,125,300875,卖盘
1187,13:12:45,24.07,-0.01,21,50547,卖盘
1188,13:12:27,24.08,--,3,7223,卖盘
1189,13:12:21,24.08,--,3,7223,卖盘
1190,13:12:18,24.08,--,20,48160,卖盘
1191,13:12:15,24.08,--,3,7223,卖盘
1192,13:12:09,24.08,--,1,2408,买盘
1193,13:12:06,24.08,--,5,12040,买盘
1194,13:11:57,24.08,--,27,65015,卖盘
1195,13:11:54,24.08,--,10,24080,卖盘
1196,13:11:51,24.08,--,1,2408,卖盘
1197,13:11:45,24.08,-0.01,16,38528,卖盘
1198,13:11:42,24.09,0.01,30,72270,买盘
1199,13:11:33,24.08,-0.01,46,110767,卖盘
1200,13:11:27,24.09,0.01,33,79497,买盘
1201,13:11:24,24.08,--,200,481599,卖盘
1202,13:11:21,24.08,--,10,24080,卖盘
1203,13:11:03,24.08,--,64,154112,买盘
1204,13:10:57,24.08,--,79,190232,买盘
1205,13:10:54,24.08,--,23,55383,买盘
1206,13:10:42,24.08,--,30,72240,买盘
1207,13:10:39,24.08,--,3,7223,买盘
1208,13:10:30,24.08,0.01,35,84280,买盘
1209,13:10:24,24.07,--,10,24070,买盘
1210,13:10:18,24.07,--,4,9628,买盘
1211,13:10:12,24.07,0.01,18,43326,买盘
1212,13:10:06,24.06,0.01,145,349086,买盘
1213,13:10:03,24.05,--,25,60125,卖盘
1214,13:09:57,24.05,--,2,4810,卖盘
1215,13:09:54,24.05,--,52,125060,买盘
1216,13:09:48,24.05,0.01,110,264550,买盘
1217,13:09:36,24.04,--,340,817360,买盘
1218,13:09:30,24.04,--,1,2404,买盘
1219,13:09:27,24.04,--,21,50484,买盘
1220,13:09:24,24.04,--,104,250016,卖盘
1221,13:09:15,24.04,--,10,24040,卖盘
1222,13:09:12,24.04,-0.01,55,132220,卖盘
1223,13:09:03,24.05,--,13,31265,买盘
1224,13:08:54,24.05,--,10,24050,买盘
1225,13:08:51,24.05,--,22,52910,买盘
1226,13:08:48,24.05,--,56,134680,买盘
1227,13:08:45,24.05,--,64,153920,买盘
1228,13:08:39,24.05,--,10,24050,买盘
1229,13:08:30,24.05,--,27,64935,买盘
1230,13:08:24,24.05,0.01,64,153920,买盘
1231,13:08:21,24.04,-0.01,54,129816,卖盘
1232,13:07:54,24.05,0.02,2,4810,买盘
1233,13:07:45,24.03,-0.02,5,12015,卖盘
1234,13:07:39,24.05,--,8,19240,买盘
1235,13:07:27,24.05,--,4,9620,买盘
1236,13:07:18,24.05,--,15,36075,买盘
1237,13:07:15,24.05,--,18,43290,卖盘
1238,13:07:06,24.05,--,3,7215,卖盘
1239,13:07:03,24.05,--,9,21645,买盘
1240,13:06:54,24.05,--,45,108225,买盘
1241,13:06:51,24.05,--,36,86580,买盘
1242,13:06:45,24.05,0.03,5,12025,买盘
1243,13:06:33,24.02,-0.01,5,12010,卖盘
1244,13:06:30,24.03,-0.02,1,2403,买盘
1245,13:06:24,24.05,0.03,2,4810,买盘
1246,13:06:18,24.02,-0.01,20,48040,卖盘
1247,13:06:12,24.03,-0.02,14,33642,卖盘
1248,13:06:09,24.05,0.01,11,26455,买盘
1249,13:06:06,24.04,--,5,12020,买盘
1250,13:06:03,24.04,--,11,26444,买盘
1251,13:06:00,24.04,--,223,536092,买盘
1252,13:05:54,24.04,--,24,57696,买盘
1253,13:05:42,24.04,0.01,2,4808,买盘
1254,13:05:27,24.03,-0.02,44,105732,卖盘
1255,13:05:21,24.05,--,2,4810,买盘
1256,13:05:12,24.05,-0.01,35,84175,卖盘
1257,13:05:09,24.06,0.01,4,9624,买盘
1258,13:05:03,24.05,-0.01,8,19240,中性盘
1259,13:04:57,24.06,0.01,190,457140,买盘
1260,13:04:54,24.05,--,2,4810,买盘
1261,13:04:45,24.05,--,21,50505,买盘
1262,13:04:39,24.05,--,11,26455,卖盘
1263,13:04:33,24.05,-0.01,10,24050,卖盘
1264,13:04:30,24.06,0.01,10,24060,买盘
1265,13:04:18,24.05,--,3,7215,卖盘
1266,13:04:15,24.05,--,28,67340,卖盘
1267,13:04:09,24.05,--,146,351130,买盘
1268,13:04:06,24.05,0.02,1,2405,买盘
1269,13:04:03,24.03,-0.02,10,24030,卖盘
1270,13:04:00,24.05,0.02,13,31265,买盘
1271,13:03:57,24.03,--,15,36045,买盘
1272,13:03:54,24.03,--,24,57672,买盘
1273,13:03:51,24.03,--,4,9612,买盘
1274,13:03:39,24.03,--,43,103329,卖盘
1275,13:03:30,24.03,-0.01,5,12015,卖盘
1276,13:03:24,24.04,--,36,86544,买盘
1277,13:03:21,24.04,0.01,101,242804,买盘
1278,13:03:12,24.03,0.01,35,84105,买盘
1279,13:03:09,24.02,--,88,211376,卖盘
1280,13:02:57,24.02,--,24,57648,买盘
1281,13:02:54,24.02,--,2,4804,买盘
1282,13:02:51,24.02,--,37,88874,卖盘
1283,13:02:42,24.02,-0.01,84,201768,卖盘
1284,13:02:26,24.03,--,1,2403,买盘
1285,13:02:23,24.03,0.01,12,28836,买盘
1286,13:02:20,24.02,--,17,40834,卖盘
1287,13:02:17,24.02,-0.01,9,21618,卖盘
1288,13:02:14,24.03,--,10,24030,买盘
1289,13:02:11,24.03,0.01,10,24030,买盘
1290,13:02:08,24.02,-0.01,87,208974,卖盘
1291,13:02:05,24.03,0.01,10,24030,买盘
1292,13:01:56,24.02,-0.01,10,24020,卖盘
1293,13:01:53,24.03,0.01,31,74493,买盘
1294,13:01:50,24.02,--,8,19216,买盘
1295,13:01:47,24.02,--,54,129708,买盘
1296,13:01:41,24.02,-0.01,26,62452,卖盘
1297,13:01:35,24.03,--,14,33642,买盘
1298,13:01:23,24.03,--,33,79299,买盘
1299,13:01:17,24.03,--,9,21627,买盘
1300,13:01:11,24.03,--,28,67284,买盘
1301,13:01:05,24.03,-0.01,9,21627,卖盘
1302,13:01:02,24.04,0.02,70,168280,买盘
1303,13:00:59,24.02,-0.01,51,122502,卖盘
1304,13:00:53,24.03,--,7,16821,买盘
1305,13:00:44,24.03,--,6,14418,买盘
1306,13:00:41,24.03,-0.01,1,2403,买盘
1307,13:00:35,24.04,-0.01,24,57696,卖盘
1308,13:00:32,24.05,--,2,4810,买盘
1309,13:00:26,24.05,0.01,4,9620,买盘
1310,13:00:14,24.04,0.03,11,26444,中性盘
1311,13:00:11,24.01,--,37,88837,买盘
1312,13:00:08,24.01,-0.02,482,1157282,卖盘
1313,13:00:02,24.03,0.02,232,557496,买盘
1314,11:29:40,24.01,-0.01,85,204085,卖盘
1315,11:29:37,24.02,--,4,9608,买盘
1316,11:29:25,24.02,--,30,72060,买盘
1317,11:29:22,24.02,0.01,32,76864,买盘
1318,11:29:10,24.01,--,86,206486,卖盘
1319,11:29:01,24.01,--,2,4802,卖盘
1320,11:28:55,24.01,--,16,38416,买盘
1321,11:28:52,24.01,--,44,105644,买盘
1322,11:28:43,24.01,--,2,4802,买盘
1323,11:28:40,24.01,--,26,62426,卖盘
1324,11:28:34,24.01,0.01,2,4802,中性盘
1325,11:28:25,24.0,-0.01,12,28800,卖盘
1326,11:28:22,24.01,--,41,98441,买盘
1327,11:28:10,24.01,-0.01,37,88837,卖盘
1328,11:28:04,24.02,0.01,1,2402,买盘
1329,11:27:58,24.01,--,15,36015,买盘
1330,11:27:55,24.01,--,60,144060,买盘
1331,11:27:52,24.01,--,2,4802,买盘
1332,11:27:37,24.01,--,11,26411,卖盘
1333,11:27:34,24.01,--,1,2401,卖盘
1334,11:27:31,24.01,0.01,34,81634,买盘
1335,11:27:28,24.0,--,38,91200,卖盘
1336,11:27:25,24.0,--,20,48000,卖盘
1337,11:27:22,24.0,-0.01,5,12000,卖盘
1338,11:27:13,24.01,--,10,24010,买盘
1339,11:27:10,24.01,--,28,67228,卖盘
1340,11:26:58,24.01,--,16,38416,卖盘
1341,11:26:55,24.01,0.01,8,19208,买盘
1342,11:26:52,24.0,-0.01,155,372000,卖盘
1343,11:26:49,24.01,--,45,108045,买盘
1344,11:26:40,24.01,0.01,140,336140,买盘
1345,11:26:31,24.0,--,3,7200,买盘
1346,11:26:25,24.0,--,80,192000,卖盘
1347,11:26:16,24.0,--,53,127200,卖盘
1348,11:26:10,24.0,--,88,211200,卖盘
1349,11:26:07,24.0,--,22,52800,卖盘
1350,11:26:01,24.0,0.01,54,130800,买盘
1351,11:25:58,23.99,-0.01,106,254293,卖盘
1352,11:25:52,24.0,--,36,86400,买盘
1353,11:25:43,24.0,--,10,24000,买盘
1354,11:25:40,24.0,--,193,464400,卖盘
1355,11:25:34,24.0,-0.01,4,9600,卖盘
1356,11:25:22,24.01,0.01,12,28812,买盘
1357,11:25:13,24.0,--,5,12000,卖盘
1358,11:25:10,24.0,--,5,12000,卖盘
1359,11:25:04,24.0,-0.02,20,48000,卖盘
1360,11:24:49,24.02,0.02,12,28824,买盘
1361,11:24:37,24.0,-0.02,198,475200,卖盘
1362,11:24:31,24.02,--,5,12010,卖盘
1363,11:24:28,24.02,-0.01,2,4804,中性盘
1364,11:24:22,24.03,0.03,102,245106,买盘
1365,11:24:16,24.0,-0.03,601,1442400,卖盘
1366,11:24:13,24.03,0.01,29,69687,买盘
1367,11:24:10,24.02,--,65,156130,卖盘
1368,11:24:01,24.02,--,2,4804,卖盘
1369,11:23:40,24.02,0.01,85,204170,中性盘
1370,11:23:34,24.01,-0.02,93,223293,卖盘
1371,11:23:24,24.03,--,26,62478,买盘
1372,11:23:21,24.03,-0.01,57,136971,卖盘
1373,11:23:18,24.04,0.01,4,9616,买盘
1374,11:23:12,24.03,--,27,64881,卖盘
1375,11:23:06,24.03,--,56,134568,卖盘
1376,11:23:03,24.03,--,1,2403,卖盘
1377,11:22:51,24.03,--,20,48060,卖盘
1378,11:22:39,24.03,0.01,97,233091,买盘
1379,11:22:36,24.02,-0.01,52,124904,卖盘
1380,11:22:18,24.03,--,10,24030,买盘
1381,11:22:15,24.03,--,27,64881,买盘
1382,11:22:12,24.03,--,25,60075,买盘
1383,11:22:09,24.03,-0.01,11,26433,中性盘
1384,11:21:54,24.04,0.01,12,28848,买盘
1385,11:21:45,24.03,0.01,10,24054,买盘
1386,11:21:39,24.02,-0.01,125,300250,卖盘
1387,11:21:33,24.03,--,2,4806,买盘
1388,11:21:27,24.03,--,33,79299,买盘
1389,11:21:21,24.03,--,12,28836,买盘
1390,11:21:15,24.03,--,12,28836,买盘
1391,11:21:12,24.03,--,15,36045,买盘
1392,11:21:09,24.03,--,4,9612,卖盘
1393,11:21:06,24.03,--,10,24030,卖盘
1394,11:21:00,24.03,--,18,43254,卖盘
1395,11:20:51,24.03,-0.01,5,12015,卖盘
1396,11:20:48,24.04,0.01,29,69716,买盘
1397,11:20:39,24.03,-0.02,4,9612,卖盘
1398,11:20:30,24.05,0.01,20,48100,买盘
1399,11:20:27,24.04,-0.02,3,7212,卖盘
1400,11:19:51,24.06,0.03,200,481200,买盘
1401,11:19:36,24.03,--,20,48060,卖盘
1402,11:19:27,24.03,-0.02,1,2403,中性盘
1403,11:19:24,24.05,0.03,10,24050,买盘
1404,11:19:18,24.02,-0.03,10,24020,中性盘
1405,11:19:00,24.05,0.04,2,4810,买盘
1406,11:18:57,24.01,-0.02,194,466850,卖盘
1407,11:18:51,24.03,--,40,96120,买盘
1408,11:18:36,24.03,-0.03,265,637083,卖盘
1409,11:18:30,24.06,--,10,24060,买盘
1410,11:18:27,24.06,0.01,4,9624,买盘
1411,11:18:24,24.05,-0.01,20,48100,卖盘
1412,11:18:21,24.06,--,4,9624,买盘
1413,11:18:15,24.06,0.01,2,4812,买盘
1414,11:18:12,24.05,--,1,2405,卖盘
1415,11:18:06,24.05,--,7,16835,买盘
1416,11:18:00,24.05,--,13,31265,卖盘
1417,11:17:51,24.05,--,1,2405,买盘
1418,11:17:39,24.05,-0.01,49,117845,卖盘
1419,11:17:27,24.06,0.02,4,9624,买盘
1420,11:17:15,24.04,-0.01,40,96160,卖盘
1421,11:17:06,24.05,-0.01,15,36075,买盘
1422,11:16:54,24.06,0.02,18,43308,买盘
1423,11:16:42,24.04,-0.01,100,240400,卖盘
1424,11:16:39,24.05,--,2,4810,卖盘
1425,11:16:36,24.05,--,51,122655,卖盘
1426,11:16:30,24.05,-0.01,100,240500,卖盘
1427,11:16:21,24.06,0.01,3,7218,买盘
1428,11:16:06,24.05,-0.01,11,26455,卖盘
1429,11:15:57,24.06,0.01,5,12030,买盘
1430,11:15:45,24.05,-0.01,2,4810,卖盘
1431,11:15:39,24.06,0.01,13,31278,买盘
1432,11:15:36,24.05,-0.01,4,9620,中性盘
1433,11:15:24,24.06,0.02,2,4812,买盘
1434,11:15:21,24.04,-0.02,30,72120,卖盘
1435,11:15:12,24.06,--,13,31278,买盘
1436,11:15:03,24.06,--,10,24060,卖盘
1437,11:15:00,24.06,--,3,7218,中性盘
1438,11:14:51,24.06,--,14,33684,卖盘
1439,11:14:48,24.06,0.02,29,69774,买盘
1440,11:14:45,24.04,-0.02,102,247323,卖盘
1441,11:14:39,24.06,--,14,33684,卖盘
1442,11:14:36,24.06,--,4,9624,卖盘
1443,11:14:30,24.06,--,3,7218,卖盘
1444,11:14:27,24.06,--,8,19248,卖盘
1445,11:14:24,24.06,--,83,199698,买盘
1446,11:14:21,24.06,0.01,13,31278,买盘
1447,11:14:15,24.05,-0.01,13,31265,卖盘
1448,11:14:03,24.06,--,15,36090,买盘
1449,11:14:00,24.06,--,6,14436,买盘
1450,11:13:48,24.06,0.01,1,2406,卖盘
1451,11:13:36,24.05,-0.01,37,88985,卖盘
1452,11:13:33,24.06,--,2,4812,卖盘
1453,11:13:30,24.06,--,170,409020,买盘
1454,11:13:21,24.06,0.01,8,19248,买盘
1455,11:13:12,24.05,--,50,120250,卖盘
1456,11:12:57,24.05,--,16,38480,买盘
1457,11:12:51,24.05,0.01,1,2405,买盘
1458,11:12:48,24.04,-0.01,38,91352,中性盘
1459,11:12:30,24.05,0.01,103,247715,买盘
1460,11:12:21,24.04,--,5,12020,买盘
1461,11:12:12,24.04,--,13,31252,买盘
1462,11:12:09,24.04,--,13,31252,买盘
1463,11:12:00,24.04,--,5,12020,买盘
1464,11:11:48,24.04,0.02,13,31252,买盘
1465,11:11:45,24.02,-0.02,5,12010,卖盘
1466,11:11:42,24.04,--,32,76928,买盘
1467,11:11:33,24.04,--,4,9616,买盘
1468,11:11:27,24.04,--,2,4808,买盘
1469,11:11:24,24.04,0.03,6,14424,买盘
1470,11:11:21,24.01,-0.02,10,24010,卖盘
1471,11:11:12,24.03,-0.01,1,2403,中性盘
1472,11:11:06,24.04,0.01,8,19232,买盘
1473,11:11:03,24.03,-0.01,2,4806,买盘
1474,11:11:00,24.04,-0.01,14,35531,卖盘
1475,11:10:57,24.05,0.01,21,51034,买盘
1476,11:10:54,24.04,--,15,36060,买盘
1477,11:10:48,24.04,0.03,119,286076,买盘
1478,11:10:42,24.01,-0.02,229,549829,卖盘
1479,11:10:39,24.03,0.02,103,247509,买盘
1480,11:10:36,24.01,0.01,12,28812,买盘
1481,11:10:33,24.0,-0.01,27,64800,卖盘
1482,11:10:30,24.01,-0.01,39,93639,买盘
1483,11:10:27,24.02,0.02,25,60050,买盘
1484,11:10:21,24.0,-0.02,44,105600,卖盘
1485,11:10:18,24.02,0.01,25,60050,买盘
1486,11:10:15,24.01,--,1,2401,中性盘
1487,11:10:09,24.01,0.01,27,64827,中性盘
1488,11:10:03,24.0,--,33,79200,卖盘
1489,11:10:00,24.0,--,63,151200,卖盘
1490,11:09:57,24.0,-0.01,33,79200,卖盘
1491,11:09:54,24.01,0.01,16,38416,买盘
1492,11:09:48,24.0,-0.01,1,2400,卖盘
1493,11:09:45,24.01,--,12,28812,买盘
1494,11:09:42,24.01,--,23,55223,买盘
1495,11:09:30,24.01,--,25,60025,买盘
1496,11:09:27,24.01,--,12,28812,卖盘
1497,11:09:24,24.01,--,5,12005,卖盘
1498,11:09:15,24.01,--,67,160867,买盘
1499,11:09:12,24.01,--,5,12005,买盘
1500,11:09:06,24.01,0.01,13,31213,买盘
1501,11:08:57,24.0,--,20,48000,卖盘
1502,11:08:48,24.0,--,2,4800,卖盘
1503,11:08:42,24.0,--,11,26400,卖盘
1504,11:08:39,24.0,0.01,40,96144,买盘
1505,11:08:36,23.99,--,27,64772,卖盘
1506,11:08:27,23.99,-0.01,60,143940,卖盘
1507,11:08:21,24.0,--,7,16800,买盘
1508,11:08:12,24.0,--,4,9600,买盘
1509,11:08:09,24.0,-0.03,548,1317456,卖盘
1510,11:08:06,24.03,0.01,41,98523,买盘
1511,11:08:00,24.02,-0.02,1,2402,卖盘
1512,11:07:54,24.04,0.03,4,9616,买盘
1513,11:07:48,24.01,-0.02,124,297724,卖盘
1514,11:07:42,24.03,0.02,1,2403,买盘
1515,11:07:39,24.01,-0.02,5,12005,卖盘
1516,11:07:36,24.03,0.01,2,4806,买盘
1517,11:07:30,24.02,-0.02,12,28824,卖盘
1518,11:07:27,24.04,0.03,4,9616,买盘
1519,11:07:24,24.01,--,124,297724,卖盘
1520,11:07:00,24.01,-0.03,3,7203,卖盘
1521,11:06:57,24.04,-0.01,54,129816,卖盘
1522,11:06:54,24.05,--,4,9620,买盘
1523,11:06:45,24.05,0.04,323,776815,买盘
1524,11:06:42,24.01,-0.03,10,24010,卖盘
1525,11:06:36,24.04,--,65,156260,买盘
1526,11:06:33,24.04,--,40,96160,买盘
1527,11:06:27,24.04,-0.01,2,4808,中性盘
1528,11:06:24,24.05,--,2,4810,买盘
1529,11:06:18,24.05,0.05,12,28860,买盘
1530,11:06:12,24.0,-0.05,22,52800,卖盘
1531,11:05:57,24.05,--,3,7215,卖盘
1532,11:05:54,24.05,--,3,7215,卖盘
1533,11:05:48,24.05,0.05,209,502645,买盘
1534,11:05:33,24.0,--,26,62400,卖盘
1535,11:05:30,24.0,--,58,139200,卖盘
1536,11:05:21,24.0,--,12,28800,卖盘
1537,11:05:18,24.0,--,10,24000,卖盘
1538,11:05:15,24.0,--,236,566544,卖盘
1539,11:05:09,24.0,0.01,45,108000,买盘
1540,11:05:03,23.99,--,1,2399,买盘
1541,11:04:57,23.99,--,113,271087,卖盘
1542,11:04:51,23.99,--,171,410229,卖盘
1543,11:04:48,23.99,-0.01,11,26389,卖盘
1544,11:04:42,24.0,--,2,4800,买盘
1545,11:04:27,24.0,0.02,215,516000,买盘
1546,11:04:24,23.98,--,72,172656,卖盘
1547,11:04:21,23.98,--,1,2398,卖盘
1548,11:04:15,23.98,0.01,23,55154,买盘
1549,11:04:09,23.97,-0.01,2,4794,卖盘
1550,11:04:06,23.98,0.01,93,223014,中性盘
1551,11:03:57,23.97,-0.01,20,47940,卖盘
1552,11:03:54,23.98,-0.01,44,105512,买盘
1553,11:03:51,23.99,0.01,30,71970,买盘
1554,11:03:48,23.98,--,8,19184,卖盘
1555,11:03:45,23.98,0.01,36,86328,中性盘
1556,11:03:42,23.97,-0.01,120,287640,卖盘
1557,11:03:39,23.98,-0.01,2,4796,卖盘
1558,11:03:36,23.99,--,317,760483,买盘
1559,11:03:27,23.99,--,215,515784,买盘
1560,11:03:24,23.99,-0.01,115,275885,卖盘
1561,11:03:18,24.0,--,95,228000,买盘
1562,11:03:12,24.0,--,6,14400,买盘
1563,11:03:09,24.0,0.01,11,26400,买盘
1564,11:03:06,23.99,-0.01,25,59974,卖盘
1565,11:02:53,24.0,--,184,441600,卖盘
1566,11:02:47,24.0,--,6,14400,卖盘
1567,11:02:44,24.0,-0.01,126,302400,卖盘
1568,11:02:41,24.01,0.01,80,192080,买盘
1569,11:02:38,24.0,-0.01,1100,2640000,卖盘
1570,11:02:35,24.01,--,6,14406,买盘
1571,11:02:29,24.01,--,4,9604,买盘
1572,11:02:26,24.01,--,23,55223,卖盘
1573,11:02:23,24.01,-0.01,72,172872,卖盘
1574,11:02:08,24.02,--,42,100884,卖盘
1575,11:02:05,24.02,--,27,64854,卖盘
1576,11:02:02,24.02,--,5,12010,卖盘
1577,11:01:59,24.02,--,30,72060,卖盘
1578,11:01:53,24.02,--,78,187356,卖盘
1579,11:01:50,24.02,-0.01,100,240200,卖盘
1580,11:01:47,24.03,0.01,90,216270,买盘
1581,11:01:41,24.02,--,2,4804,卖盘
1582,11:01:32,24.02,-0.01,4,9608,卖盘
1583,11:01:23,24.03,0.01,2,4806,买盘
1584,11:01:20,24.02,-0.01,80,192160,卖盘
1585,11:01:11,24.03,-0.01,2,4806,卖盘
1586,11:01:05,24.04,0.01,44,105776,买盘
1587,11:01:02,24.03,--,1,2403,卖盘
1588,11:00:56,24.03,--,4,9612,卖盘
1589,11:00:53,24.03,-0.01,113,271539,卖盘
1590,11:00:50,24.04,--,32,76928,买盘
1591,11:00:44,24.04,0.01,69,165876,买盘
1592,11:00:41,24.03,--,19,45657,卖盘
1593,11:00:32,24.03,-0.01,1,2403,卖盘
1594,11:00:26,24.04,--,10,24040,买盘
1595,11:00:20,24.04,-0.01,22,52888,卖盘
1596,11:00:11,24.05,0.01,24,57720,买盘
1597,10:59:59,24.04,--,100,240400,卖盘
1598,10:59:53,24.04,--,72,173088,卖盘
1599,10:59:50,24.04,-0.01,13,31252,卖盘
1600,10:59:47,24.05,--,20,48100,买盘
1601,10:59:41,24.05,-0.01,6,14430,中性盘
1602,10:59:23,24.06,0.01,5,12030,买盘
1603,10:59:20,24.05,--,108,259740,卖盘
1604,10:59:17,24.05,-0.01,20,48100,卖盘
1605,10:59:11,24.06,0.01,5,12030,买盘
1606,10:59:05,24.05,-0.01,1,2405,卖盘
1607,10:58:53,24.06,-0.01,12,30075,卖盘
1608,10:58:50,24.07,0.01,15,36105,买盘
1609,10:58:47,24.06,--,30,72180,卖盘
1610,10:58:44,24.06,--,3,8421,卖盘
1611,10:58:41,24.06,-0.01,5,12030,卖盘
1612,10:58:38,24.07,0.02,5,12035,买盘
1613,10:58:23,24.05,--,106,254930,卖盘
1614,10:58:11,24.05,-0.01,8,19240,卖盘
1615,10:57:53,24.06,--,70,168420,卖盘
1616,10:57:50,24.06,-0.01,17,40902,卖盘
1617,10:57:44,24.07,--,3,7221,买盘
1618,10:57:35,24.07,0.01,2,4814,买盘
1619,10:57:32,24.06,-0.01,25,60150,卖盘
1620,10:57:29,24.07,0.01,5,12035,买盘
1621,10:57:23,24.06,--,70,168420,卖盘
1622,10:57:17,24.06,-0.01,1,2406,卖盘
1623,10:57:11,24.07,--,5,12035,买盘
1624,10:56:53,24.07,--,104,250328,买盘
1625,10:56:47,24.07,0.01,10,24070,买盘
1626,10:56:41,24.06,-0.01,6,14436,卖盘
1627,10:56:35,24.07,0.01,2,4814,买盘
1628,10:56:26,24.06,-0.01,1,2406,卖盘
1629,10:56:23,24.07,0.01,4,9628,买盘
1630,10:56:17,24.06,-0.01,20,48120,卖盘
1631,10:56:14,24.07,--,2,4814,买盘
1632,10:56:11,24.07,0.01,37,89059,买盘
1633,10:56:05,24.06,-0.01,20,48120,卖盘
1634,10:55:53,24.07,--,42,101094,买盘
1635,10:55:50,24.07,--,2,4814,卖盘
1636,10:55:41,24.07,-0.01,42,101094,卖盘
1637,10:55:26,24.08,--,10,24080,买盘
1638,10:55:23,24.08,--,6,14447,买盘
1639,10:55:20,24.08,--,2,4816,买盘
1640,10:55:17,24.08,0.02,5,12040,买盘
1641,10:55:14,24.06,-0.01,35,84210,卖盘
1642,10:55:11,24.07,--,13,31291,买盘
1643,10:55:08,24.07,--,50,120350,买盘
1644,10:55:05,24.07,--,8,19256,买盘
1645,10:55:02,24.07,--,45,108315,卖盘
1646,10:54:59,24.07,-0.01,3,7221,卖盘
1647,10:54:56,24.08,0.01,2,4816,买盘
1648,10:54:50,24.07,--,56,134792,买盘
1649,10:54:44,24.07,0.01,2,4814,买盘
1650,10:54:41,24.06,-0.01,45,108270,卖盘
1651,10:54:38,24.07,0.01,22,52954,买盘
1652,10:54:35,24.06,--,1,2406,买盘
1653,10:54:29,24.06,--,92,221352,卖盘
1654,10:54:23,24.06,-0.01,36,86616,卖盘
1655,10:54:14,24.07,--,1,2407,卖盘
1656,10:54:08,24.07,--,4,9628,卖盘
1657,10:54:05,24.07,--,59,142013,卖盘
1658,10:53:59,24.07,--,104,250328,卖盘
1659,10:53:50,24.07,--,49,117943,卖盘
1660,10:53:44,24.07,-0.01,3,7221,卖盘
1661,10:53:41,24.08,0.01,15,36120,买盘
1662,10:53:29,24.07,--,73,175711,卖盘
1663,10:53:23,24.07,--,119,286433,卖盘
1664,10:53:08,24.07,--,37,89059,卖盘
1665,10:53:05,24.07,-0.01,10,24070,卖盘
1666,10:53:02,24.08,--,25,60199,买盘
1667,10:52:59,24.08,--,3,7223,买盘
1668,10:52:44,24.08,--,226,546086,卖盘
1669,10:52:32,24.08,-0.01,77,185416,卖盘
1670,10:52:29,24.09,--,42,101178,买盘
1671,10:52:26,24.09,--,14,33726,买盘
1672,10:52:20,24.09,0.01,10,24090,买盘
1673,10:52:17,24.08,--,8,19264,卖盘
1674,10:52:14,24.08,-0.01,2,4816,卖盘
1675,10:52:08,24.09,--,116,279444,买盘
1676,10:52:05,24.09,0.01,2,4818,买盘
1677,10:51:59,24.08,-0.01,72,173376,卖盘
1678,10:51:41,24.09,0.01,10,24090,买盘
1679,10:51:38,24.08,--,5,12040,卖盘
1680,10:51:29,24.08,--,112,269696,卖盘
1681,10:51:26,24.08,--,47,113175,卖盘
1682,10:51:23,24.08,0.02,130,313569,买盘
1683,10:51:20,24.06,-0.02,4,9624,卖盘
1684,10:51:11,24.08,0.02,400,963199,买盘
1685,10:51:08,24.06,-0.01,60,144360,卖盘
1686,10:51:02,24.07,0.01,10,24070,买盘
1687,10:50:59,24.06,-0.01,73,175638,卖盘
1688,10:50:56,24.07,0.01,16,38512,买盘
1689,10:50:53,24.06,--,5,12030,卖盘
1690,10:50:47,24.06,--,4,9624,卖盘
1691,10:50:44,24.06,-0.01,5,12030,卖盘
1692,10:50:41,24.07,0.01,200,481400,买盘
1693,10:50:38,24.06,-0.01,51,122706,卖盘
1694,10:50:35,24.07,0.01,4,9628,买盘
1695,10:50:29,24.06,-0.01,69,166014,中性盘
1696,10:50:20,24.07,--,16,38512,买盘
1697,10:50:17,24.07,0.02,29,69803,买盘
1698,10:50:14,24.05,-0.02,20,48100,卖盘
1699,10:50:11,24.07,0.02,14,33698,买盘
1700,10:50:08,24.05,-0.01,50,120250,卖盘
1701,10:50:05,24.06,0.01,133,319998,买盘
1702,10:49:59,24.05,-0.01,58,139490,卖盘
1703,10:49:53,24.06,0.01,23,55338,买盘
1704,10:49:50,24.05,--,2,4810,卖盘
1705,10:49:47,24.05,--,19,45695,买盘
1706,10:49:41,24.05,--,10,24050,卖盘
1707,10:49:38,24.05,--,4,9620,卖盘
1708,10:49:35,24.05,0.01,89,214045,买盘
1709,10:49:29,24.04,--,73,175492,卖盘
1710,10:49:23,24.04,-0.01,5,12020,卖盘
1711,10:49:11,24.05,-0.01,123,295815,卖盘
1712,10:49:05,24.06,--,23,55338,买盘
1713,10:48:59,24.06,--,51,122706,卖盘
1714,10:48:56,24.06,--,5,12030,卖盘
1715,10:48:53,24.06,--,30,72180,卖盘
1716,10:48:47,24.06,-0.01,13,31278,中性盘
1717,10:48:44,24.07,0.01,23,55361,买盘
1718,10:48:35,24.06,--,6,14436,买盘
1719,10:48:32,24.06,0.01,32,76992,买盘
1720,10:48:29,24.05,--,114,274170,卖盘
1721,10:48:26,24.05,-0.01,3,7215,卖盘
1722,10:48:20,24.06,--,364,876770,卖盘
1723,10:48:17,24.06,--,58,139548,卖盘
1724,10:48:11,24.06,-0.01,7,16842,卖盘
1725,10:48:05,24.07,--,32,77024,买盘
1726,10:48:02,24.07,0.01,648,1561156,买盘
1727,10:47:56,24.06,-0.01,8,19248,卖盘
1728,10:47:53,24.07,0.01,20,48140,买盘
1729,10:47:50,24.06,--,64,153984,卖盘
1730,10:47:47,24.06,-0.01,3,7218,卖盘
1731,10:47:44,24.07,--,3,7221,买盘
1732,10:47:38,24.07,--,85,205798,卖盘
1733,10:47:32,24.07,--,102,246717,买盘
1734,10:47:26,24.07,0.01,222,534354,买盘
1735,10:47:14,24.06,-0.01,7,16842,卖盘
1736,10:47:11,24.07,-0.01,92,222647,卖盘
1737,10:47:08,24.08,0.01,49,119195,买盘
1738,10:46:59,24.07,--,88,211816,卖盘
1739,10:46:53,24.07,--,7,16849,卖盘
1740,10:46:50,24.07,-0.01,3,7221,卖盘
1741,10:46:47,24.08,0.01,178,428623,买盘
1742,10:46:41,24.07,-0.01,5,12035,卖盘
1743,10:46:38,24.08,--,2,4816,卖盘
1744,10:46:35,24.08,--,11,26487,卖盘
1745,10:46:32,24.08,--,128,308224,卖盘
1746,10:46:29,24.08,-0.01,117,281736,卖盘
1747,10:46:26,24.09,0.01,18,43362,买盘
1748,10:46:23,24.08,--,22,52975,卖盘
1749,10:46:20,24.08,--,54,130031,卖盘
1750,10:46:17,24.08,-0.01,4,9632,卖盘
1751,10:46:11,24.09,0.01,2,4818,买盘
1752,10:46:08,24.08,-0.01,19,45752,卖盘
1753,10:46:02,24.09,--,80,192720,卖盘
1754,10:45:59,24.09,--,19,45771,卖盘
1755,10:45:56,24.09,--,22,52998,卖盘
1756,10:45:50,24.09,--,74,178266,卖盘
1757,10:45:47,24.09,--,13,31317,卖盘
1758,10:45:44,24.09,--,2,4818,卖盘
1759,10:45:41,24.09,--,2,4818,卖盘
1760,10:45:38,24.09,--,5,12045,卖盘
1761,10:45:35,24.09,--,8,19272,卖盘
1762,10:45:32,24.09,-0.01,7,16863,卖盘
1763,10:45:29,24.1,--,2,4820,买盘
1764,10:45:26,24.1,--,4,9640,买盘
1765,10:45:23,24.1,0.01,3,7230,买盘
1766,10:45:20,24.09,--,2,4818,卖盘
1767,10:45:17,24.09,--,40,96360,卖盘
1768,10:45:10,24.09,-0.01,1,2409,卖盘
1769,10:45:04,24.1,--,530,1277300,卖盘
1770,10:45:01,24.1,--,70,168700,买盘
1771,10:44:58,24.1,--,10,24100,买盘
1772,10:44:55,24.1,--,53,127730,卖盘
1773,10:44:52,24.1,--,447,1077270,买盘
1774,10:44:49,24.1,--,105,253050,卖盘
1775,10:44:43,24.1,--,4,9640,卖盘
1776,10:44:40,24.1,--,121,291610,卖盘
1777,10:44:37,24.1,--,287,691670,买盘
1778,10:44:28,24.1,--,3,7230,卖盘
1779,10:44:25,24.1,--,23,55430,卖盘
1780,10:44:19,24.1,--,22,53020,卖盘
1781,10:44:16,24.1,--,13,31330,卖盘
1782,10:44:13,24.1,--,112,269920,卖盘
1783,10:44:10,24.1,--,163,392830,卖盘
1784,10:44:07,24.1,--,42,101220,卖盘
1785,10:44:04,24.1,--,147,354270,卖盘
1786,10:44:01,24.1,--,151,363910,卖盘
1787,10:43:58,24.1,--,577,1390570,卖盘
1788,10:43:55,24.1,-0.01,5,12050,卖盘
1789,10:43:52,24.11,0.01,65,156715,买盘
1790,10:43:43,24.1,--,13,31330,卖盘
1791,10:43:34,24.1,--,4,9640,卖盘
1792,10:43:31,24.1,--,47,113270,卖盘
1793,10:43:28,24.1,-0.01,26,62660,卖盘
1794,10:43:25,24.11,--,12,28932,买盘
1795,10:43:22,24.11,0.01,5,12055,买盘
1796,10:43:19,24.1,--,20,48200,卖盘
1797,10:43:16,24.1,--,10,24100,卖盘
1798,10:43:13,24.1,-0.01,57,137370,卖盘
1799,10:43:10,24.11,0.01,12,28932,买盘
1800,10:43:04,24.1,--,1,2410,卖盘
1801,10:43:01,24.1,-0.01,3,7230,卖盘
1802,10:42:58,24.11,0.01,71,171181,买盘
1803,10:42:52,24.1,--,200,482000,卖盘
1804,10:42:49,24.1,--,95,228950,卖盘
1805,10:42:43,24.1,--,57,137370,卖盘
1806,10:42:40,24.1,-0.01,23,55430,卖盘
1807,10:42:37,24.11,0.01,5,12055,买盘
1808,10:42:28,24.1,-0.01,30,72300,卖盘
1809,10:42:22,24.11,--,105,253155,买盘
1810,10:42:19,24.11,--,4,9644,买盘
1811,10:42:13,24.11,0.01,123,296553,买盘
1812,10:42:10,24.1,-0.01,105,253050,卖盘
1813,10:42:07,24.11,--,13,31343,买盘
1814,10:42:01,24.11,0.01,25,60275,买盘
1815,10:41:58,24.1,-0.01,1028,2477480,卖盘
1816,10:41:55,24.11,--,23,55453,买盘
1817,10:41:49,24.11,0.01,10,24110,买盘
1818,10:41:46,24.1,--,5,12050,卖盘
1819,10:41:43,24.1,--,59,142190,卖盘
1820,10:41:40,24.1,--,100,241433,买盘
1821,10:41:37,24.1,--,151,365886,卖盘
1822,10:41:31,24.1,-0.01,149,359090,卖盘
1823,10:41:25,24.11,0.01,35,84385,买盘
1824,10:41:19,24.1,-0.01,998,2405613,卖盘
1825,10:41:13,24.11,0.01,8,19288,买盘
1826,10:41:10,24.1,-0.02,60,144600,卖盘
1827,10:41:07,24.12,0.01,62,149544,买盘
1828,10:41:04,24.11,--,15,36165,买盘
1829,10:40:58,24.11,0.01,12,28932,买盘
1830,10:40:55,24.1,--,10,24100,卖盘
1831,10:40:52,24.1,-0.02,1,2410,卖盘
1832,10:40:49,24.12,0.01,243,586116,买盘
1833,10:40:46,24.11,0.01,14,33754,买盘
1834,10:40:43,24.1,--,1,2410,卖盘
1835,10:40:40,24.1,-0.01,14,33740,卖盘
1836,10:40:37,24.11,--,25,60275,卖盘
1837,10:40:31,24.11,--,11,26521,卖盘
1838,10:40:28,24.11,--,61,147071,卖盘
1839,10:40:25,24.11,-0.01,72,173592,中性盘
1840,10:40:22,24.12,0.01,10,24120,买盘
1841,10:40:19,24.11,--,88,212168,卖盘
1842,10:40:13,24.11,--,40,96440,卖盘
1843,10:40:10,24.11,--,95,229045,卖盘
1844,10:40:01,24.11,--,17,40987,卖盘
1845,10:39:58,24.11,0.01,145,351596,买盘
1846,10:39:52,24.1,-0.01,10,24100,卖盘
1847,10:39:46,24.11,0.01,105,253155,买盘
1848,10:39:43,24.1,-0.01,56,134960,卖盘
1849,10:39:37,24.11,0.01,10,24110,买盘
1850,10:39:34,24.1,--,38,91580,卖盘
1851,10:39:28,24.1,-0.01,24,57840,卖盘
1852,10:39:22,24.11,--,310,747410,买盘
1853,10:39:13,24.11,--,80,193289,卖盘
1854,10:39:10,24.11,--,5,12055,卖盘
1855,10:39:04,24.11,--,6,14466,卖盘
1856,10:39:01,24.11,--,100,241100,卖盘
1857,10:38:58,24.11,-0.01,35,84385,卖盘
1858,10:38:49,24.12,-0.01,48,115776,卖盘
1859,10:38:46,24.13,0.01,10,24130,买盘
1860,10:38:43,24.12,--,78,188136,卖盘
1861,10:38:40,24.12,--,10,24120,卖盘
1862,10:38:34,24.12,--,10,24120,卖盘
1863,10:38:31,24.12,0.01,65,156780,买盘
1864,10:38:28,24.11,--,25,60275,卖盘
1865,10:38:25,24.11,--,1,2411,卖盘
1866,10:38:22,24.11,--,8,19288,卖盘
1867,10:38:19,24.11,--,26,64180,卖盘
1868,10:38:16,24.11,--,2,4822,卖盘
1869,10:38:13,24.11,--,57,137427,卖盘
1870,10:38:10,24.11,--,18,43398,卖盘
1871,10:38:04,24.11,0.01,74,178920,买盘
1872,10:37:58,24.1,--,67,161470,卖盘
1873,10:37:55,24.1,--,230,554300,卖盘
1874,10:37:52,24.1,--,35,84350,卖盘
1875,10:37:46,24.1,--,11,26510,卖盘
1876,10:37:43,24.1,--,64,154240,卖盘
1877,10:37:37,24.1,--,6,14460,卖盘
1878,10:37:34,24.1,--,10,24100,卖盘
1879,10:37:31,24.1,0.01,1,2410,中性盘
1880,10:37:28,24.09,0.01,50,120450,中性盘
1881,10:37:22,24.08,-0.01,890,2143120,卖盘
1882,10:37:13,24.09,--,86,207174,买盘
1883,10:37:07,24.09,--,60,144540,买盘
1884,10:37:04,24.09,--,10,24090,买盘
1885,10:37:01,24.09,-0.01,355,855195,卖盘
1886,10:36:58,24.1,--,150,361500,买盘
1887,10:36:52,24.1,-0.01,301,727338,卖盘
1888,10:36:46,24.11,0.01,140,337540,买盘
1889,10:36:43,24.1,--,570,1375049,卖盘
1890,10:36:40,24.1,-0.01,71,171110,卖盘
1891,10:36:34,24.11,--,4,9644,买盘
1892,10:36:28,24.11,-0.01,39,96415,卖盘
1893,10:36:25,24.12,-0.01,2,4824,中性盘
1894,10:36:22,24.13,0.02,22,53086,买盘
1895,10:36:10,24.11,-0.03,11,26521,卖盘
1896,10:36:01,24.14,--,1,2414,买盘
1897,10:35:55,24.14,0.02,15,36210,买盘
1898,10:35:52,24.12,-0.01,44,106128,卖盘
1899,10:35:49,24.13,--,5,12065,卖盘
1900,10:35:37,24.13,0.02,8,19304,买盘
1901,10:35:34,24.11,-0.01,92,221812,卖盘
1902,10:35:28,24.12,--,12,28944,卖盘
1903,10:35:25,24.12,--,10,24120,卖盘
1904,10:35:22,24.12,--,59,142308,卖盘
1905,10:35:19,24.12,0.01,223,537876,买盘
1906,10:35:16,24.11,--,80,192880,卖盘
1907,10:35:13,24.11,--,2,4822,卖盘
1908,10:35:07,24.11,--,5,12055,卖盘
1909,10:35:04,24.11,0.01,0,24,中性盘
1910,10:35:01,24.1,-0.01,10,24100,卖盘
1911,10:34:58,24.11,--,26,62686,卖盘
1912,10:34:52,24.11,0.01,391,942701,买盘
1913,10:34:49,24.1,--,80,192800,卖盘
1914,10:34:46,24.1,--,150,361500,卖盘
1915,10:34:43,24.1,--,1,2410,卖盘
1916,10:34:40,24.1,--,6,14460,卖盘
1917,10:34:37,24.1,-0.01,34,83169,卖盘
1918,10:34:31,24.11,--,170,409870,买盘
1919,10:34:28,24.11,0.01,196,472556,买盘
1920,10:34:25,24.1,--,97,233770,卖盘
1921,10:34:22,24.1,--,5,12050,卖盘
1922,10:34:19,24.1,-0.01,38,91580,卖盘
1923,10:34:13,24.11,-0.01,9,21699,卖盘
1924,10:34:10,24.12,0.01,17,41004,买盘
1925,10:34:07,24.11,--,21,50631,卖盘
1926,10:34:01,24.11,-0.01,35,84385,卖盘
1927,10:33:58,24.12,0.01,5,12060,卖盘
1928,10:33:55,24.11,--,42,101262,卖盘
1929,10:33:49,24.11,-0.05,52,125372,卖盘
1930,10:33:43,24.16,0.03,300,724800,买盘
1931,10:33:40,24.13,--,301,726313,买盘
1932,10:33:34,24.13,0.02,82,197866,买盘
1933,10:33:28,24.11,-0.01,16,38576,卖盘
1934,10:33:25,24.12,-0.01,2,4824,中性盘
1935,10:33:22,24.13,0.01,356,859028,买盘
1936,10:33:19,24.12,--,10,24120,卖盘
1937,10:33:13,24.12,--,201,484812,卖盘
1938,10:33:07,24.12,-0.01,26,62712,卖盘
1939,10:33:04,24.13,0.01,13,31369,买盘
1940,10:33:01,24.12,--,136,328032,卖盘
1941,10:32:55,24.12,--,100,241200,卖盘
1942,10:32:52,24.12,-0.01,10,24120,卖盘
1943,10:32:49,24.13,0.01,14,33782,买盘
1944,10:32:43,24.12,-0.01,5,12060,卖盘
1945,10:32:40,24.13,0.01,2,4826,买盘
1946,10:32:34,24.12,--,21,50652,卖盘
1947,10:32:31,24.12,-0.01,26,62712,卖盘
1948,10:32:28,24.13,0.01,3,7239,买盘
1949,10:32:22,24.12,--,21,50652,卖盘
1950,10:32:16,24.12,--,20,48240,买盘
1951,10:32:13,24.12,--,10,24120,买盘
1952,10:32:10,24.12,--,2,4824,买盘
1953,10:32:04,24.12,--,2,4824,买盘
1954,10:32:01,24.12,-0.01,104,250848,卖盘
1955,10:31:52,24.13,0.01,22,53086,买盘
1956,10:31:43,24.12,--,22,53064,卖盘
1957,10:31:40,24.12,-0.01,11,26532,卖盘
1958,10:31:37,24.13,--,5,12065,买盘
1959,10:31:34,24.13,--,21,50673,买盘
1960,10:31:31,24.13,0.01,38,91694,买盘
1961,10:31:25,24.12,-0.01,9,21708,卖盘
1962,10:31:22,24.13,0.01,6,14478,买盘
1963,10:31:19,24.12,-0.01,25,60300,卖盘
1964,10:31:13,24.13,--,30,72390,买盘
1965,10:31:07,24.13,0.01,136,328168,买盘
1966,10:31:04,24.12,0.01,11,26532,买盘
1967,10:30:58,24.11,--,46,110906,卖盘
1968,10:30:52,24.11,0.01,13,31343,买盘
1969,10:30:49,24.1,--,14,33740,卖盘
1970,10:30:46,24.1,--,11,26510,卖盘
1971,10:30:43,24.1,--,0,313,买盘
1972,10:30:40,24.1,--,37,89170,买盘
1973,10:30:37,24.1,--,14,33740,买盘
1974,10:30:34,24.1,--,38,91580,买盘
1975,10:30:31,24.1,--,246,592860,买盘
1976,10:30:28,24.1,0.01,34,81940,买盘
1977,10:30:25,24.09,--,10,24090,卖盘
1978,10:30:22,24.09,--,115,277035,卖盘
1979,10:30:19,24.09,0.01,20,48180,买盘
1980,10:30:16,24.08,-0.01,13,31303,卖盘
1981,10:30:13,24.09,--,18,43362,买盘
1982,10:30:10,24.09,-0.01,55,132495,中性盘
1983,10:30:04,24.1,--,205,494050,买盘
1984,10:30:01,24.1,--,4,9640,买盘
1985,10:29:58,24.1,0.02,21,50610,买盘
1986,10:29:49,24.08,-0.02,2,4816,卖盘
1987,10:29:46,24.1,0.01,304,732640,买盘
1988,10:29:43,24.09,0.01,324,780516,买盘
1989,10:29:40,24.08,--,59,142072,买盘
1990,10:29:34,24.08,0.02,302,727216,买盘
1991,10:29:31,24.06,0.01,4,9624,中性盘
1992,10:29:28,24.05,-0.02,757,1820585,卖盘
1993,10:29:22,24.07,--,6,14442,买盘
1994,10:29:16,24.07,0.01,14,33698,买盘
1995,10:29:13,24.06,-0.01,13,31278,买盘
1996,10:29:10,24.07,--,3,7221,买盘
1997,10:29:07,24.07,0.02,200,481400,买盘
1998,10:28:49,24.05,-0.01,381,918397,卖盘
1999,10:28:43,24.06,--,1,2406,买盘
2000,10:28:40,24.06,0.01,15,36090,买盘
2001,10:28:37,24.05,-0.01,26,62530,卖盘
2002,10:28:31,24.06,0.01,75,180450,买盘
2003,10:28:28,24.05,--,18,43290,卖盘
2004,10:28:25,24.05,--,20,48100,卖盘
2005,10:28:19,24.05,-0.01,57,137085,卖盘
2006,10:28:10,24.06,0.01,4,9624,买盘
2007,10:28:01,24.05,--,153,368301,卖盘
2008,10:27:52,24.05,-0.01,108,259740,卖盘
2009,10:27:49,24.06,--,12,28872,卖盘
2010,10:27:46,24.06,--,1,2406,卖盘
2011,10:27:43,24.06,--,16,38496,卖盘
2012,10:27:40,24.06,0.01,113,274259,买盘
2013,10:27:34,24.05,-0.01,7,16835,卖盘
2014,10:27:31,24.06,0.01,50,120300,买盘
2015,10:27:28,24.05,-0.01,1,2405,卖盘
2016,10:27:25,24.06,0.01,2,4812,买盘
2017,10:27:22,24.05,-0.01,50,120250,卖盘
2018,10:27:19,24.06,--,1,2406,买盘
2019,10:27:13,24.06,--,20,48120,买盘
2020,10:27:07,24.06,--,2,4812,买盘
2021,10:27:04,24.06,--,12,28896,卖盘
2022,10:26:58,24.06,--,5,12030,卖盘
2023,10:26:55,24.06,--,5,12030,卖盘
2024,10:26:49,24.06,--,34,84185,买盘
2025,10:26:43,24.06,0.01,64,153984,买盘
2026,10:26:40,24.05,--,100,240500,买盘
2027,10:26:34,24.05,-0.01,3,7215,卖盘
2028,10:26:31,24.06,0.01,15,36090,买盘
2029,10:26:28,24.05,-0.01,12,28860,卖盘
2030,10:26:25,24.06,--,6,14436,买盘
2031,10:26:22,24.06,0.01,6,14436,买盘
2032,10:26:19,24.05,--,29,69745,卖盘
2033,10:26:16,24.05,--,4,9620,卖盘
2034,10:26:10,24.05,--,3,7215,卖盘
2035,10:26:03,24.05,--,31,74555,卖盘
2036,10:25:57,24.05,--,15,36075,卖盘
2037,10:25:51,24.05,-0.01,2,4810,卖盘
2038,10:25:48,24.06,--,40,96240,买盘
2039,10:25:42,24.06,--,1,2406,买盘
2040,10:25:36,24.06,--,3,7218,卖盘
2041,10:25:33,24.06,--,10,24060,卖盘
2042,10:25:30,24.06,--,5,12030,卖盘
2043,10:25:21,24.06,--,16,38496,买盘
2044,10:25:18,24.06,--,1,2406,买盘
2045,10:25:15,24.06,--,5,12030,买盘
2046,10:25:12,24.06,--,26,62556,买盘
2047,10:25:03,24.06,-0.01,21,50526,卖盘
2048,10:25:00,24.07,0.01,20,48140,买盘
2049,10:24:57,24.06,--,15,36090,卖盘
2050,10:24:51,24.06,-0.01,103,247818,卖盘
2051,10:24:45,24.07,--,15,36105,买盘
2052,10:24:42,24.07,--,28,67396,买盘
2053,10:24:39,24.07,0.01,4,9628,买盘
2054,10:24:33,24.06,--,2,4812,卖盘
2055,10:24:27,24.06,-0.01,5,12030,卖盘
2056,10:24:24,24.07,0.01,10,24070,买盘
2057,10:24:18,24.06,--,54,129924,买盘
2058,10:24:12,24.06,--,15,36090,买盘
2059,10:24:06,24.06,--,14,33684,买盘
2060,10:24:03,24.06,--,55,132330,买盘
2061,10:24:00,24.06,--,9,21654,卖盘
2062,10:23:48,24.06,--,2,4812,卖盘
2063,10:23:45,24.06,0.01,33,79398,买盘
2064,10:23:42,24.05,--,5,12025,买盘
2065,10:23:39,24.05,0.02,10,24050,买盘
2066,10:23:36,24.03,-0.02,10,24030,卖盘
2067,10:23:33,24.05,0.01,9,21645,卖盘
2068,10:23:27,24.04,-0.01,240,576960,中性盘
2069,10:23:18,24.05,0.01,3,7215,买盘
2070,10:23:06,24.04,--,26,62504,买盘
2071,10:23:03,24.04,-0.01,8,19232,卖盘
2072,10:23:00,24.05,0.01,51,122655,买盘
2073,10:22:57,24.04,--,6,14424,买盘
2074,10:22:54,24.04,0.01,5,12020,买盘
2075,10:22:48,24.03,-0.01,12,28836,卖盘
2076,10:22:42,24.04,--,2,4808,买盘
2077,10:22:36,24.04,0.01,12,28848,买盘
2078,10:22:33,24.03,0.01,18,43254,中性盘
2079,10:22:27,24.02,-0.02,23,55246,卖盘
2080,10:22:24,24.04,0.01,5,12020,买盘
2081,10:22:21,24.03,-0.01,4,9612,买盘
2082,10:22:12,24.04,--,3,7212,买盘
2083,10:22:09,24.04,--,9,21636,买盘
2084,10:22:03,24.04,0.02,39,93756,买盘
2085,10:22:00,24.02,-0.02,12,28824,卖盘
2086,10:21:57,24.04,0.01,14,33656,买盘
2087,10:21:54,24.03,--,5,12015,买盘
2088,10:21:51,24.03,0.01,55,132165,买盘
2089,10:21:48,24.02,-0.01,3,7206,卖盘
2090,10:21:45,24.03,--,6,14418,买盘
2091,10:21:42,24.03,--,14,33642,买盘
2092,10:21:39,24.03,--,5,12015,买盘
2093,10:21:36,24.03,--,30,72090,买盘
2094,10:21:33,24.03,--,2,4806,买盘
2095,10:21:30,24.03,--,83,199449,买盘
2096,10:21:24,24.03,--,12,28836,买盘
2097,10:21:21,24.03,0.01,13,31239,买盘
2098,10:21:18,24.02,-0.01,10,24020,卖盘
2099,10:21:15,24.03,--,2,4806,买盘
2100,10:21:09,24.03,0.01,14,33642,买盘
2101,10:21:03,24.02,0.01,35,84070,买盘
2102,10:20:51,24.01,-0.01,25,60025,卖盘
2103,10:20:48,24.02,0.01,1,2402,中性盘
2104,10:20:42,24.01,-0.01,13,31213,卖盘
2105,10:20:36,24.02,-0.01,4,10809,买盘
2106,10:20:33,24.03,--,15,36045,买盘
2107,10:20:30,24.03,--,23,55269,买盘
2108,10:20:27,24.03,0.01,117,281151,买盘
2109,10:20:24,24.02,-0.01,11,26422,卖盘
2110,10:20:21,24.03,0.01,13,31239,买盘
2111,10:20:18,24.02,-0.01,205,492410,卖盘
2112,10:20:12,24.03,--,17,40851,卖盘
2113,10:20:09,24.03,--,35,84105,买盘
2114,10:19:57,24.03,--,13,31239,卖盘
2115,10:19:51,24.03,-0.01,3,7209,卖盘
2116,10:19:48,24.04,--,51,122604,买盘
2117,10:19:45,24.04,0.01,10,24040,买盘
2118,10:19:42,24.03,-0.02,5,12015,卖盘
2119,10:19:39,24.05,--,30,72150,买盘
2120,10:19:33,24.05,--,3,7215,买盘
2121,10:19:30,24.05,0.02,12,28860,买盘
2122,10:19:27,24.03,0.01,5,12015,卖盘
2123,10:19:24,24.02,--,10,24020,卖盘
2124,10:19:18,24.02,--,2,4804,卖盘
2125,10:19:12,24.02,-0.03,3,7206,中性盘
2126,10:19:06,24.05,0.03,234,562770,买盘
2127,10:19:03,24.02,--,2,4804,买盘
2128,10:19:00,24.02,--,10,24020,买盘
2129,10:18:57,24.02,--,12,28824,买盘
2130,10:18:51,24.02,--,7,16814,买盘
2131,10:18:45,24.02,--,42,100884,卖盘
2132,10:18:39,24.02,--,1,2402,卖盘
2133,10:18:36,24.02,--,60,144120,买盘
2134,10:18:30,24.02,--,4,9608,买盘
2135,10:18:27,24.02,--,7,16814,买盘
2136,10:18:18,24.02,0.01,6,14412,买盘
2137,10:18:12,24.01,-0.01,81,194481,卖盘
2138,10:18:09,24.02,0.01,2,4804,买盘
2139,10:18:06,24.01,--,274,657874,买盘
2140,10:18:03,24.01,--,56,134456,买盘
2141,10:17:57,24.01,--,12,28812,买盘
2142,10:17:42,24.01,0.01,15,36015,买盘
2143,10:17:39,24.0,-0.01,4,9600,卖盘
2144,10:17:36,24.01,--,111,266511,买盘
2145,10:17:33,24.01,--,14,33614,买盘
2146,10:17:30,24.01,--,108,259308,买盘
2147,10:17:24,24.01,--,36,86436,买盘
2148,10:17:21,24.01,0.01,39,93639,买盘
2149,10:17:18,24.0,--,10,24000,卖盘
2150,10:17:15,24.0,-0.01,4,9600,卖盘
2151,10:17:12,24.01,0.01,5,12005,买盘
2152,10:17:09,24.0,--,8,19200,卖盘
2153,10:17:06,24.0,--,25,60000,卖盘
2154,10:17:03,24.0,--,78,187200,买盘
2155,10:17:00,24.0,--,4,9600,买盘
2156,10:16:57,24.0,0.01,1,2400,买盘
2157,10:16:54,23.99,-0.01,13,31186,卖盘
2158,10:16:51,24.0,--,2,4800,买盘
2159,10:16:48,24.0,--,3,7200,买盘
2160,10:16:42,24.0,0.01,12,28800,买盘
2161,10:16:36,23.99,--,2,4798,买盘
2162,10:16:33,23.99,--,4,9596,买盘
2163,10:16:30,23.99,--,5,11995,买盘
2164,10:16:27,23.99,0.02,4,9596,买盘
2165,10:16:24,23.97,-0.02,19,45543,卖盘
2166,10:16:18,23.99,--,34,81566,买盘
2167,10:16:12,23.99,-0.01,8,19192,买盘
2168,10:16:09,24.0,0.01,34,81600,买盘
2169,10:16:06,23.99,-0.01,2,4798,中性盘
2170,10:16:00,24.0,--,1,2400,买盘
2171,10:15:57,24.0,--,2,4800,买盘
2172,10:15:54,24.0,--,23,55200,买盘
2173,10:15:51,24.0,--,2,4800,买盘
2174,10:15:45,24.0,--,35,84000,买盘
2175,10:15:42,24.0,--,9,21600,买盘
2176,10:15:39,24.0,-0.01,1776,4262400,卖盘
2177,10:15:36,24.01,0.01,3,7203,买盘
2178,10:15:33,24.0,-0.01,30,72000,卖盘
2179,10:15:27,24.01,-0.01,97,232897,卖盘
2180,10:15:21,24.02,0.01,12,28824,买盘
2181,10:15:18,24.01,-0.01,6,14406,卖盘
2182,10:15:15,24.02,-0.02,67,160934,卖盘
2183,10:15:06,24.04,--,2,4808,买盘
2184,10:15:03,24.04,--,9,21636,卖盘
2185,10:15:00,24.04,--,6,14424,卖盘
2186,10:14:57,24.04,--,75,180300,卖盘
2187,10:14:51,24.04,--,2,4808,卖盘
2188,10:14:48,24.04,-0.01,15,36060,卖盘
2189,10:14:45,24.05,--,29,69745,买盘
2190,10:14:42,24.05,--,90,216450,买盘
2191,10:14:39,24.05,--,243,584415,卖盘
2192,10:14:33,24.05,-0.01,1,2405,卖盘
2193,10:14:30,24.06,0.01,14,33684,买盘
2194,10:14:27,24.05,--,56,134680,卖盘
2195,10:14:18,24.05,0.01,283,680615,买盘
2196,10:14:15,24.04,-0.01,28,67312,卖盘
2197,10:14:06,24.05,--,39,93795,卖盘
2198,10:14:03,24.05,--,27,64935,卖盘
2199,10:13:57,24.05,-0.01,10,24050,卖盘
2200,10:13:54,24.06,0.01,20,48120,买盘
2201,10:13:51,24.05,--,5,12025,卖盘
2202,10:13:45,24.05,-0.01,10,24050,卖盘
2203,10:13:42,24.06,-0.01,84,202104,卖盘
2204,10:13:39,24.07,0.01,21,50547,买盘
2205,10:13:36,24.06,-0.01,5,12030,卖盘
2206,10:13:33,24.07,0.01,58,139606,买盘
2207,10:13:30,24.06,0.02,212,510072,买盘
2208,10:13:27,24.04,-0.01,38,91352,卖盘
2209,10:13:21,24.05,0.01,12,28860,买盘
2210,10:13:15,24.04,-0.01,59,141836,卖盘
2211,10:13:12,24.05,0.01,20,48100,买盘
2212,10:13:09,24.04,-0.01,20,48080,卖盘
2213,10:13:06,24.05,0.02,4,9620,买盘
2214,10:13:03,24.03,-0.02,5,12015,买盘
2215,10:12:57,24.05,0.03,24,57720,买盘
2216,10:12:54,24.02,--,15,36030,卖盘
2217,10:12:51,24.02,--,15,36030,卖盘
2218,10:12:48,24.02,0.02,51,122502,买盘
2219,10:12:42,24.0,--,10,24000,卖盘
2220,10:12:36,24.0,--,66,158400,买盘
2221,10:12:30,24.0,--,76,182400,买盘
2222,10:12:27,24.0,--,135,324000,买盘
2223,10:12:21,24.0,--,12,28800,买盘
2224,10:12:12,24.0,0.01,22,52800,买盘
2225,10:12:06,23.99,--,200,479799,买盘
2226,10:12:00,23.99,0.03,136,326264,买盘
2227,10:11:54,23.96,-0.03,5,11980,中性盘
2228,10:11:48,23.99,0.02,168,403032,买盘
2229,10:11:45,23.97,0.02,22,52734,买盘
2230,10:11:42,23.95,-0.01,49,117355,卖盘
2231,10:11:39,23.96,--,84,201264,卖盘
2232,10:11:36,23.96,-0.03,17,40732,买盘
2233,10:11:24,23.99,0.03,672,1612128,买盘
2234,10:11:21,23.96,-0.01,223,534308,卖盘
2235,10:11:18,23.97,--,17,40749,买盘
2236,10:11:12,23.97,--,15,35955,买盘
2237,10:11:09,23.97,--,10,23970,买盘
2238,10:10:57,23.97,0.01,2,4794,买盘
2239,10:10:57,23.96,--,268,642128,买盘
2240,10:10:54,23.96,--,2,4792,买盘
2241,10:10:51,23.96,--,114,273144,买盘
2242,10:10:48,23.96,--,13,31148,买盘
2243,10:10:45,23.96,--,32,76672,买盘
2244,10:10:42,23.96,--,1,2396,买盘
2245,10:10:39,23.96,--,2,4792,买盘
2246,10:10:36,23.96,--,31,74276,买盘
2247,10:10:30,23.96,0.01,7,16772,买盘
2248,10:10:27,23.95,--,68,162860,卖盘
2249,10:10:24,23.95,--,5,11975,卖盘
2250,10:10:21,23.95,--,34,81430,买盘
2251,10:10:15,23.95,-0.03,43,102985,中性盘
2252,10:10:09,23.98,0.03,500,1199000,买盘
2253,10:10:00,23.95,0.01,57,136515,买盘
2254,10:09:57,23.94,-0.02,67,160398,卖盘
2255,10:09:48,23.96,0.01,250,599000,买盘
2256,10:09:45,23.95,-0.01,25,59875,卖盘
2257,10:09:39,23.96,--,9,21564,买盘
2258,10:09:36,23.96,--,19,45524,买盘
2259,10:09:33,23.96,0.01,4,9584,买盘
2260,10:09:30,23.95,--,5,11975,卖盘
2261,10:09:27,23.95,-0.01,53,126935,卖盘
2262,10:09:24,23.96,--,12,28752,买盘
2263,10:09:21,23.96,--,23,55108,买盘
2264,10:09:18,23.96,--,2,4792,买盘
2265,10:09:15,23.96,0.01,7,16772,买盘
2266,10:09:09,23.95,--,25,59875,买盘
2267,10:09:06,23.95,--,1,2395,买盘
2268,10:09:03,23.95,0.01,18,43110,买盘
2269,10:08:54,23.94,-0.02,40,95760,卖盘
2270,10:08:42,23.96,--,11,26356,买盘
2271,10:08:39,23.96,--,1,2396,买盘
2272,10:08:36,23.96,--,19,45524,买盘
2273,10:08:33,23.96,-0.01,216,517536,买盘
2274,10:08:27,23.97,--,3,7191,买盘
2275,10:08:12,23.97,0.03,389,932433,买盘
2276,10:08:09,23.94,0.01,32,76608,买盘
2277,10:08:06,23.93,-0.01,2,4786,卖盘
2278,10:08:03,23.94,0.01,20,47880,买盘
2279,10:08:00,23.93,--,6,14358,卖盘
2280,10:07:54,23.93,--,3,7466,买盘
2281,10:07:51,23.93,--,50,119650,买盘
2282,10:07:48,23.93,--,2,4786,买盘
2283,10:07:45,23.93,--,14,33502,买盘
2284,10:07:36,23.93,--,2,4786,买盘
2285,10:07:21,23.93,--,35,85860,卖盘
2286,10:07:18,23.93,--,2,4786,卖盘
2287,10:07:15,23.93,-0.01,105,251265,卖盘
2288,10:07:06,23.94,0.01,13,31122,买盘
2289,10:07:03,23.93,-0.02,70,167510,卖盘
2290,10:07:00,23.95,0.01,17,40715,买盘
2291,10:06:57,23.94,--,13,31122,买盘
2292,10:06:51,23.94,--,2,4788,买盘
2293,10:06:48,23.94,-0.02,35,83790,卖盘
2294,10:06:42,23.96,--,8,19168,买盘
2295,10:06:39,23.96,0.03,8,19168,买盘
2296,10:06:35,23.93,-0.02,17,40681,卖盘
2297,10:06:29,23.95,-0.01,2,4790,买盘
2298,10:06:26,23.96,-0.01,7,16772,卖盘
2299,10:06:23,23.97,--,9,21573,买盘
2300,10:06:17,23.97,0.04,53,127041,买盘
2301,10:06:14,23.93,-0.03,43,103186,卖盘
2302,10:06:02,23.96,--,29,69484,买盘
2303,10:05:59,23.96,--,24,57504,买盘
2304,10:05:56,23.96,0.05,2,4792,买盘
2305,10:05:50,23.91,-0.05,84,200844,卖盘
2306,10:05:44,23.96,--,45,107820,卖盘
2307,10:05:41,23.96,--,10,23960,卖盘
2308,10:05:38,23.96,--,10,23960,卖盘
2309,10:05:35,23.96,0.04,666,1597197,买盘
2310,10:05:26,23.92,--,6,14352,买盘
2311,10:05:20,23.92,-0.01,10,23920,买盘
2312,10:05:17,23.93,0.02,10,23930,买盘
2313,10:05:14,23.91,-0.01,20,47820,卖盘
2314,10:05:08,23.92,0.01,8,20834,买盘
2315,10:05:02,23.91,--,2,4782,卖盘
2316,10:04:59,23.91,--,1,2391,买盘
2317,10:04:53,23.91,--,5,11955,买盘
2318,10:04:50,23.91,0.01,5,11955,买盘
2319,10:04:47,23.9,-0.03,441,1053990,卖盘
2320,10:04:38,23.93,0.01,4,9572,买盘
2321,10:04:32,23.92,--,5,11960,卖盘
2322,10:04:29,23.92,-0.01,2,4784,卖盘
2323,10:04:26,23.93,--,25,59825,卖盘
2324,10:04:23,23.93,0.01,2,4786,卖盘
2325,10:04:20,23.92,--,555,1327560,买盘
2326,10:04:14,23.92,-0.01,23,55016,卖盘
2327,10:04:11,23.93,0.01,25,59825,买盘
2328,10:04:08,23.92,-0.01,50,119600,卖盘
2329,10:04:05,23.93,0.01,107,256051,买盘
2330,10:03:53,23.92,-0.01,7,16744,卖盘
2331,10:03:47,23.93,--,1,2393,买盘
2332,10:03:38,23.93,--,3,7179,买盘
2333,10:03:26,23.93,--,171,409203,卖盘
2334,10:03:20,23.93,-0.01,7,16751,卖盘
2335,10:03:17,23.94,0.01,24,57456,买盘
2336,10:03:14,23.93,--,3,7179,卖盘
2337,10:03:05,23.93,--,5,11965,卖盘
2338,10:02:50,23.93,--,3,7179,卖盘
2339,10:02:47,23.93,0.01,17,40681,买盘
2340,10:02:44,23.92,--,4,9568,买盘
2341,10:02:41,23.92,-0.04,12,28704,卖盘
2342,10:02:38,23.96,0.02,672,1610112,买盘
2343,10:02:32,23.94,--,10,23940,买盘
2344,10:02:29,23.94,--,100,239400,买盘
2345,10:02:26,23.94,--,16,38304,买盘
2346,10:02:11,23.94,0.02,2,4788,中性盘
2347,10:01:59,23.92,-0.02,55,131560,卖盘
2348,10:01:50,23.94,0.02,115,275310,买盘
2349,10:01:44,23.92,--,27,64584,卖盘
2350,10:01:41,23.92,-0.03,250,598000,卖盘
2351,10:01:35,23.95,0.01,523,1252585,买盘
2352,10:01:32,23.94,0.02,3,7182,买盘
2353,10:01:29,23.92,--,20,47840,卖盘
2354,10:01:23,23.92,-0.02,1,2392,卖盘
2355,10:01:14,23.94,--,6,14364,买盘
2356,10:01:11,23.94,0.02,1379,3301565,买盘
2357,10:01:05,23.92,-0.02,13,31096,卖盘
2358,10:01:02,23.94,--,2,4788,买盘
2359,10:00:59,23.94,0.01,55,131670,买盘
2360,10:00:53,23.93,0.01,13,31109,买盘
2361,10:00:50,23.92,--,9,21528,卖盘
2362,10:00:47,23.92,-0.02,44,105248,卖盘
2363,10:00:44,23.94,0.01,11,26334,买盘
2364,10:00:41,23.93,-0.01,65,155545,中性盘
2365,10:00:35,23.94,--,5,11970,买盘
2366,10:00:32,23.94,--,14,33516,买盘
2367,10:00:29,23.94,0.01,23,55062,买盘
2368,10:00:26,23.93,-0.02,11,26323,卖盘
2369,10:00:23,23.95,0.01,24,57480,买盘
2370,10:00:17,23.94,--,14,33516,买盘
2371,10:00:14,23.94,0.02,3,7182,买盘
2372,10:00:11,23.92,--,54,129168,卖盘
2373,10:00:05,23.92,--,24,57408,卖盘
2374,09:59:59,23.92,0.01,116,277472,买盘
2375,09:59:56,23.91,-0.03,8,19128,买盘
2376,09:59:47,23.94,0.03,256,612864,买盘
2377,09:59:38,23.91,-0.02,6,14346,卖盘
2378,09:59:35,23.93,0.02,7,16751,买盘
2379,09:59:26,23.91,--,28,66948,卖盘
2380,09:59:23,23.91,-0.02,19,45429,卖盘
2381,09:59:20,23.93,--,28,67004,买盘
2382,09:59:17,23.93,0.02,490,1172570,买盘
2383,09:59:11,23.91,0.01,16,38256,买盘
2384,09:59:05,23.9,-0.01,7,16730,卖盘
2385,09:59:02,23.91,--,26,62166,买盘
2386,09:58:59,23.91,0.01,8,19128,买盘
2387,09:58:53,23.9,-0.01,67,160130,卖盘
2388,09:58:50,23.91,--,28,66948,买盘
2389,09:58:47,23.91,0.01,11,26301,买盘
2390,09:58:38,23.9,-0.02,85,203150,卖盘
2391,09:58:35,23.92,--,2,4784,买盘
2392,09:58:32,23.92,0.01,110,263120,买盘
2393,09:58:26,23.91,-0.01,15,35865,卖盘
2394,09:58:20,23.92,--,8,19136,卖盘
2395,09:58:14,23.92,--,13,31096,卖盘
2396,09:58:11,23.92,-0.01,9,21528,卖盘
2397,09:58:08,23.93,0.01,20,47860,买盘
2398,09:58:05,23.92,--,393,940056,买盘
2399,09:58:02,23.92,--,5,11960,买盘
2400,09:57:56,23.92,0.01,2,4784,买盘
2401,09:57:53,23.91,-0.01,8,19128,卖盘
2402,09:57:50,23.92,0.01,32,76544,买盘
2403,09:57:47,23.91,-0.01,7,16737,买盘
2404,09:57:41,23.92,0.01,15,35880,买盘
2405,09:57:35,23.91,--,11,26301,卖盘
2406,09:57:29,23.91,0.01,10,23910,卖盘
2407,09:57:26,23.9,--,5,11950,卖盘
2408,09:57:23,23.9,--,40,95600,卖盘
2409,09:57:20,23.9,--,277,662030,卖盘
2410,09:57:17,23.9,-0.01,433,1034893,卖盘
2411,09:57:14,23.91,0.01,46,109986,买盘
2412,09:57:11,23.9,--,142,339380,卖盘
2413,09:57:08,23.9,--,73,174470,卖盘
2414,09:57:05,23.9,--,8,19120,卖盘
2415,09:57:02,23.9,--,64,152960,卖盘
2416,09:56:59,23.9,-0.01,11,26290,中性盘
2417,09:56:53,23.91,--,29,69339,买盘
2418,09:56:50,23.91,0.03,10,23910,买盘
2419,09:56:47,23.88,-0.03,314,749832,卖盘
2420,09:56:44,23.91,0.01,23,54993,买盘
2421,09:56:41,23.9,--,7,16730,卖盘
2422,09:56:38,23.9,--,153,365670,卖盘
2423,09:56:32,23.9,--,164,394039,买盘
2424,09:56:26,23.9,0.01,10,23900,买盘
2425,09:56:23,23.89,0.01,96,231709,买盘
2426,09:56:20,23.88,--,21,50148,卖盘
2427,09:56:14,23.88,--,64,152832,卖盘
2428,09:56:11,23.88,--,3,7164,卖盘
2429,09:56:08,23.88,0.01,82,195816,买盘
2430,09:56:05,23.87,-0.01,25,59675,买盘
2431,09:56:02,23.88,--,220,525360,买盘
2432,09:55:59,23.88,--,220,525360,买盘
2433,09:55:56,23.88,--,13,31044,买盘
2434,09:55:53,23.88,--,52,124176,买盘
2435,09:55:50,23.88,--,10,23880,买盘
2436,09:55:47,23.88,-0.01,138,329544,买盘
2437,09:55:44,23.89,0.01,151,360762,买盘
2438,09:55:41,23.88,--,14,33432,卖盘
2439,09:55:38,23.88,--,127,303276,卖盘
2440,09:55:35,23.88,--,4,9552,卖盘
2441,09:55:32,23.88,--,19,45372,卖盘
2442,09:55:26,23.88,--,25,59700,卖盘
2443,09:55:23,23.88,--,68,164748,买盘
2444,09:55:17,23.88,0.03,97,231636,买盘
2445,09:55:14,23.85,-0.02,306,729810,卖盘
2446,09:55:11,23.87,-0.01,2,4774,卖盘
2447,09:55:08,23.88,--,102,243576,买盘
2448,09:55:05,23.88,--,22,52536,买盘
2449,09:55:02,23.88,0.01,26,62088,买盘
2450,09:54:59,23.87,--,23,54901,卖盘
2451,09:54:56,23.87,0.01,111,264957,买盘
2452,09:54:50,23.86,-0.01,42,100212,卖盘
2453,09:54:47,23.87,--,74,176638,买盘
2454,09:54:44,23.87,0.01,5,11935,买盘
2455,09:54:41,23.86,-0.01,25,59650,卖盘
2456,09:54:38,23.87,--,39,93093,买盘
2457,09:54:35,23.87,--,11,26257,买盘
2458,09:54:32,23.87,--,113,269731,买盘
2459,09:54:26,23.87,0.01,17,40579,买盘
2460,09:54:20,23.86,-0.01,57,136002,卖盘
2461,09:54:17,23.87,0.01,43,102641,买盘
2462,09:54:08,23.86,-0.01,6,14316,卖盘
2463,09:54:05,23.87,0.01,2,4774,买盘
2464,09:54:02,23.86,--,109,261290,买盘
2465,09:53:59,23.86,--,34,81124,买盘
2466,09:53:56,23.86,--,2,4772,买盘
2467,09:53:53,23.86,0.01,34,81124,买盘
2468,09:53:50,23.85,-0.01,8,19080,卖盘
2469,09:53:44,23.86,--,1,2386,买盘
2470,09:53:41,23.86,--,62,147932,买盘
2471,09:53:38,23.86,--,2,4772,买盘
2472,09:53:35,23.86,0.01,8,19088,买盘
2473,09:53:32,23.85,--,8,19080,买盘
2474,09:53:29,23.85,--,13,31005,买盘
2475,09:53:23,23.85,0.01,94,224190,买盘
2476,09:53:20,23.84,-0.01,8,19072,卖盘
2477,09:53:17,23.85,--,3,7155,买盘
2478,09:53:11,23.85,--,18,42930,买盘
2479,09:53:08,23.85,--,87,207495,卖盘
2480,09:53:05,23.85,0.01,113,269505,买盘
2481,09:52:56,23.84,--,6,14304,卖盘
2482,09:52:53,23.84,--,1,2384,卖盘
2483,09:52:50,23.84,-0.01,6,14304,卖盘
2484,09:52:47,23.85,--,16,38160,买盘
2485,09:52:44,23.85,0.01,5,11925,买盘
2486,09:52:41,23.84,--,12,28608,卖盘
2487,09:52:38,23.84,--,43,102512,卖盘
2488,09:52:35,23.84,--,15,35760,卖盘
2489,09:52:32,23.84,0.02,43,102512,买盘
2490,09:52:29,23.82,-0.01,6,14292,卖盘
2491,09:52:23,23.83,0.01,30,71490,买盘
2492,09:52:17,23.82,0.02,12,28584,买盘
2493,09:52:14,23.8,-0.02,5,11900,卖盘
2494,09:52:08,23.82,0.02,2,4764,买盘
2495,09:52:05,23.8,--,6,14280,卖盘
2496,09:52:02,23.8,--,2,4760,卖盘
2497,09:51:59,23.8,--,46,109480,买盘
2498,09:51:53,23.8,0.01,203,483140,买盘
2499,09:51:50,23.79,-0.01,16,38064,卖盘
2500,09:51:44,23.8,--,43,102340,买盘
2501,09:51:41,23.8,0.01,14,33320,买盘
2502,09:51:38,23.79,-0.01,18,42822,卖盘
2503,09:51:32,23.8,--,1,2380,买盘
2504,09:51:29,23.8,--,20,47600,买盘
2505,09:51:26,23.8,--,19,45220,买盘
2506,09:51:23,23.8,--,2,4760,买盘
2507,09:51:20,23.8,-0.03,232,552160,卖盘
2508,09:51:17,23.83,--,40,95320,买盘
2509,09:51:14,23.83,--,2,4766,买盘
2510,09:51:08,23.83,--,10,23830,中性盘
2511,09:51:05,23.83,--,6,14297,卖盘
2512,09:50:59,23.83,-0.01,1,2383,卖盘
2513,09:50:56,23.84,--,9,21456,买盘
2514,09:50:53,23.84,--,23,54832,买盘
2515,09:50:47,23.84,0.02,2,4768,买盘
2516,09:50:38,23.82,-0.02,6,14292,卖盘
2517,09:50:35,23.84,0.01,21,50064,买盘
2518,09:50:32,23.83,-0.01,45,107234,卖盘
2519,09:50:26,23.84,--,26,61984,买盘
2520,09:50:20,23.84,--,4,9536,买盘
2521,09:50:17,23.84,--,10,23840,买盘
2522,09:50:14,23.84,--,11,26224,买盘
2523,09:50:11,23.84,-0.01,172,410048,卖盘
2524,09:50:08,23.85,--,10,23850,买盘
2525,09:50:05,23.85,0.01,9,21465,买盘
2526,09:50:02,23.84,0.03,3,7152,中性盘
2527,09:49:56,23.81,-0.04,9,21429,卖盘
2528,09:49:53,23.85,0.01,103,245655,买盘
2529,09:49:50,23.84,--,10,23840,买盘
2530,09:49:47,23.84,0.03,10,23840,买盘
2531,09:49:41,23.81,--,3,7143,买盘
2532,09:49:38,23.81,--,8,19048,卖盘
2533,09:49:29,23.81,-0.04,6,14286,卖盘
2534,09:49:26,23.85,0.06,55,131175,买盘
2535,09:49:17,23.79,--,4,9516,卖盘
2536,09:49:14,23.79,-0.06,6,14274,卖盘
2537,09:49:11,23.85,0.05,7,16695,买盘
2538,09:49:08,23.8,--,10,23800,买盘
2539,09:49:05,23.8,-0.07,193,459340,卖盘
2540,09:49:02,23.87,0.01,200,477400,买盘
2541,09:48:59,23.86,--,10,23860,买盘
2542,09:48:56,23.86,--,10,23860,买盘
2543,09:48:53,23.86,--,10,23860,买盘
2544,09:48:50,23.86,--,23,54878,卖盘
2545,09:48:47,23.86,-0.01,108,257688,卖盘
2546,09:48:41,23.87,--,16,38192,买盘
2547,09:48:29,23.87,0.02,16,38192,中性盘
2548,09:48:26,23.85,--,19,45315,卖盘
2549,09:48:17,23.85,--,6,14310,卖盘
2550,09:48:14,23.85,0.03,21,50085,买盘
2551,09:48:05,23.82,--,6,14292,卖盘
2552,09:48:02,23.82,-0.06,3,7146,中性盘
2553,09:47:59,23.88,0.09,351,838188,买盘
2554,09:47:53,23.79,-0.04,7,16653,卖盘
2555,09:47:50,23.83,--,4,9532,买盘
2556,09:47:47,23.83,0.01,3,7148,买盘
2557,09:47:44,23.82,--,8,19056,买盘
2558,09:47:41,23.82,0.07,772,1838904,买盘
2559,09:47:38,23.75,-0.05,424,1007000,卖盘
2560,09:47:35,23.8,0.01,4,9520,买盘
2561,09:47:32,23.79,--,9,21411,卖盘
2562,09:47:26,23.79,-0.01,16,38064,卖盘
2563,09:47:23,23.8,--,1,2380,买盘
2564,09:47:20,23.8,--,3,7140,买盘
2565,09:47:17,23.8,0.05,13,30940,买盘
2566,09:47:14,23.75,-0.05,501,1189875,卖盘
2567,09:47:11,23.8,--,18,42840,买盘
2568,09:47:08,23.8,--,1,2380,买盘
2569,09:47:04,23.8,0.01,1,2380,买盘
2570,09:47:01,23.79,--,134,318786,卖盘
2571,09:46:52,23.79,-0.01,6,14274,卖盘
2572,09:46:49,23.8,--,12,28560,买盘
2573,09:46:46,23.8,--,3,7140,买盘
2574,09:46:43,23.8,0.01,55,130900,买盘
2575,09:46:40,23.79,--,36,85644,卖盘
2576,09:46:34,23.79,--,2,4758,卖盘
2577,09:46:28,23.79,-0.01,9,21411,卖盘
2578,09:46:25,23.8,0.01,4,9520,买盘
2579,09:46:13,23.79,-0.01,6,14274,卖盘
2580,09:46:10,23.8,--,2,4760,买盘
2581,09:46:07,23.8,--,8,19040,买盘
2582,09:46:01,23.8,--,1,2380,买盘
2583,09:45:58,23.8,0.01,70,166600,买盘
2584,09:45:55,23.79,0.01,15,35685,买盘
2585,09:45:52,23.78,-0.01,7,16646,卖盘
2586,09:45:49,23.79,--,24,57096,买盘
2587,09:45:43,23.79,0.02,5,11895,买盘
2588,09:45:40,23.77,-0.02,18,42786,卖盘
2589,09:45:37,23.79,--,10,23790,买盘
2590,09:45:34,23.79,0.01,55,130845,买盘
2591,09:45:31,23.78,--,5,11890,买盘
2592,09:45:28,23.78,0.01,12,28536,买盘
2593,09:45:25,23.77,0.02,267,634659,买盘
2594,09:45:16,23.75,-0.02,8,19000,卖盘
2595,09:45:10,23.77,--,3,7131,买盘
2596,09:45:07,23.77,--,14,33278,买盘
2597,09:45:04,23.77,--,8,19016,买盘
2598,09:44:55,23.77,--,103,244831,卖盘
2599,09:44:49,23.77,-0.01,50,118850,卖盘
2600,09:44:43,23.78,0.01,2,4756,卖盘
2601,09:44:40,23.77,-0.01,6,14262,卖盘
2602,09:44:37,23.78,-0.01,5,11890,中性盘
2603,09:44:31,23.79,0.01,4,9516,买盘
2604,09:44:28,23.78,--,12,28536,买盘
2605,09:44:25,23.78,--,2,4756,买盘
2606,09:44:22,23.78,--,1,2378,买盘
2607,09:44:19,23.78,0.01,14,33292,买盘
2608,09:44:16,23.77,--,22,52294,卖盘
2609,09:44:04,23.77,--,26,61802,卖盘
2610,09:44:01,23.77,--,10,23770,卖盘
2611,09:43:49,23.77,--,6,14262,卖盘
2612,09:43:46,23.77,0.03,40,95080,买盘
2613,09:43:40,23.74,--,16,37984,卖盘
2614,09:43:37,23.74,-0.03,24,56975,卖盘
2615,09:43:34,23.77,--,1,2377,买盘
2616,09:43:31,23.77,0.02,7,16639,买盘
2617,09:43:28,23.75,-0.02,4,9500,卖盘
2618,09:43:22,23.77,0.02,7,16639,买盘
2619,09:43:16,23.75,0.01,6,14250,中性盘
2620,09:43:10,23.74,--,7,16618,卖盘
2621,09:43:07,23.74,--,22,52228,卖盘
2622,09:43:04,23.74,0.01,6,14243,卖盘
2623,09:42:55,23.73,--,50,118650,卖盘
2624,09:42:49,23.73,-0.01,88,208824,卖盘
2625,09:42:46,23.74,--,8,18992,买盘
2626,09:42:43,23.74,-0.01,20,47480,中性盘
2627,09:42:31,23.75,--,11,26125,买盘
2628,09:42:28,23.75,0.01,30,71250,买盘
2629,09:42:22,23.74,0.02,5,11870,买盘
2630,09:42:19,23.72,-0.02,85,201620,卖盘
2631,09:42:16,23.74,0.01,8,18992,卖盘
2632,09:42:04,23.73,-0.02,6,14238,卖盘
2633,09:41:49,23.75,-0.02,123,292125,卖盘
2634,09:41:46,23.77,-0.01,14,33278,卖盘
2635,09:41:43,23.78,0.01,10,23780,买盘
2636,09:41:40,23.77,-0.01,6,14262,卖盘
2637,09:41:37,23.78,--,1,2378,卖盘
2638,09:41:34,23.78,0.01,3,7134,中性盘
2639,09:41:31,23.77,-0.01,109,259093,卖盘
2640,09:41:25,23.78,--,3,7134,卖盘
2641,09:41:22,23.78,-0.01,11,26158,卖盘
2642,09:41:19,23.79,--,2,4758,买盘
2643,09:41:16,23.79,--,21,49959,买盘
2644,09:41:13,23.79,--,5,11895,买盘
2645,09:41:07,23.79,--,25,59475,买盘
2646,09:41:04,23.79,--,20,47580,买盘
2647,09:40:58,23.79,-0.01,101,240279,卖盘
2648,09:40:55,23.8,0.01,184,437920,买盘
2649,09:40:52,23.79,--,44,104676,卖盘
2650,09:40:49,23.79,-0.01,39,92781,卖盘
2651,09:40:46,23.8,--,2,4760,买盘
2652,09:40:40,23.8,--,9,21420,买盘
2653,09:40:37,23.8,0.01,59,140420,买盘
2654,09:40:34,23.79,--,8,19032,卖盘
2655,09:40:31,23.79,-0.01,21,49959,卖盘
2656,09:40:28,23.8,0.01,28,66640,买盘
2657,09:40:25,23.79,-0.01,20,47580,卖盘
2658,09:40:19,23.8,0.01,15,35700,买盘
2659,09:40:16,23.79,-0.01,6,14274,卖盘
2660,09:40:13,23.8,--,5,11900,买盘
2661,09:40:10,23.8,-0.02,1,2380,买盘
2662,09:40:07,23.82,0.01,190,452580,买盘
2663,09:40:04,23.81,0.01,185,440485,买盘
2664,09:39:55,23.8,-0.01,8,19040,买盘
2665,09:39:52,23.81,0.01,5,11905,买盘
2666,09:39:49,23.8,-0.01,88,209463,卖盘
2667,09:39:46,23.81,--,1,2381,买盘
2668,09:39:43,23.81,0.01,53,126193,买盘
2669,09:39:40,23.8,-0.01,11,26180,卖盘
2670,09:39:31,23.81,--,8,19048,买盘
2671,09:39:28,23.81,--,2,4762,买盘
2672,09:39:25,23.81,--,24,57144,买盘
2673,09:39:19,23.81,0.01,15,35715,中性盘
2674,09:39:16,23.8,-0.02,132,314160,卖盘
2675,09:39:13,23.82,0.01,12,28584,买盘
2676,09:39:10,23.81,-0.01,2,4762,买盘
2677,09:39:07,23.82,0.01,10,23820,买盘
2678,09:39:04,23.81,-0.01,5,11905,中性盘
2679,09:38:58,23.82,--,61,145302,买盘
2680,09:38:52,23.82,--,7,16674,买盘
2681,09:38:49,23.82,--,54,128628,买盘
2682,09:38:46,23.82,--,15,35730,卖盘
2683,09:38:40,23.82,--,6,14292,卖盘
2684,09:38:37,23.82,0.01,33,78606,买盘
2685,09:38:34,23.81,-0.01,23,54763,卖盘
2686,09:38:31,23.82,0.01,15,35730,卖盘
2687,09:38:25,23.81,-0.03,56,133336,卖盘
2688,09:38:22,23.84,0.01,14,33376,买盘
2689,09:38:16,23.83,--,69,164427,买盘
2690,09:38:10,23.83,--,2,4766,买盘
2691,09:38:07,23.83,--,2,4766,买盘
2692,09:38:04,23.83,0.01,15,35745,买盘
2693,09:38:01,23.82,-0.01,22,52404,卖盘
2694,09:37:58,23.83,0.01,3,7148,买盘
2695,09:37:55,23.82,0.02,55,131010,买盘
2696,09:37:52,23.8,-0.02,44,104720,卖盘
2697,09:37:49,23.82,--,2,4764,买盘
2698,09:37:43,23.82,--,5,11910,买盘
2699,09:37:40,23.82,--,7,16674,买盘
2700,09:37:37,23.82,0.01,13,30966,买盘
2701,09:37:31,23.81,--,15,35715,卖盘
2702,09:37:28,23.81,--,72,171432,卖盘
2703,09:37:19,23.81,--,43,102383,卖盘
2704,09:37:16,23.81,--,3,7143,卖盘
2705,09:37:13,23.81,--,6,14286,卖盘
2706,09:37:10,23.81,-0.01,8,21405,卖盘
2707,09:37:07,23.82,0.01,1,2382,买盘
2708,09:37:04,23.81,-0.01,6,14286,卖盘
2709,09:37:01,23.82,--,6,14292,买盘
2710,09:36:55,23.82,0.01,6,14292,买盘
2711,09:36:52,23.81,-0.01,8,19048,卖盘
2712,09:36:46,23.82,0.01,1,2382,买盘
2713,09:36:43,23.81,--,7,16667,卖盘
2714,09:36:40,23.81,0.01,6,14286,中性盘
2715,09:36:22,23.8,-0.03,100,238000,卖盘
2716,09:36:13,23.83,0.03,6,14297,卖盘
2717,09:36:10,23.8,-0.05,251,597380,卖盘
2718,09:36:07,23.85,0.03,20,47700,买盘
2719,09:36:04,23.82,-0.01,211,502602,卖盘
2720,09:36:01,23.83,-0.01,9,21447,中性盘
2721,09:35:58,23.84,--,2,4768,买盘
2722,09:35:52,23.84,--,10,23840,买盘
2723,09:35:49,23.84,0.01,30,71520,买盘
2724,09:35:46,23.83,--,10,23830,买盘
2725,09:35:43,23.83,--,11,26212,卖盘
2726,09:35:40,23.83,-0.02,37,88171,卖盘
2727,09:35:37,23.85,0.02,2,4770,买盘
2728,09:35:34,23.83,-0.01,18,42894,卖盘
2729,09:35:31,23.84,-0.01,1,2384,中性盘
2730,09:35:25,23.85,--,88,209880,买盘
2731,09:35:22,23.85,--,2,4770,买盘
2732,09:35:19,23.85,0.01,1,2385,中性盘
2733,09:35:16,23.84,-0.01,20,47680,中性盘
2734,09:35:07,23.85,--,3,7155,买盘
2735,09:35:04,23.85,--,9,21465,买盘
2736,09:35:01,23.85,0.01,17,40545,买盘
2737,09:34:58,23.84,--,7,16688,卖盘
2738,09:34:55,23.84,0.01,6,14304,买盘
2739,09:34:52,23.83,0.01,227,540941,买盘
2740,09:34:46,23.82,0.01,26,61932,买盘
2741,09:34:43,23.81,-0.01,12,28572,卖盘
2742,09:34:40,23.82,--,13,30966,买盘
2743,09:34:37,23.82,--,50,119100,买盘
2744,09:34:34,23.82,-0.01,4,9528,买盘
2745,09:34:31,23.83,-0.02,130,309790,中性盘
2746,09:34:25,23.85,--,178,424530,买盘
2747,09:34:16,23.85,--,10,23850,买盘
2748,09:34:13,23.85,--,3,7155,买盘
2749,09:34:10,23.85,0.02,13,31005,买盘
2750,09:34:07,23.83,0.02,19,45277,买盘
2751,09:34:04,23.81,-0.02,6,14286,卖盘
2752,09:33:58,23.83,--,15,35745,买盘
2753,09:33:55,23.83,--,2,4766,买盘
2754,09:33:52,23.83,0.03,17,40511,买盘
2755,09:33:49,23.8,-0.05,27,64260,卖盘
2756,09:33:46,23.85,0.01,5,11925,买盘
2757,09:33:43,23.84,0.03,47,112048,买盘
2758,09:33:40,23.81,0.01,40,95240,买盘
2759,09:33:37,23.8,--,4,9520,卖盘
2760,09:33:34,23.8,0.01,155,368900,买盘
2761,09:33:31,23.79,--,301,716079,买盘
2762,09:33:28,23.79,0.02,7,16653,买盘
2763,09:33:25,23.77,--,20,47540,卖盘
2764,09:33:22,23.77,-0.02,200,475400,卖盘
2765,09:33:19,23.79,0.02,9,21411,买盘
2766,09:33:16,23.77,--,7,16639,卖盘
2767,09:33:13,23.77,--,49,116473,卖盘
2768,09:33:10,23.77,--,4,9508,卖盘
2769,09:33:04,23.77,--,70,166390,买盘
2770,09:33:01,23.77,--,39,92703,买盘
2771,09:32:58,23.77,--,7,16639,买盘
2772,09:32:52,23.77,0.01,30,71310,买盘
2773,09:32:49,23.76,-0.01,6,14256,卖盘
2774,09:32:40,23.77,--,9,21393,买盘
2775,09:32:25,23.77,-0.02,78,185406,卖盘
2776,09:32:19,23.79,--,92,218868,卖盘
2777,09:32:10,23.79,--,19,45201,卖盘
2778,09:32:07,23.79,-0.01,26,61854,卖盘
2779,09:32:04,23.8,0.01,28,66640,买盘
2780,09:31:58,23.79,--,2,4758,卖盘
2781,09:31:55,23.79,0.01,52,123708,中性盘
2782,09:31:46,23.78,-0.02,25,59450,卖盘
2783,09:31:40,23.8,--,3,7140,买盘
2784,09:31:34,23.8,--,7,16660,卖盘
2785,09:31:31,23.8,--,5,11900,卖盘
2786,09:31:28,23.8,--,33,78540,卖盘
2787,09:31:25,23.8,-0.01,15,35700,卖盘
2788,09:31:22,23.81,0.01,8,19048,买盘
2789,09:31:19,23.8,--,10,23800,买盘
2790,09:31:16,23.8,-0.05,11,26180,中性盘
2791,09:31:13,23.85,--,2,4770,买盘
2792,09:31:10,23.85,0.05,270,643950,买盘
2793,09:31:07,23.8,-0.01,12,28560,卖盘
2794,09:31:04,23.81,0.01,7,16667,卖盘
2795,09:31:01,23.8,-0.03,7,16660,卖盘
2796,09:30:52,23.83,0.01,22,52425,买盘
2797,09:30:49,23.82,-0.02,5,11910,卖盘
2798,09:30:46,23.84,0.01,11,26224,买盘
