,time,price,change,volume,amount,type
0,15:00:21,5.23,--,1764,922572,买盘
1,14:58:05,5.23,--,0,0,买盘
2,14:57:02,5.23,-0.01,118,61714,卖盘
3,14:56:59,5.24,0.01,47,24628,买盘
4,14:56:56,5.23,--,80,41840,卖盘
5,14:56:53,5.23,--,20,10460,卖盘
6,14:56:50,5.23,--,84,43932,卖盘
7,14:56:47,5.23,--,1,523,卖盘
8,14:56:44,5.23,--,75,39225,卖盘
9,14:56:41,5.23,--,96,50208,买盘
10,14:56:38,5.23,0.01,8,4184,买盘
11,14:56:35,5.22,-0.01,36,18792,卖盘
12,14:56:29,5.23,--,200,104600,买盘
13,14:56:26,5.23,--,38,19874,买盘
14,14:56:20,5.23,--,12,6276,买盘
15,14:56:14,5.23,--,20,10460,买盘
16,14:56:11,5.23,--,33,17259,买盘
17,14:56:08,5.23,--,42,21966,买盘
18,14:56:05,5.23,--,110,57530,买盘
19,14:55:59,5.23,--,20,10460,买盘
20,14:55:53,5.23,--,20,10460,买盘
21,14:55:50,5.23,--,129,67467,卖盘
22,14:55:47,5.23,--,50,26150,卖盘
23,14:55:41,5.23,-0.01,10,5230,卖盘
24,14:55:38,5.24,--,27,14148,买盘
25,14:55:35,5.24,0.01,1,524,买盘
26,14:55:29,5.23,--,40,20920,买盘
27,14:55:26,5.23,-0.01,34,17782,中性盘
28,14:55:20,5.24,0.01,6,3144,买盘
29,14:55:14,5.23,--,16,8368,卖盘
30,14:55:08,5.23,0.01,5,2615,买盘
31,14:55:05,5.22,--,50,26100,卖盘
32,14:54:59,5.22,-0.01,42,21924,卖盘
33,14:54:47,5.23,--,100,52300,买盘
34,14:54:44,5.23,0.01,20,10460,买盘
35,14:54:41,5.22,--,111,57942,卖盘
36,14:54:38,5.22,-0.01,1,522,卖盘
37,14:54:35,5.23,--,32,16736,买盘
38,14:54:32,5.23,--,260,135980,买盘
39,14:54:26,5.23,--,14,7322,买盘
40,14:54:23,5.23,--,6,3138,买盘
41,14:54:17,5.23,0.01,5,2615,买盘
42,14:54:02,5.22,0.01,599,312678,买盘
43,14:53:56,5.21,--,1,521,卖盘
44,14:53:53,5.21,--,217,113057,卖盘
45,14:53:50,5.21,-0.01,717,373744,卖盘
46,14:53:44,5.22,0.01,46,24012,买盘
47,14:53:41,5.21,--,100,52100,卖盘
48,14:53:38,5.21,--,10,5210,卖盘
49,14:53:35,5.21,--,4,2084,卖盘
50,14:53:32,5.21,-0.01,10,5210,卖盘
51,14:53:29,5.22,0.01,10,5721,买盘
52,14:53:26,5.21,--,200,104200,卖盘
53,14:53:23,5.21,-0.01,12,6252,卖盘
54,14:53:20,5.22,0.01,9,4718,买盘
55,14:53:14,5.21,--,290,151090,卖盘
56,14:53:02,5.21,-0.01,10,5210,卖盘
57,14:52:59,5.22,0.01,14,7809,买盘
58,14:52:56,5.21,--,19,9919,卖盘
59,14:52:53,5.21,--,60,31260,卖盘
60,14:52:47,5.21,--,10,5210,卖盘
61,14:52:41,5.21,--,185,96760,买盘
62,14:52:38,5.21,0.01,15,7815,买盘
63,14:52:35,5.2,-0.01,4,2080,卖盘
64,14:52:29,5.21,--,10,5210,买盘
65,14:52:20,5.21,-0.01,987,514372,卖盘
66,14:52:17,5.22,0.01,96,50613,买盘
67,14:52:08,5.21,--,12,6252,卖盘
68,14:52:05,5.21,--,40,20840,卖盘
69,14:51:56,5.21,-0.01,151,78691,卖盘
70,14:51:50,5.22,--,6,3132,卖盘
71,14:51:44,5.22,-0.01,38,19836,买盘
72,14:51:41,5.23,0.01,78,40794,买盘
73,14:51:35,5.22,--,10,5220,卖盘
74,14:51:32,5.22,0.01,2,1044,买盘
75,14:51:29,5.21,-0.01,272,142212,卖盘
76,14:51:26,5.22,0.01,8,4176,中性盘
77,14:51:14,5.21,-0.02,700,364700,卖盘
78,14:51:02,5.23,--,188,98679,卖盘
79,14:50:59,5.23,--,42,21966,卖盘
80,14:50:56,5.23,--,13,6799,卖盘
81,14:50:50,5.23,--,10,5230,卖盘
82,14:50:35,5.23,--,159,83157,卖盘
83,14:50:32,5.23,-0.01,54,28430,卖盘
84,14:50:26,5.24,-0.01,50,26703,卖盘
85,14:50:23,5.25,0.01,1,546,买盘
86,14:50:20,5.24,-0.01,78,41375,卖盘
87,14:50:17,5.25,0.01,2,1050,买盘
88,14:50:14,5.24,--,59,30936,卖盘
89,14:50:11,5.24,--,2,1048,卖盘
90,14:50:08,5.24,-0.01,480,251520,卖盘
91,14:50:05,5.25,-0.01,106,56070,卖盘
92,14:49:53,5.26,--,9,4734,买盘
93,14:49:44,5.26,--,127,66802,买盘
94,14:49:41,5.26,0.01,33,17358,买盘
95,14:49:35,5.25,-0.01,10,5250,卖盘
96,14:49:32,5.26,0.01,2510,1320260,买盘
97,14:49:29,5.25,-0.01,10,5250,卖盘
98,14:49:26,5.26,0.01,3,1578,买盘
99,14:49:23,5.25,-0.01,240,126000,卖盘
100,14:49:20,5.26,--,44,23144,买盘
101,14:49:14,5.26,0.01,10,5260,买盘
102,14:49:11,5.25,-0.01,183,96180,卖盘
103,14:49:05,5.26,--,4,2104,买盘
104,14:48:59,5.26,--,6,3660,买盘
105,14:48:53,5.26,--,29,15275,买盘
106,14:48:50,5.26,--,10,5260,买盘
107,14:48:44,5.26,0.01,54,28404,买盘
108,14:48:41,5.25,--,38,20454,卖盘
109,14:48:29,5.25,-0.01,20,10500,卖盘
110,14:48:23,5.26,0.01,2,1052,买盘
111,14:48:20,5.25,--,18,9450,卖盘
112,14:48:17,5.25,-0.01,40,21000,卖盘
113,14:48:14,5.26,0.01,22,11572,买盘
114,14:48:11,5.25,--,3080,1617000,卖盘
115,14:48:05,5.25,--,61,32046,卖盘
116,14:47:59,5.25,--,174,91350,买盘
117,14:47:56,5.25,--,52,27300,买盘
118,14:47:53,5.25,--,518,271950,买盘
119,14:47:47,5.25,0.01,8,4704,买盘
120,14:47:38,5.24,-0.01,4,2096,卖盘
121,14:47:32,5.25,--,160,84000,买盘
122,14:47:26,5.25,--,430,225750,买盘
123,14:47:20,5.25,--,2,1050,买盘
124,14:47:17,5.25,--,5,2646,买盘
125,14:47:14,5.25,--,2,1050,买盘
126,14:47:05,5.25,0.01,10,5250,买盘
127,14:46:59,5.24,-0.01,202,105848,卖盘
128,14:46:53,5.25,--,26,14154,买盘
129,14:46:47,5.25,0.01,22,11550,买盘
130,14:46:44,5.24,--,40,20960,卖盘
131,14:46:38,5.24,--,70,36680,卖盘
132,14:46:35,5.24,-0.01,3,1592,卖盘
133,14:46:32,5.25,--,2,1050,买盘
134,14:46:26,5.25,--,20,10500,买盘
135,14:46:23,5.25,--,18,9450,买盘
136,14:46:14,5.25,--,10,5250,买盘
137,14:46:08,5.25,--,22,11550,买盘
138,14:46:05,5.25,--,20,10500,买盘
139,14:45:59,5.25,--,20,10500,买盘
140,14:45:56,5.25,0.02,16,8400,买盘
141,14:45:50,5.23,-0.02,10,5230,卖盘
142,14:45:44,5.25,0.02,2,1050,买盘
143,14:45:38,5.23,0.01,116,60793,买盘
144,14:45:35,5.22,-0.01,200,104400,卖盘
145,14:45:29,5.23,--,288,150624,买盘
146,14:45:26,5.23,--,242,126566,买盘
147,14:45:23,5.23,0.01,7,3661,买盘
148,14:45:20,5.22,-0.01,14,7308,卖盘
149,14:45:17,5.23,--,41,21443,买盘
150,14:45:08,5.23,0.01,37,19351,买盘
151,14:45:05,5.22,--,297,155034,卖盘
152,14:45:02,5.22,--,0,208,卖盘
153,14:44:59,5.22,--,4,2088,卖盘
154,14:44:56,5.22,-0.01,56,29232,卖盘
155,14:44:53,5.23,0.01,135,70793,买盘
156,14:44:50,5.22,0.01,33,17226,买盘
157,14:44:47,5.21,-0.01,45,23445,卖盘
158,14:44:44,5.22,0.01,36,18792,买盘
159,14:44:41,5.21,-0.01,310,161510,卖盘
160,14:44:38,5.22,0.01,48,25056,买盘
161,14:44:35,5.21,-0.01,141,73461,卖盘
162,14:44:32,5.22,--,125,65250,买盘
163,14:44:29,5.22,--,301,157122,买盘
164,14:44:26,5.22,0.02,216,112752,买盘
165,14:44:23,5.2,-0.01,1604,834080,卖盘
166,14:44:17,5.21,--,113,58873,买盘
167,14:44:14,5.21,--,88,45848,买盘
168,14:44:08,5.21,--,100,52100,买盘
169,14:44:05,5.21,0.01,2,1042,买盘
170,14:43:59,5.2,-0.01,433,225160,卖盘
171,14:43:56,5.21,-0.01,209,108889,卖盘
172,14:43:53,5.22,--,24,12528,买盘
173,14:43:50,5.22,0.01,66,34452,买盘
174,14:43:47,5.21,--,115,59915,卖盘
175,14:43:44,5.21,--,218,113578,卖盘
176,14:43:41,5.21,-0.01,118,61478,卖盘
177,14:43:38,5.22,0.01,70,36540,买盘
178,14:43:35,5.21,--,82,42722,卖盘
179,14:43:29,5.21,--,311,162031,卖盘
180,14:43:23,5.21,-0.01,20,10420,卖盘
181,14:43:20,5.22,--,54,28188,买盘
182,14:43:14,5.22,--,71,37062,买盘
183,14:43:11,5.22,--,310,161820,买盘
184,14:43:08,5.22,--,191,99702,卖盘
185,14:43:05,5.22,--,102,53244,卖盘
186,14:43:02,5.22,--,643,335646,卖盘
187,14:42:59,5.22,--,2,1044,卖盘
188,14:42:56,5.22,--,50,26100,卖盘
189,14:42:50,5.22,--,45,23490,卖盘
190,14:42:47,5.22,0.01,778,406116,买盘
191,14:42:41,5.21,-0.01,255,132855,卖盘
192,14:42:38,5.22,0.01,178,92916,买盘
193,14:42:35,5.21,-0.01,71,36991,卖盘
194,14:42:32,5.22,0.01,502,262044,买盘
195,14:42:29,5.21,--,40,20840,卖盘
196,14:42:26,5.21,--,66,34386,卖盘
197,14:42:23,5.21,-0.01,436,227156,卖盘
198,14:42:20,5.22,0.01,70,36540,买盘
199,14:42:17,5.21,-0.01,250,130250,卖盘
200,14:42:14,5.22,--,62,32364,买盘
201,14:42:11,5.22,--,38,19836,买盘
202,14:42:08,5.22,0.01,40,20880,买盘
203,14:42:05,5.21,-0.01,3,1563,卖盘
204,14:42:02,5.22,--,80,41760,买盘
205,14:41:59,5.22,-0.01,984,513648,卖盘
206,14:41:53,5.23,--,11,5753,买盘
207,14:41:41,5.23,--,8,4581,卖盘
208,14:41:38,5.23,-0.01,800,418400,卖盘
209,14:41:32,5.24,--,20,10480,买盘
210,14:41:23,5.24,--,2,1048,买盘
211,14:41:20,5.24,--,121,63404,卖盘
212,14:41:17,5.24,--,30,15720,卖盘
213,14:41:14,5.24,--,1,524,卖盘
214,14:41:11,5.24,--,30,15720,卖盘
215,14:41:08,5.24,--,80,41920,卖盘
216,14:41:05,5.24,--,79,41396,卖盘
217,14:40:59,5.24,-0.01,55,28820,卖盘
218,14:40:53,5.25,--,29,15225,买盘
219,14:40:50,5.25,0.01,39,20475,买盘
220,14:40:47,5.24,--,94,49256,买盘
221,14:40:44,5.24,0.01,351,183924,买盘
222,14:40:41,5.23,-0.01,1,523,卖盘
223,14:40:38,5.24,--,1,524,买盘
224,14:40:32,5.24,0.01,1007,527793,买盘
225,14:40:29,5.23,--,10,5230,卖盘
226,14:40:23,5.23,-0.01,5,2615,卖盘
227,14:40:20,5.24,--,101,52924,买盘
228,14:40:17,5.24,-0.01,480,251520,卖盘
229,14:40:05,5.25,0.01,9,4725,买盘
230,14:39:59,5.24,-0.01,10,5240,中性盘
231,14:39:47,5.25,--,1,798,卖盘
232,14:39:44,5.25,0.02,147,77427,买盘
233,14:39:38,5.23,-0.03,1226,641198,卖盘
234,14:39:35,5.26,0.01,118,62068,买盘
235,14:39:20,5.25,--,20,10500,卖盘
236,14:39:11,5.25,-0.01,259,135975,卖盘
237,14:39:01,5.26,0.01,57,29982,买盘
238,14:38:58,5.25,-0.01,60,31500,卖盘
239,14:38:49,5.26,--,1,526,买盘
240,14:38:46,5.26,--,6,3156,买盘
241,14:38:43,5.26,--,8,4208,买盘
242,14:38:40,5.26,--,2,1052,买盘
243,14:38:37,5.26,--,55,28930,买盘
244,14:38:34,5.26,--,5,2630,买盘
245,14:38:31,5.26,0.01,16,8416,买盘
246,14:38:19,5.25,-0.01,9,4725,卖盘
247,14:38:13,5.26,0.01,26,13676,买盘
248,14:38:10,5.25,--,69,36225,卖盘
249,14:38:07,5.25,-0.01,27,14175,卖盘
250,14:38:04,5.26,0.01,23,12098,买盘
251,14:37:58,5.25,-0.01,5,2625,卖盘
252,14:37:55,5.26,--,5,2630,买盘
253,14:37:49,5.26,0.01,1000,526000,买盘
254,14:37:46,5.25,--,4,2100,卖盘
255,14:37:43,5.25,-0.01,15,7875,卖盘
256,14:37:37,5.26,0.01,25,13150,买盘
257,14:37:34,5.25,--,38,19950,卖盘
258,14:37:31,5.25,--,11,5775,卖盘
259,14:37:28,5.25,-0.01,5,2625,卖盘
260,14:37:25,5.26,0.01,15,7890,买盘
261,14:37:22,5.25,--,20,10500,卖盘
262,14:37:19,5.25,--,600,315000,卖盘
263,14:37:16,5.25,--,20,10500,卖盘
264,14:37:13,5.25,-0.01,35,18375,卖盘
265,14:37:10,5.26,0.01,42,22092,买盘
266,14:36:58,5.25,-0.01,214,112350,卖盘
267,14:36:55,5.26,--,20,10520,买盘
268,14:36:46,5.26,--,925,486550,卖盘
269,14:36:28,5.26,-0.01,100,52600,卖盘
270,14:36:16,5.27,--,19,10013,买盘
271,14:36:04,5.27,--,19,10013,买盘
272,14:36:01,5.27,--,76,40052,买盘
273,14:35:55,5.27,-0.01,725,382201,卖盘
274,14:35:49,5.28,--,187,98757,买盘
275,14:35:43,5.28,0.01,20,10560,买盘
276,14:35:40,5.27,--,10,5270,卖盘
277,14:35:28,5.27,--,189,99982,买盘
278,14:35:25,5.27,--,90,47429,买盘
279,14:35:13,5.27,0.01,130,68510,买盘
280,14:35:04,5.26,--,30,15780,卖盘
281,14:34:55,5.26,--,32,16832,卖盘
282,14:34:37,5.26,--,1,526,卖盘
283,14:34:28,5.26,-0.01,33,17358,卖盘
284,14:34:13,5.27,0.01,22,11593,买盘
285,14:34:10,5.26,-0.01,49,25774,卖盘
286,14:34:07,5.27,--,50,26349,买盘
287,14:34:04,5.27,--,34,17918,买盘
288,14:33:58,5.27,--,600,316200,买盘
289,14:33:52,5.27,--,9,4743,买盘
290,14:33:49,5.27,0.01,40,21080,买盘
291,14:33:40,5.26,-0.01,2,1052,卖盘
292,14:33:37,5.27,--,2,1054,买盘
293,14:33:34,5.27,0.01,43,22660,买盘
294,14:33:28,5.26,-0.01,500,263000,卖盘
295,14:33:22,5.27,--,29,15282,买盘
296,14:33:19,5.27,--,81,42687,买盘
297,14:33:16,5.27,--,24,12647,买盘
298,14:33:10,5.27,--,31,16336,买盘
299,14:33:04,5.27,0.01,5,2635,买盘
300,14:33:01,5.26,-0.01,25,13150,卖盘
301,14:32:52,5.27,--,26,13701,买盘
302,14:32:46,5.27,--,20,10540,买盘
303,14:32:43,5.27,0.01,69,36363,买盘
304,14:32:37,5.26,-0.01,200,105200,卖盘
305,14:32:31,5.27,0.01,2,1054,买盘
306,14:32:25,5.26,-0.01,6,3156,卖盘
307,14:32:16,5.27,--,6,3161,买盘
308,14:32:13,5.27,0.01,2,1054,买盘
309,14:32:07,5.26,--,2,1052,卖盘
310,14:32:04,5.26,-0.01,35,18410,卖盘
311,14:31:55,5.27,0.01,17,8959,买盘
312,14:31:49,5.26,-0.01,10,5260,卖盘
313,14:31:46,5.27,--,10,5270,买盘
314,14:31:43,5.27,0.01,72,37944,买盘
315,14:31:40,5.26,-0.01,6,3156,卖盘
316,14:31:34,5.27,0.01,220,115939,买盘
317,14:31:19,5.26,--,78,41028,买盘
318,14:31:10,5.26,-0.01,456,239856,卖盘
319,14:31:01,5.27,--,114,60077,买盘
320,14:30:58,5.27,0.01,20,10540,买盘
321,14:30:55,5.26,--,121,63646,卖盘
322,14:30:46,5.26,-0.01,508,267208,卖盘
323,14:30:43,5.27,0.01,5,2635,买盘
324,14:30:34,5.26,--,33,17358,卖盘
325,14:30:28,5.26,--,17,8942,卖盘
326,14:30:19,5.26,--,43,22618,卖盘
327,14:30:07,5.26,--,101,53126,卖盘
328,14:30:01,5.26,-0.01,20,10520,卖盘
329,14:29:55,5.27,0.01,1,527,中性盘
330,14:29:46,5.26,--,33,17358,卖盘
331,14:29:34,5.26,-0.01,448,235648,卖盘
332,14:29:31,5.27,--,31,16336,买盘
333,14:29:22,5.27,0.01,5,2635,买盘
334,14:29:19,5.26,--,30,15780,卖盘
335,14:29:16,5.26,-0.01,12,6312,卖盘
336,14:29:01,5.27,--,62,32673,卖盘
337,14:28:58,5.27,0.01,150,79050,买盘
338,14:28:52,5.26,-0.01,535,281410,卖盘
339,14:28:37,5.27,--,38,20026,卖盘
340,14:28:34,5.27,--,22,11593,卖盘
341,14:28:28,5.27,-0.01,579,305133,卖盘
342,14:28:22,5.28,--,20,10560,买盘
343,14:28:16,5.28,--,10,5280,买盘
344,14:28:10,5.28,--,116,61248,卖盘
345,14:28:04,5.28,--,20,10560,卖盘
346,14:28:01,5.28,-0.01,104,54912,卖盘
347,14:27:40,5.29,0.01,60,31740,买盘
348,14:27:34,5.28,--,3,1584,卖盘
349,14:27:31,5.28,--,35,18480,卖盘
350,14:27:28,5.28,--,59,31152,卖盘
351,14:27:25,5.28,--,50,26400,卖盘
352,14:27:16,5.28,--,212,111936,卖盘
353,14:27:13,5.28,--,10,5280,卖盘
354,14:27:04,5.28,--,19,10032,卖盘
355,14:26:58,5.28,--,21,11088,卖盘
356,14:26:52,5.28,--,61,32208,卖盘
357,14:26:37,5.28,--,2,1056,卖盘
358,14:26:28,5.28,--,19,10032,卖盘
359,14:26:25,5.28,--,20,10560,卖盘
360,14:26:19,5.28,--,20,10560,卖盘
361,14:26:16,5.28,-0.01,115,60720,卖盘
362,14:26:10,5.29,--,1,529,买盘
363,14:26:07,5.29,0.01,50,26450,买盘
364,14:26:01,5.28,-0.01,64,33792,卖盘
365,14:25:52,5.29,--,10,5290,买盘
366,14:25:49,5.29,0.01,2,1058,买盘
367,14:25:46,5.28,-0.01,12,6336,卖盘
368,14:25:37,5.29,--,480,253920,买盘
369,14:25:31,5.29,--,100,52900,买盘
370,14:25:28,5.29,0.01,16,8464,买盘
371,14:25:19,5.28,-0.01,2,1056,卖盘
372,14:25:07,5.29,--,68,35972,卖盘
373,14:24:52,5.29,0.01,105,55545,买盘
374,14:24:46,5.28,-0.01,50,26400,卖盘
375,14:24:43,5.29,--,20,10580,买盘
376,14:24:25,5.29,--,380,201020,卖盘
377,14:24:22,5.29,-0.01,1,529,卖盘
378,14:24:07,5.3,--,3,1590,买盘
379,14:24:04,5.3,0.01,50,26500,买盘
380,14:24:01,5.29,-0.01,5,2645,卖盘
381,14:23:58,5.3,0.01,50,26500,买盘
382,14:23:55,5.29,-0.01,70,37030,卖盘
383,14:23:52,5.3,0.01,20,10600,买盘
384,14:23:49,5.29,--,10,5290,卖盘
385,14:23:40,5.29,-0.01,7,3703,卖盘
386,14:23:28,5.3,--,6,3180,买盘
387,14:23:19,5.3,0.01,20,10600,买盘
388,14:23:13,5.29,-0.01,10,5290,卖盘
389,14:23:10,5.3,--,1,530,买盘
390,14:23:01,5.3,--,258,136740,买盘
391,14:22:52,5.3,--,273,144690,买盘
392,14:22:49,5.3,--,1,530,买盘
393,14:22:43,5.3,--,878,465340,买盘
394,14:22:34,5.3,--,86,45580,买盘
395,14:22:31,5.3,--,6,3180,买盘
396,14:22:28,5.3,--,300,159000,买盘
397,14:22:22,5.3,--,16,8480,买盘
398,14:22:16,5.3,--,9,4770,买盘
399,14:22:13,5.3,--,39,20670,卖盘
400,14:22:04,5.3,-0.01,1,530,中性盘
401,14:21:58,5.31,0.01,18,9558,买盘
402,14:21:55,5.3,--,469,248570,买盘
403,14:21:52,5.3,-0.01,24,12720,卖盘
404,14:21:46,5.31,0.01,10,5310,买盘
405,14:21:43,5.3,--,35,18550,买盘
406,14:21:40,5.3,0.01,23,12190,买盘
407,14:21:37,5.29,-0.01,1,529,卖盘
408,14:21:34,5.3,--,26,13780,买盘
409,14:21:22,5.3,0.01,18,9540,买盘
410,14:21:16,5.29,--,5,2645,卖盘
411,14:21:13,5.29,--,751,397279,买盘
412,14:21:10,5.29,--,145,76705,买盘
413,14:21:07,5.29,0.01,3,1587,买盘
414,14:21:01,5.28,-0.01,7,3696,卖盘
415,14:20:55,5.29,--,500,264500,买盘
416,14:20:37,5.29,--,100,52900,买盘
417,14:20:31,5.29,--,130,68770,买盘
418,14:20:28,5.29,0.01,197,104213,买盘
419,14:20:22,5.28,--,1,528,卖盘
420,14:20:19,5.28,--,15,7920,卖盘
421,14:20:16,5.28,-0.01,4,2112,卖盘
422,14:20:13,5.29,--,3,1587,买盘
423,14:20:06,5.29,--,18,9522,买盘
424,14:20:03,5.29,--,20,10580,买盘
425,14:20:00,5.29,--,242,128018,买盘
426,14:19:48,5.29,0.01,40,21160,中性盘
427,14:19:36,5.28,--,22,11616,卖盘
428,14:19:33,5.28,-0.05,20,10560,卖盘
429,14:19:30,5.33,0.04,145,77285,买盘
430,14:19:27,5.29,0.02,434,229586,买盘
431,14:19:21,5.27,-0.01,1571,827916,卖盘
432,14:19:18,5.28,-0.02,34,17952,卖盘
433,14:19:12,5.3,0.02,88,46640,买盘
434,14:19:09,5.28,--,79,41712,买盘
435,14:19:06,5.28,--,188,99264,买盘
436,14:19:03,5.28,-0.01,778,410784,卖盘
437,14:18:57,5.29,0.01,1863,985527,中性盘
438,14:18:54,5.28,-0.01,1210,638880,卖盘
439,14:18:51,5.29,--,550,290950,买盘
440,14:18:48,5.29,--,135,71415,买盘
441,14:18:42,5.29,--,75,39675,买盘
442,14:18:39,5.29,0.01,112,59248,买盘
443,14:18:36,5.28,-0.01,8,4224,卖盘
444,14:18:33,5.29,0.01,135,71415,买盘
445,14:18:30,5.28,-0.01,23,12144,卖盘
446,14:18:27,5.29,0.01,39,20631,买盘
447,14:18:24,5.28,-0.01,1213,640464,卖盘
448,14:18:15,5.29,--,532,281428,买盘
449,14:18:09,5.29,--,46,24334,买盘
450,14:18:03,5.29,--,138,73002,买盘
451,14:17:57,5.29,-0.04,1226,648554,卖盘
452,14:17:54,5.33,--,135,71955,买盘
453,14:17:48,5.33,-0.01,6062,3231046,卖盘
454,14:17:30,5.34,--,100,53400,买盘
455,14:17:27,5.34,0.01,100,53400,买盘
456,14:17:24,5.33,--,20,10660,卖盘
457,14:17:21,5.33,--,14,7462,卖盘
458,14:17:18,5.33,--,39,20787,卖盘
459,14:17:15,5.33,--,5,2665,卖盘
460,14:17:12,5.33,0.01,8,4264,买盘
461,14:17:09,5.32,--,6,3192,卖盘
462,14:17:03,5.32,--,5,2660,卖盘
463,14:17:00,5.32,--,22,11704,卖盘
464,14:16:51,5.32,--,52,27664,卖盘
465,14:16:45,5.32,--,71,37772,卖盘
466,14:16:39,5.32,--,15,7980,卖盘
467,14:16:36,5.32,--,106,56392,卖盘
468,14:16:33,5.32,--,2,1064,卖盘
469,14:16:18,5.32,--,5,2660,卖盘
470,14:16:15,5.32,--,5,2660,卖盘
471,14:15:57,5.32,--,14,7448,卖盘
472,14:15:54,5.32,-0.01,21,11172,卖盘
473,14:15:48,5.33,--,30,15990,买盘
474,14:15:45,5.33,0.01,50,26650,买盘
475,14:15:39,5.32,--,15,7980,买盘
476,14:15:36,5.32,--,10,5320,卖盘
477,14:15:33,5.32,-0.01,643,342076,卖盘
478,14:15:27,5.33,0.01,743,396019,买盘
479,14:15:18,5.32,--,4,2128,卖盘
480,14:15:09,5.32,-0.01,21,11172,卖盘
481,14:15:06,5.33,--,91,48503,卖盘
482,14:15:00,5.33,--,9,4797,买盘
483,14:14:57,5.33,--,4,2132,卖盘
484,14:14:51,5.33,--,1,533,买盘
485,14:14:48,5.33,--,259,138047,卖盘
486,14:14:45,5.33,--,13,6929,卖盘
487,14:14:39,5.33,-0.01,5,2665,卖盘
488,14:14:36,5.34,0.01,9,4806,买盘
489,14:14:33,5.33,--,5,2665,卖盘
490,14:14:30,5.33,-0.01,80,42640,卖盘
491,14:14:24,5.34,0.01,10,5340,买盘
492,14:14:21,5.33,0.01,32,17056,买盘
493,14:14:09,5.32,-0.02,1736,923552,卖盘
494,14:14:06,5.34,0.01,56,29904,买盘
495,14:14:00,5.33,--,20,10660,卖盘
496,14:13:54,5.33,--,56,29848,卖盘
497,14:13:45,5.33,--,17,9061,卖盘
498,14:13:42,5.33,--,31,16523,卖盘
499,14:13:36,5.33,--,42,22386,卖盘
500,14:13:33,5.33,--,56,29848,买盘
501,14:13:30,5.33,--,380,202540,卖盘
502,14:13:27,5.33,--,160,85280,卖盘
503,14:13:24,5.33,--,442,235586,卖盘
504,14:13:18,5.33,--,10,5330,卖盘
505,14:13:15,5.33,--,59,31447,卖盘
506,14:13:12,5.33,--,62,33046,卖盘
507,14:13:09,5.33,-0.02,4,2132,卖盘
508,14:13:06,5.35,0.01,43,23005,买盘
509,14:13:00,5.34,0.01,24,12816,买盘
510,14:12:57,5.33,--,626,333658,卖盘
511,14:12:54,5.33,-0.01,45,23985,卖盘
512,14:12:51,5.34,0.01,8,4272,买盘
513,14:12:45,5.33,--,51,27183,卖盘
514,14:12:39,5.33,--,108,57564,卖盘
515,14:12:33,5.33,-0.01,5,2665,卖盘
516,14:12:24,5.34,--,57,30801,卖盘
517,14:12:21,5.34,--,250,133500,卖盘
518,14:12:18,5.34,--,70,37380,卖盘
519,14:11:57,5.34,-0.01,435,232290,卖盘
520,14:11:48,5.35,--,2,1070,买盘
521,14:11:42,5.35,--,134,71690,买盘
522,14:11:27,5.35,0.01,13,6954,买盘
523,14:11:12,5.34,-0.01,24,12816,卖盘
524,14:11:09,5.35,0.01,24,12840,买盘
525,14:11:03,5.34,-0.01,2,1068,卖盘
526,14:10:42,5.35,--,125,66875,买盘
527,14:10:39,5.35,--,52,27819,买盘
528,14:10:36,5.35,--,44,23540,买盘
529,14:10:33,5.35,--,100,53500,买盘
530,14:10:18,5.35,0.01,100,53500,买盘
531,14:10:15,5.34,--,33,17622,卖盘
532,14:10:12,5.34,-0.01,24,12816,卖盘
533,14:10:09,5.35,0.01,528,282480,买盘
534,14:10:03,5.34,-0.01,2,1068,卖盘
535,14:10:00,5.35,0.01,100,53500,买盘
536,14:09:51,5.34,-0.01,10,5340,卖盘
537,14:09:48,5.35,0.01,20,10700,买盘
538,14:09:36,5.34,--,8,4442,买盘
539,14:09:33,5.34,--,51,27597,卖盘
540,14:09:24,5.34,--,11,5874,卖盘
541,14:09:18,5.34,--,5,2840,买盘
542,14:09:12,5.34,--,4,2136,买盘
543,14:09:09,5.34,--,3,1965,卖盘
544,14:09:00,5.34,--,20,10850,买盘
545,14:08:54,5.34,--,40,21360,买盘
546,14:08:48,5.34,--,308,164472,卖盘
547,14:08:45,5.34,-0.01,1000,534000,卖盘
548,14:08:21,5.35,0.01,10,5350,买盘
549,14:08:15,5.34,-0.01,8,4272,卖盘
550,14:07:57,5.35,0.01,10,5350,买盘
551,14:07:54,5.34,--,15,8010,卖盘
552,14:07:45,5.34,-0.01,10,5340,卖盘
553,14:07:42,5.35,--,200,107000,买盘
554,14:07:33,5.35,0.01,2,1070,买盘
555,14:07:24,5.34,--,16,8544,买盘
556,14:07:18,5.34,--,53,28302,卖盘
557,14:07:15,5.34,--,1,534,卖盘
558,14:07:12,5.34,--,37,19758,卖盘
559,14:07:03,5.34,--,17,9078,买盘
560,14:06:57,5.34,--,150,80100,买盘
561,14:06:54,5.34,--,259,138306,买盘
562,14:06:48,5.34,--,93,49662,卖盘
563,14:06:45,5.34,--,35,18690,卖盘
564,14:06:39,5.34,--,1,534,卖盘
565,14:06:36,5.34,--,20,10680,买盘
566,14:06:33,5.34,--,1,534,买盘
567,14:06:30,5.34,-0.01,1503,802602,卖盘
568,14:06:27,5.35,--,188,100580,买盘
569,14:06:24,5.35,--,20,10700,买盘
570,14:06:18,5.35,0.01,25,13375,买盘
571,14:06:09,5.34,-0.01,50,26700,卖盘
572,14:06:06,5.35,0.01,50,26750,买盘
573,14:06:00,5.34,--,59,31506,卖盘
574,14:05:57,5.34,-0.01,10,5340,卖盘
575,14:05:54,5.35,0.01,200,107000,买盘
576,14:05:48,5.34,-0.01,14,7476,卖盘
577,14:05:42,5.35,--,70,37450,买盘
578,14:05:36,5.35,0.01,10,5350,买盘
579,14:05:30,5.34,-0.01,100,53400,卖盘
580,14:05:18,5.35,0.01,548,293180,买盘
581,14:05:09,5.34,--,800,427200,卖盘
582,14:05:06,5.34,-0.01,7,3738,卖盘
583,14:05:00,5.35,0.01,80,42800,买盘
584,14:04:51,5.34,--,40,21360,卖盘
585,14:04:48,5.34,-0.01,80,42720,卖盘
586,14:04:45,5.35,0.01,93,49755,买盘
587,14:04:39,5.34,-0.01,10,5340,卖盘
588,14:04:36,5.35,--,50,26750,买盘
589,14:04:33,5.35,0.01,31,16585,买盘
590,14:04:30,5.34,-0.01,677,361518,卖盘
591,14:04:27,5.35,--,268,143380,买盘
592,14:04:15,5.35,0.01,111,59384,买盘
593,14:04:12,5.34,--,61,32574,卖盘
594,14:04:06,5.34,--,224,119616,卖盘
595,14:04:00,5.34,--,128,68352,卖盘
596,14:03:57,5.34,--,100,53400,卖盘
597,14:03:51,5.34,--,1,534,卖盘
598,14:03:42,5.34,-0.01,130,69420,卖盘
599,14:03:39,5.35,--,10,5350,买盘
600,14:03:33,5.35,--,53,28354,买盘
601,14:03:30,5.35,0.01,70,37450,买盘
602,14:03:27,5.34,-0.01,5,2670,卖盘
603,14:03:24,5.35,--,40,21400,买盘
604,14:03:12,5.35,--,17,9095,卖盘
605,14:03:06,5.35,--,32,17120,卖盘
606,14:03:03,5.35,--,51,27285,买盘
607,14:03:00,5.35,0.01,30,16049,买盘
608,14:02:54,5.34,-0.01,1,534,卖盘
609,14:02:51,5.35,--,1,535,买盘
610,14:02:39,5.35,-0.01,2918,1561130,卖盘
611,14:02:18,5.36,--,3,1608,卖盘
612,14:02:00,5.36,-0.01,15,8040,卖盘
613,14:01:57,5.37,--,9,4833,买盘
614,14:01:39,5.37,--,50,26850,买盘
615,14:01:27,5.37,--,55,29535,买盘
616,14:01:21,5.37,--,207,111159,买盘
617,14:01:18,5.37,0.01,30,16110,买盘
618,14:01:06,5.36,--,55,29480,卖盘
619,14:00:48,5.36,-0.01,5,2680,卖盘
620,14:00:45,5.37,0.01,11,5907,买盘
621,14:00:33,5.36,-0.01,5,2680,卖盘
622,14:00:02,5.37,0.01,36,19332,买盘
623,13:59:56,5.36,--,61,32696,卖盘
624,13:59:38,5.36,--,15,8040,卖盘
625,13:59:11,5.36,-0.01,31,16616,卖盘
626,13:59:05,5.37,--,40,21480,买盘
627,13:58:56,5.37,--,604,324348,卖盘
628,13:58:53,5.37,-0.01,50,26850,卖盘
629,13:58:38,5.38,0.01,2,1076,买盘
630,13:58:32,5.37,-0.01,200,107400,卖盘
631,13:58:29,5.38,0.01,34,18292,买盘
632,13:58:26,5.37,-0.01,100,53700,卖盘
633,13:58:17,5.38,--,3,1614,买盘
634,13:57:53,5.38,--,2,1076,买盘
635,13:57:26,5.38,--,22,11836,买盘
636,13:57:23,5.38,--,2,1076,买盘
637,13:57:20,5.38,--,19,10222,卖盘
638,13:57:14,5.38,--,20,10760,卖盘
639,13:57:11,5.38,--,4,2152,卖盘
640,13:57:05,5.38,--,50,26900,卖盘
641,13:56:53,5.38,--,10,5380,卖盘
642,13:56:47,5.38,--,102,54876,买盘
643,13:56:35,5.38,0.01,17,9146,买盘
644,13:56:29,5.37,-0.01,3,1611,卖盘
645,13:56:08,5.38,--,21,11298,卖盘
646,13:55:56,5.38,--,1,538,买盘
647,13:55:47,5.38,--,1,538,买盘
648,13:55:44,5.38,-0.01,30,16140,中性盘
649,13:55:32,5.39,0.01,50,26950,买盘
650,13:55:26,5.38,--,115,62235,卖盘
651,13:55:14,5.38,-0.01,13,6994,卖盘
652,13:54:59,5.39,--,1,539,买盘
653,13:54:47,5.39,0.01,5,2695,买盘
654,13:54:35,5.38,-0.01,100,53800,卖盘
655,13:54:29,5.39,0.01,49,26411,买盘
656,13:54:20,5.38,--,400,215200,卖盘
657,13:54:14,5.38,--,5,2690,卖盘
658,13:54:08,5.38,--,27,14526,卖盘
659,13:53:56,5.38,--,49,26362,卖盘
660,13:53:20,5.38,-0.01,30,16140,卖盘
661,13:53:17,5.39,0.01,61,32879,买盘
662,13:52:56,5.38,-0.01,1,538,卖盘
663,13:52:47,5.39,--,30,16169,买盘
664,13:52:38,5.39,--,10,5390,买盘
665,13:52:26,5.39,0.01,35,18865,买盘
666,13:52:08,5.38,--,28,15064,卖盘
667,13:52:05,5.38,-0.01,2,1076,卖盘
668,13:52:02,5.39,--,22,11858,买盘
669,13:51:32,5.39,--,111,59829,买盘
670,13:51:26,5.39,0.01,10,5390,买盘
671,13:51:20,5.38,--,38,20444,卖盘
672,13:51:17,5.38,--,63,33894,卖盘
673,13:51:08,5.38,-0.01,37,19906,卖盘
674,13:51:05,5.39,0.01,17,9163,买盘
675,13:50:50,5.38,--,5,2690,卖盘
676,13:50:32,5.38,--,8,4476,卖盘
677,13:50:26,5.38,--,1,538,卖盘
678,13:50:20,5.38,--,96,51648,卖盘
679,13:50:17,5.38,-0.01,3,1614,卖盘
680,13:49:50,5.39,--,5,2695,买盘
681,13:49:47,5.39,--,60,32339,买盘
682,13:49:44,5.39,--,5,2695,买盘
683,13:49:38,5.39,--,1,539,买盘
684,13:49:29,5.39,--,1,539,买盘
685,13:49:17,5.39,0.01,1,539,买盘
686,13:49:11,5.38,-0.01,20,10760,卖盘
687,13:49:05,5.39,--,16,8624,买盘
688,13:48:50,5.39,-0.01,20,10780,中性盘
689,13:48:26,5.4,0.02,171,92340,买盘
690,13:48:17,5.38,--,116,62408,卖盘
691,13:48:14,5.38,--,12,6456,卖盘
692,13:48:05,5.38,--,20,10760,卖盘
693,13:48:02,5.38,-0.01,5,2690,卖盘
694,13:47:59,5.39,0.01,50,26950,买盘
695,13:47:53,5.38,--,2,1076,卖盘
696,13:47:50,5.38,--,70,37660,卖盘
697,13:47:38,5.38,-0.01,10,5380,卖盘
698,13:47:35,5.39,0.01,3,1617,买盘
699,13:47:23,5.38,-0.01,8,4304,卖盘
700,13:47:17,5.39,0.01,1,539,买盘
701,13:47:14,5.38,-0.01,3,1614,卖盘
702,13:46:56,5.39,--,1,539,买盘
703,13:46:47,5.39,--,10,5390,买盘
704,13:46:35,5.39,0.01,119,64140,买盘
705,13:46:32,5.38,--,79,42502,卖盘
706,13:46:26,5.38,--,15,8070,卖盘
707,13:46:14,5.38,--,35,18830,卖盘
708,13:46:02,5.38,--,232,124816,买盘
709,13:45:56,5.38,0.01,136,73168,买盘
710,13:45:53,5.37,--,5,2685,卖盘
711,13:45:50,5.37,-0.01,4,2148,卖盘
712,13:45:35,5.38,--,147,79086,买盘
713,13:45:32,5.38,--,10,5380,买盘
714,13:45:23,5.38,--,10,5380,买盘
715,13:45:17,5.38,--,100,53800,买盘
716,13:45:11,5.38,--,10,5380,买盘
717,13:44:38,5.38,0.01,1,538,买盘
718,13:44:26,5.37,-0.01,46,24702,卖盘
719,13:44:23,5.38,--,20,10760,买盘
720,13:44:17,5.38,--,200,107600,买盘
721,13:44:08,5.38,0.01,6,3228,买盘
722,13:43:41,5.37,--,43,23091,卖盘
723,13:43:17,5.37,--,24,13382,买盘
724,13:43:11,5.37,--,9,4833,买盘
725,13:43:05,5.37,--,39,20943,买盘
726,13:42:59,5.37,--,28,15036,买盘
727,13:42:50,5.37,0.01,1,537,买盘
728,13:42:32,5.36,-0.01,3,1608,卖盘
729,13:42:26,5.37,--,15,8055,买盘
730,13:42:23,5.37,0.02,39,20943,买盘
731,13:42:20,5.35,--,117,62594,卖盘
732,13:42:14,5.35,-0.01,5,2675,卖盘
733,13:42:10,5.36,--,10,5360,买盘
734,13:42:04,5.36,--,206,110630,卖盘
735,13:41:52,5.36,-0.01,100,53600,卖盘
736,13:41:43,5.37,0.01,3,1611,买盘
737,13:41:31,5.36,--,1200,643200,卖盘
738,13:41:22,5.36,--,1,536,卖盘
739,13:41:13,5.36,-0.01,1,536,卖盘
740,13:41:10,5.37,--,100,53700,买盘
741,13:41:07,5.37,--,26,13962,买盘
742,13:40:49,5.37,--,134,71958,买盘
743,13:40:46,5.37,--,7,3759,买盘
744,13:40:37,5.37,--,8,4661,卖盘
745,13:40:34,5.37,--,5,2685,卖盘
746,13:40:31,5.37,--,10,5370,卖盘
747,13:40:25,5.37,--,11,5907,卖盘
748,13:40:16,5.37,--,81,43497,卖盘
749,13:40:10,5.37,--,59,31683,卖盘
750,13:40:04,5.37,--,3,1611,卖盘
751,13:40:01,5.37,--,7,3759,卖盘
752,13:39:58,5.37,--,200,107400,卖盘
753,13:39:52,5.37,--,200,107400,卖盘
754,13:39:43,5.37,--,11,5907,卖盘
755,13:39:40,5.37,--,74,39738,卖盘
756,13:39:19,5.37,--,62,33294,卖盘
757,13:39:10,5.37,--,100,53700,卖盘
758,13:38:55,5.37,-0.01,10,5370,卖盘
759,13:38:43,5.38,--,7,3766,买盘
760,13:38:40,5.38,0.01,17,9318,买盘
761,13:38:28,5.37,--,218,117066,卖盘
762,13:38:16,5.37,--,10,5370,卖盘
763,13:38:13,5.37,--,24,12888,卖盘
764,13:38:01,5.37,--,10,5370,卖盘
765,13:37:43,5.37,--,40,21480,卖盘
766,13:37:40,5.37,-0.01,10,5370,卖盘
767,13:37:34,5.38,0.01,19,10222,买盘
768,13:37:22,5.37,--,3,1611,卖盘
769,13:37:13,5.37,-0.01,58,31146,卖盘
770,13:37:10,5.38,--,45,24210,买盘
771,13:36:43,5.38,--,20,10760,买盘
772,13:36:37,5.38,--,31,16678,中性盘
773,13:35:58,5.38,--,62,33356,卖盘
774,13:35:52,5.38,-0.01,20,10760,卖盘
775,13:35:37,5.39,--,10,5390,买盘
776,13:35:28,5.39,-0.01,273,147147,卖盘
777,13:35:13,5.4,0.01,33,17820,买盘
778,13:35:10,5.39,-0.01,8,4312,卖盘
779,13:35:04,5.4,--,10,5400,买盘
780,13:35:01,5.4,--,15,8100,买盘
781,13:34:55,5.4,0.01,1,540,买盘
782,13:34:52,5.39,--,30,16169,卖盘
783,13:34:49,5.39,-0.01,25,13475,卖盘
784,13:34:43,5.4,0.01,3,1620,买盘
785,13:34:34,5.39,--,5,2695,卖盘
786,13:34:13,5.39,--,1,539,卖盘
787,13:34:07,5.39,--,88,47432,买盘
788,13:34:04,5.39,--,5,2695,买盘
789,13:33:52,5.39,0.01,12,6468,买盘
790,13:33:31,5.38,--,6,3228,买盘
791,13:33:28,5.38,0.01,100,53800,买盘
792,13:33:22,5.37,-0.01,2,1074,卖盘
793,13:33:19,5.38,0.01,106,57028,买盘
794,13:33:01,5.37,--,110,59070,卖盘
795,13:32:55,5.37,-0.01,22,11814,卖盘
796,13:32:52,5.38,0.01,7,3766,买盘
797,13:32:43,5.37,--,85,45645,卖盘
798,13:32:40,5.37,--,10,5370,卖盘
799,13:32:37,5.37,-0.01,10,5370,卖盘
800,13:32:34,5.38,--,1,538,买盘
801,13:32:19,5.38,--,1,538,卖盘
802,13:32:07,5.38,-0.01,5334,2869692,卖盘
803,13:32:04,5.39,--,1,539,买盘
804,13:31:52,5.39,--,161,86779,卖盘
805,13:31:46,5.39,--,121,65218,卖盘
806,13:31:34,5.39,-0.01,20,10780,卖盘
807,13:31:31,5.4,0.01,100,54000,买盘
808,13:31:28,5.39,-0.01,5,2695,卖盘
809,13:31:25,5.4,0.01,10,5400,买盘
810,13:31:22,5.39,--,15,8084,卖盘
811,13:31:10,5.39,--,47,25333,卖盘
812,13:30:52,5.39,--,18,9702,卖盘
813,13:30:49,5.39,--,2,1078,卖盘
814,13:30:43,5.39,--,48,25872,卖盘
815,13:30:16,5.39,--,1900,1024099,卖盘
816,13:30:13,5.39,-0.01,10,5390,卖盘
817,13:30:01,5.4,--,1,540,买盘
818,13:29:58,5.4,--,14,7560,买盘
819,13:29:52,5.4,--,11,5940,卖盘
820,13:29:43,5.4,--,30,16200,卖盘
821,13:29:34,5.4,--,12,6480,卖盘
822,13:29:28,5.4,--,22,11880,卖盘
823,13:29:25,5.4,--,35,18900,卖盘
824,13:29:19,5.4,-0.01,5,2700,卖盘
825,13:29:16,5.41,0.01,104,56264,买盘
826,13:29:13,5.4,--,10,5400,卖盘
827,13:29:07,5.4,--,259,139860,买盘
828,13:28:58,5.4,0.01,120,64800,买盘
829,13:28:49,5.39,--,10,5390,卖盘
830,13:28:37,5.39,-0.01,26,14014,卖盘
831,13:28:28,5.4,--,30,16200,买盘
832,13:28:19,5.4,0.01,20,10800,买盘
833,13:28:07,5.39,--,11,5929,卖盘
834,13:27:46,5.39,-0.01,10,5390,卖盘
835,13:27:31,5.4,--,10,5400,卖盘
836,13:27:28,5.4,--,347,187380,卖盘
837,13:27:25,5.4,--,81,43740,卖盘
838,13:27:22,5.4,--,2,1080,卖盘
839,13:27:16,5.4,--,168,90720,卖盘
840,13:27:04,5.4,--,2,1080,卖盘
841,13:27:01,5.4,--,30,16200,卖盘
842,13:26:58,5.4,--,30,16200,卖盘
843,13:26:55,5.4,--,165,89100,卖盘
844,13:26:52,5.4,--,60,32400,卖盘
845,13:26:46,5.4,--,3,1620,卖盘
846,13:26:43,5.4,--,1,540,卖盘
847,13:26:40,5.4,--,3,1620,卖盘
848,13:26:34,5.4,--,27,14580,卖盘
849,13:26:25,5.4,--,10,5400,卖盘
850,13:26:19,5.4,-0.01,20,10800,卖盘
851,13:26:10,5.41,0.01,10,5410,买盘
852,13:25:55,5.4,-0.01,25,13500,卖盘
853,13:25:52,5.41,--,7,3787,买盘
854,13:25:46,5.41,--,709,383569,卖盘
855,13:25:37,5.41,-0.01,11,5951,卖盘
856,13:25:28,5.42,0.01,1,542,买盘
857,13:25:19,5.41,-0.01,122,66002,卖盘
858,13:25:16,5.42,0.01,1,542,买盘
859,13:25:13,5.41,--,9,4869,卖盘
860,13:25:01,5.41,--,1,541,卖盘
861,13:24:58,5.41,-0.01,400,216400,卖盘
862,13:24:46,5.42,0.01,41,22222,买盘
863,13:24:43,5.41,--,30,16230,卖盘
864,13:24:28,5.41,--,55,29755,卖盘
865,13:24:22,5.41,--,100,54100,卖盘
866,13:24:19,5.41,--,10,5410,卖盘
867,13:24:13,5.41,--,40,21640,卖盘
868,13:24:10,5.41,--,4,2164,卖盘
869,13:24:01,5.41,--,7,3787,卖盘
870,13:23:58,5.41,-0.01,30,16230,卖盘
871,13:23:52,5.42,0.01,1,542,买盘
872,13:23:43,5.41,--,4,2164,卖盘
873,13:23:28,5.41,--,4,2164,卖盘
874,13:23:22,5.41,--,10,5410,卖盘
875,13:23:19,5.41,-0.01,30,16230,卖盘
876,13:23:13,5.42,0.01,351,190242,买盘
877,13:23:07,5.41,--,102,55182,卖盘
878,13:22:58,5.41,--,14,7574,卖盘
879,13:22:55,5.41,--,59,31919,卖盘
880,13:22:40,5.41,-0.01,10,5410,卖盘
881,13:22:37,5.42,0.01,58,31436,买盘
882,13:22:25,5.41,-0.01,10,5410,卖盘
883,13:22:22,5.42,--,145,78590,买盘
884,13:22:16,5.42,--,10,5420,买盘
885,13:22:13,5.42,--,54,29268,买盘
886,13:21:58,5.42,--,16,8672,买盘
887,13:21:46,5.42,--,13,7046,买盘
888,13:21:40,5.42,--,23,12466,买盘
889,13:21:37,5.42,0.01,23,12466,买盘
890,13:21:34,5.41,-0.01,578,312698,卖盘
891,13:21:27,5.42,-0.01,9,4878,卖盘
892,13:21:24,5.43,0.02,23,12489,买盘
893,13:21:18,5.41,-0.01,188,101708,卖盘
894,13:21:12,5.42,--,50,27100,卖盘
895,13:21:09,5.42,--,50,27100,卖盘
896,13:21:06,5.42,0.01,288,156096,买盘
897,13:21:03,5.41,-0.01,24,12984,卖盘
898,13:20:54,5.42,--,2,1084,买盘
899,13:20:51,5.42,0.01,20,10840,买盘
900,13:20:48,5.41,-0.01,58,31378,卖盘
901,13:20:39,5.42,--,59,31978,买盘
902,13:20:15,5.42,0.01,904,489968,买盘
903,13:20:09,5.41,-0.01,10,5410,卖盘
904,13:19:54,5.42,0.01,10,5420,买盘
905,13:19:51,5.41,-0.01,39,21099,卖盘
906,13:19:45,5.42,0.01,6,3252,买盘
907,13:19:42,5.41,-0.01,100,54100,卖盘
908,13:19:36,5.42,--,24,13008,买盘
909,13:19:30,5.42,--,100,54200,买盘
910,13:19:24,5.42,-0.01,328,177776,卖盘
911,13:19:15,5.43,--,227,123261,买盘
912,13:19:12,5.43,--,70,38010,买盘
913,13:19:09,5.43,0.01,63,34209,买盘
914,13:19:06,5.42,--,100,54200,卖盘
915,13:19:00,5.42,-0.01,100,54200,卖盘
916,13:18:57,5.43,0.01,100,54300,买盘
917,13:18:45,5.42,0.01,50,27100,中性盘
918,13:18:42,5.41,-0.01,50,27050,卖盘
919,13:18:39,5.42,--,15,8130,买盘
920,13:18:36,5.42,0.01,25,13550,买盘
921,13:18:21,5.41,--,2,1082,卖盘
922,13:18:18,5.41,-0.01,110,59510,卖盘
923,13:18:15,5.42,--,194,105148,买盘
924,13:18:12,5.42,0.01,66,35772,买盘
925,13:17:57,5.41,--,69,37329,买盘
926,13:17:51,5.41,--,330,178530,买盘
927,13:17:45,5.41,--,10,5410,买盘
928,13:17:42,5.41,--,405,219105,卖盘
929,13:17:33,5.41,--,22,11902,买盘
930,13:17:27,5.41,0.01,32,17312,买盘
931,13:17:21,5.4,-0.02,42,22680,卖盘
932,13:17:18,5.42,0.02,196,106232,买盘
933,13:17:09,5.4,-0.01,12,6480,卖盘
934,13:16:57,5.41,0.01,300,162300,买盘
935,13:16:54,5.4,--,300,162000,卖盘
936,13:16:39,5.4,--,10,5400,卖盘
937,13:16:36,5.4,0.01,510,275745,买盘
938,13:16:27,5.39,-0.01,74,39886,卖盘
939,13:16:21,5.4,--,2,1080,买盘
940,13:16:09,5.4,--,10,5400,买盘
941,13:15:54,5.4,--,63,34020,买盘
942,13:15:33,5.4,0.01,2,1080,买盘
943,13:15:27,5.39,--,5,2695,卖盘
944,13:15:21,5.39,--,20,10780,卖盘
945,13:15:18,5.39,-0.01,13,7007,卖盘
946,13:15:09,5.4,0.01,16,8640,买盘
947,13:15:06,5.39,--,221,119119,卖盘
948,13:14:42,5.39,--,295,159005,买盘
949,13:14:36,5.39,0.01,40,21560,买盘
950,13:14:30,5.38,--,100,53800,卖盘
951,13:14:24,5.38,-0.01,200,107600,卖盘
952,13:14:18,5.39,--,23,12397,买盘
953,13:14:09,5.39,0.01,1,539,买盘
954,13:14:06,5.38,-0.01,55,29590,卖盘
955,13:14:03,5.39,--,204,109956,买盘
956,13:13:54,5.39,0.01,34,18326,买盘
957,13:13:51,5.38,--,22,11836,卖盘
958,13:13:45,5.38,--,4,2152,卖盘
959,13:13:42,5.38,--,9,4842,卖盘
960,13:13:39,5.38,--,36,19368,卖盘
961,13:13:36,5.38,-0.01,8,4304,卖盘
962,13:13:33,5.39,--,123,66297,买盘
963,13:13:27,5.39,0.01,100,53900,买盘
964,13:12:57,5.38,-0.01,2,1076,卖盘
965,13:12:54,5.39,0.01,1,539,买盘
966,13:12:42,5.38,-0.01,4,2152,卖盘
967,13:12:36,5.39,--,110,59290,卖盘
968,13:12:33,5.39,--,19,10241,卖盘
969,13:12:15,5.39,--,1,539,卖盘
970,13:12:09,5.39,--,10,5390,卖盘
971,13:12:06,5.39,--,300,161700,卖盘
972,13:11:57,5.39,-0.01,50,26950,卖盘
973,13:11:42,5.4,--,1,540,买盘
974,13:11:33,5.4,--,1,540,买盘
975,13:11:24,5.4,--,846,456861,卖盘
976,13:11:12,5.4,--,5,2700,卖盘
977,13:10:57,5.4,-0.01,204,110160,卖盘
978,13:10:42,5.41,--,202,109282,买盘
979,13:10:39,5.41,0.01,20,10820,买盘
980,13:10:24,5.4,--,457,246780,卖盘
981,13:10:00,5.4,--,1,540,卖盘
982,13:09:54,5.4,--,12,6480,卖盘
983,13:09:45,5.4,-0.01,1,540,卖盘
984,13:09:39,5.41,--,20,10820,买盘
985,13:09:36,5.41,--,13,7033,买盘
986,13:09:30,5.41,0.01,1,541,买盘
987,13:09:27,5.4,--,5,2700,卖盘
988,13:09:21,5.4,-0.01,112,60480,卖盘
989,13:09:15,5.41,0.01,323,174743,买盘
990,13:09:06,5.4,-0.01,13,7020,卖盘
991,13:08:39,5.41,--,30,16230,买盘
992,13:08:12,5.41,0.01,8,4328,买盘
993,13:07:57,5.4,--,10,5400,卖盘
994,13:07:45,5.4,--,57,30780,卖盘
995,13:07:42,5.4,--,57,30780,卖盘
996,13:07:30,5.4,--,373,201420,卖盘
997,13:07:24,5.4,--,10,5400,卖盘
998,13:07:18,5.4,--,32,17280,卖盘
999,13:07:12,5.4,--,253,137138,卖盘
1000,13:07:09,5.4,-0.01,10,5400,卖盘
1001,13:07:06,5.41,0.01,6,3246,买盘
1002,13:07:03,5.4,-0.01,200,108000,卖盘
1003,13:06:54,5.41,0.01,83,44903,买盘
1004,13:06:51,5.4,--,10,5400,卖盘
1005,13:06:48,5.4,--,10,5400,卖盘
1006,13:06:42,5.4,--,57,30780,卖盘
1007,13:06:30,5.4,--,54,29160,买盘
1008,13:06:24,5.4,--,2,1080,卖盘
1009,13:06:18,5.4,--,11,5940,卖盘
1010,13:06:15,5.4,--,487,262980,买盘
1011,13:06:03,5.4,--,5,2700,买盘
1012,13:05:57,5.4,--,5,2700,买盘
1013,13:05:54,5.4,--,11,5940,买盘
1014,13:05:42,5.4,--,8,4320,买盘
1015,13:05:36,5.4,--,1,540,买盘
1016,13:05:30,5.4,--,140,75600,买盘
1017,13:05:06,5.4,--,2,1080,买盘
1018,13:04:57,5.4,--,1,540,买盘
1019,13:04:51,5.4,-0.01,239,129060,卖盘
1020,13:04:48,5.41,--,50,27050,买盘
1021,13:04:45,5.41,--,5,2705,买盘
1022,13:04:36,5.41,0.01,44,23804,买盘
1023,13:04:33,5.4,-0.01,200,108000,卖盘
1024,13:04:30,5.41,--,593,320813,买盘
1025,13:04:24,5.41,--,30,16230,买盘
1026,13:04:15,5.41,0.01,17,9197,买盘
1027,13:04:03,5.4,--,2,1080,卖盘
1028,13:03:48,5.4,--,1185,640224,买盘
1029,13:03:45,5.4,0.01,2,1080,买盘
1030,13:03:42,5.39,--,210,113190,卖盘
1031,13:03:36,5.39,--,12,6468,卖盘
1032,13:03:15,5.39,--,3,1617,买盘
1033,13:03:12,5.39,--,37,19943,卖盘
1034,13:03:03,5.39,--,473,254946,买盘
1035,13:02:32,5.39,--,21,11319,买盘
1036,13:01:38,5.39,--,167,90013,卖盘
1037,13:01:35,5.39,--,54,29106,卖盘
1038,13:01:17,5.39,--,17,9163,卖盘
1039,13:01:11,5.39,--,667,359513,买盘
1040,13:01:02,5.39,--,21,11319,卖盘
1041,13:00:59,5.39,--,9,4851,买盘
1042,13:00:56,5.39,--,161,86779,买盘
1043,13:00:38,5.39,--,1,539,买盘
1044,13:00:26,5.39,0.01,7,3773,买盘
1045,13:00:20,5.38,-0.01,1,538,卖盘
1046,13:00:17,5.39,--,50,26950,买盘
1047,13:00:14,5.39,--,20,10780,买盘
1048,13:00:11,5.39,0.01,181,97559,买盘
1049,13:00:08,5.38,-0.01,494,265772,卖盘
1050,13:00:02,5.39,0.01,56,30184,买盘
1051,11:30:01,5.38,--,11,5918,卖盘
1052,11:29:43,5.38,--,30,16140,卖盘
1053,11:29:40,5.38,--,15,8070,卖盘
1054,11:29:34,5.38,--,595,320110,买盘
1055,11:29:25,5.38,0.01,14,7532,买盘
1056,11:29:19,5.37,-0.01,48,25776,卖盘
1057,11:29:16,5.38,0.01,46,24748,买盘
1058,11:29:04,5.37,--,10,5370,卖盘
1059,11:28:52,5.37,--,30,16110,卖盘
1060,11:28:34,5.37,--,1,537,卖盘
1061,11:28:22,5.37,0.01,92,49404,买盘
1062,11:27:58,5.36,--,5,2680,卖盘
1063,11:27:40,5.36,-0.01,130,69680,卖盘
1064,11:27:37,5.37,0.01,13,6981,中性盘
1065,11:27:19,5.36,-0.01,44,23584,卖盘
1066,11:27:07,5.37,--,23,12845,买盘
1067,11:27:01,5.37,--,10,5370,买盘
1068,11:26:43,5.37,--,6,3264,卖盘
1069,11:26:28,5.37,--,11,5907,卖盘
1070,11:26:19,5.37,--,14,7518,卖盘
1071,11:26:16,5.37,--,5,2685,卖盘
1072,11:26:10,5.37,--,8,4296,卖盘
1073,11:25:58,5.37,--,1,537,卖盘
1074,11:25:49,5.37,0.01,24,13382,买盘
1075,11:25:40,5.36,-0.01,100,53600,卖盘
1076,11:25:31,5.37,--,1,537,买盘
1077,11:25:28,5.37,--,3,1611,买盘
1078,11:25:16,5.37,--,21,11319,卖盘
1079,11:25:07,5.37,--,30,16110,卖盘
1080,11:24:55,5.37,-0.01,244,131028,卖盘
1081,11:24:43,5.38,0.01,72,38736,买盘
1082,11:24:31,5.37,0.01,426,229256,买盘
1083,11:24:28,5.36,--,10,5360,卖盘
1084,11:24:25,5.36,--,51,27336,卖盘
1085,11:24:10,5.36,-0.01,10,5360,卖盘
1086,11:24:01,5.37,0.01,1,537,买盘
1087,11:23:49,5.36,--,1,536,卖盘
1088,11:23:43,5.36,--,10,5360,卖盘
1089,11:23:34,5.36,--,20,10720,卖盘
1090,11:23:09,5.36,--,2,1072,卖盘
1091,11:22:57,5.36,--,177,94872,卖盘
1092,11:22:48,5.36,--,5,2680,卖盘
1093,11:22:36,5.36,--,15,8040,卖盘
1094,11:22:27,5.36,-0.01,30,16080,卖盘
1095,11:22:18,5.37,0.01,2,1074,买盘
1096,11:22:12,5.36,--,42,22512,卖盘
1097,11:22:00,5.36,--,60,32160,卖盘
1098,11:21:54,5.36,--,1,536,卖盘
1099,11:21:39,5.36,--,5,2680,卖盘
1100,11:21:21,5.36,--,15,8040,卖盘
1101,11:21:18,5.36,-0.01,27,14472,卖盘
1102,11:21:09,5.37,0.01,47,25604,买盘
1103,11:21:03,5.36,--,22,11792,卖盘
1104,11:20:39,5.36,-0.01,10,5360,卖盘
1105,11:20:06,5.37,0.01,100,53700,买盘
1106,11:20:03,5.36,-0.01,13,6968,卖盘
1107,11:19:30,5.37,0.01,29,15573,买盘
1108,11:19:18,5.36,--,8,4288,卖盘
1109,11:19:09,5.36,-0.01,20,10720,卖盘
1110,11:19:06,5.37,0.01,80,42960,买盘
1111,11:19:00,5.36,-0.01,50,26800,卖盘
1112,11:18:48,5.37,--,20,10740,买盘
1113,11:18:45,5.37,0.01,51,27387,买盘
1114,11:18:27,5.36,--,1,536,卖盘
1115,11:18:24,5.36,-0.01,27,14472,卖盘
1116,11:18:18,5.37,0.01,6,3222,买盘
1117,11:18:09,5.36,-0.01,2,1072,卖盘
1118,11:17:45,5.37,0.01,58,31146,买盘
1119,11:17:30,5.36,--,79,42344,卖盘
1120,11:17:27,5.36,--,2,1072,卖盘
1121,11:17:21,5.36,-0.01,3,1608,卖盘
1122,11:17:15,5.37,0.01,13,6981,买盘
1123,11:16:54,5.36,--,5,2680,卖盘
1124,11:16:42,5.36,--,90,48240,买盘
1125,11:16:39,5.36,--,6,3216,买盘
1126,11:16:30,5.36,--,10,5360,买盘
1127,11:16:21,5.36,0.01,100,53600,买盘
1128,11:16:12,5.35,--,57,30494,卖盘
1129,11:15:57,5.35,-0.01,70,37450,卖盘
1130,11:15:45,5.36,0.01,3,1608,买盘
1131,11:15:42,5.35,-0.01,5,2675,卖盘
1132,11:15:30,5.36,--,86,46096,买盘
1133,11:15:27,5.36,--,70,37520,买盘
1134,11:15:21,5.36,--,28,15008,买盘
1135,11:15:12,5.36,--,19,10184,买盘
1136,11:15:03,5.36,--,111,59496,买盘
1137,11:14:51,5.36,--,40,21440,买盘
1138,11:14:48,5.36,0.01,10,5360,买盘
1139,11:14:39,5.35,-0.01,20,10700,卖盘
1140,11:14:36,5.36,--,20,10720,买盘
1141,11:14:30,5.36,--,1,536,买盘
1142,11:14:21,5.36,--,44,23584,买盘
1143,11:14:18,5.36,--,26,13936,买盘
1144,11:14:03,5.36,--,10,5360,买盘
1145,11:13:51,5.36,--,13,6968,买盘
1146,11:13:42,5.36,--,11,5896,买盘
1147,11:13:30,5.36,--,3,1608,买盘
1148,11:13:24,5.36,--,20,10720,买盘
1149,11:13:21,5.36,--,136,72896,卖盘
1150,11:13:06,5.36,--,25,13400,卖盘
1151,11:12:51,5.36,-0.01,2,1072,卖盘
1152,11:12:48,5.37,0.01,50,26850,买盘
1153,11:12:33,5.36,--,124,66464,卖盘
1154,11:12:30,5.36,--,50,26800,卖盘
1155,11:12:24,5.36,--,50,26800,卖盘
1156,11:12:15,5.36,--,6,3216,卖盘
1157,11:12:12,5.36,--,85,45560,买盘
1158,11:12:09,5.36,--,2,1072,买盘
1159,11:12:06,5.36,--,49,26264,买盘
1160,11:11:57,5.36,0.01,49,26264,买盘
1161,11:11:54,5.35,-0.01,1,535,卖盘
1162,11:11:48,5.36,0.01,23,12328,买盘
1163,11:11:45,5.35,--,55,29424,卖盘
1164,11:11:42,5.35,--,5,2675,卖盘
1165,11:11:39,5.35,--,11,5885,卖盘
1166,11:11:27,5.35,-0.01,20,10700,卖盘
1167,11:11:15,5.36,0.01,19,10184,买盘
1168,11:11:09,5.35,--,102,54570,卖盘
1169,11:11:06,5.35,--,49,26503,买盘
1170,11:11:00,5.35,-0.01,252,135066,卖盘
1171,11:10:57,5.36,0.01,200,107200,买盘
1172,11:10:39,5.35,--,400,214000,卖盘
1173,11:10:30,5.35,--,5,2675,卖盘
1174,11:10:24,5.35,--,12,6420,卖盘
1175,11:10:15,5.35,-0.01,560,299600,卖盘
1176,11:10:12,5.36,--,20,10720,买盘
1177,11:10:09,5.36,--,30,16080,买盘
1178,11:10:03,5.36,--,100,53600,买盘
1179,11:10:00,5.36,--,11,5896,买盘
1180,11:09:54,5.36,--,20,10720,买盘
1181,11:09:51,5.36,--,653,350008,卖盘
1182,11:09:48,5.36,--,296,158656,卖盘
1183,11:09:27,5.36,--,86,46096,卖盘
1184,11:09:15,5.36,-0.01,73,39128,卖盘
1185,11:09:09,5.37,--,5,2685,买盘
1186,11:09:03,5.37,0.01,21,11277,买盘
1187,11:08:54,5.36,--,2,1072,卖盘
1188,11:08:39,5.36,--,20,10720,卖盘
1189,11:08:36,5.36,-0.01,810,434160,卖盘
1190,11:08:30,5.37,--,113,60681,买盘
1191,11:08:12,5.37,--,23,12351,卖盘
1192,11:08:09,5.37,-0.02,27,14499,卖盘
1193,11:08:03,5.39,--,100,53900,买盘
1194,11:08:00,5.39,0.02,21,11319,买盘
1195,11:07:57,5.37,--,5,2685,卖盘
1196,11:07:51,5.37,-0.02,44,23628,卖盘
1197,11:07:42,5.39,0.02,100,53900,买盘
1198,11:07:39,5.37,-0.02,1,537,卖盘
1199,11:07:30,5.39,0.02,21,11319,买盘
1200,11:07:15,5.37,-0.01,80,42960,卖盘
1201,11:07:12,5.38,-0.01,12,6456,中性盘
1202,11:07:03,5.39,0.01,100,53900,买盘
1203,11:06:57,5.38,0.01,47,25286,买盘
1204,11:06:54,5.37,--,20,10740,卖盘
1205,11:06:48,5.37,-0.02,9,4833,卖盘
1206,11:06:36,5.39,0.02,100,53900,买盘
1207,11:06:21,5.37,-0.01,10,5370,卖盘
1208,11:06:12,5.38,0.01,10,5380,买盘
1209,11:06:06,5.37,-0.01,50,26850,卖盘
1210,11:05:54,5.38,--,2,1076,买盘
1211,11:05:51,5.38,--,100,53800,买盘
1212,11:05:33,5.38,0.01,43,23134,买盘
1213,11:05:30,5.37,--,40,21480,卖盘
1214,11:05:21,5.37,--,1,537,卖盘
1215,11:05:18,5.37,--,30,16110,卖盘
1216,11:05:12,5.37,0.01,48,25776,买盘
1217,11:05:09,5.36,-0.01,3,1608,卖盘
1218,11:04:51,5.37,0.01,2,1074,买盘
1219,11:04:45,5.36,-0.01,3,1608,卖盘
1220,11:04:39,5.37,0.01,14,7518,买盘
1221,11:04:33,5.36,-0.01,72,38592,卖盘
1222,11:04:30,5.37,0.01,200,107400,买盘
1223,11:04:27,5.36,--,10,5360,卖盘
1224,11:04:21,5.36,--,1167,625512,卖盘
1225,11:04:18,5.36,--,7,3752,卖盘
1226,11:04:06,5.36,--,5,2680,卖盘
1227,11:04:00,5.36,--,8,4288,卖盘
1228,11:03:51,5.36,-0.01,46,24656,卖盘
1229,11:03:42,5.37,0.01,28,15036,买盘
1230,11:03:33,5.36,--,5,2680,卖盘
1231,11:03:12,5.36,-0.01,40,21440,卖盘
1232,11:03:09,5.37,-0.01,939,504243,卖盘
1233,11:02:53,5.38,--,1093,588034,卖盘
1234,11:02:41,5.38,--,57,30666,卖盘
1235,11:02:35,5.38,--,43,23134,卖盘
1236,11:02:26,5.38,--,2049,1102362,卖盘
1237,11:02:20,5.38,--,10,5380,卖盘
1238,11:02:17,5.38,-0.01,77,41426,卖盘
1239,11:02:14,5.39,--,11,5929,买盘
1240,11:02:11,5.39,--,35,18865,买盘
1241,11:01:59,5.39,--,9,4851,买盘
1242,11:01:56,5.39,--,1027,553553,卖盘
1243,11:01:41,5.39,--,90,48510,卖盘
1244,11:01:05,5.39,--,100,53900,卖盘
1245,11:00:59,5.39,--,10,5390,卖盘
1246,11:00:53,5.39,--,3,1617,卖盘
1247,11:00:50,5.39,-0.01,19,10241,卖盘
1248,11:00:35,5.4,--,50,27000,买盘
1249,11:00:32,5.4,--,1,540,买盘
1250,11:00:14,5.4,0.01,1,540,买盘
1251,11:00:02,5.39,-0.01,31,16709,卖盘
1252,10:59:56,5.4,0.01,40,21600,买盘
1253,10:59:53,5.39,-0.01,6,3234,卖盘
1254,10:59:50,5.4,0.01,7,3780,买盘
1255,10:59:35,5.39,-0.01,114,61445,卖盘
1256,10:59:32,5.4,--,100,54000,买盘
1257,10:59:17,5.4,--,90,48600,买盘
1258,10:59:14,5.4,0.01,14,7560,买盘
1259,10:59:08,5.39,-0.01,2,1078,卖盘
1260,10:59:02,5.4,0.01,315,170100,买盘
1261,10:58:56,5.39,-0.01,5,2695,卖盘
1262,10:58:53,5.4,--,34,18360,买盘
1263,10:58:50,5.4,--,10,5400,买盘
1264,10:58:38,5.4,--,38,20520,买盘
1265,10:58:35,5.4,--,338,182520,买盘
1266,10:58:23,5.4,--,5,2700,买盘
1267,10:58:20,5.4,0.01,13,7020,买盘
1268,10:58:08,5.39,-0.01,5,2695,卖盘
1269,10:58:05,5.4,0.01,4,2160,买盘
1270,10:58:02,5.39,-0.01,8,4312,卖盘
1271,10:57:50,5.4,--,5,2700,买盘
1272,10:57:35,5.4,--,10,5400,买盘
1273,10:57:23,5.4,--,59,31860,买盘
1274,10:57:05,5.4,--,50,27000,买盘
1275,10:56:59,5.4,--,11,5940,买盘
1276,10:56:56,5.4,0.01,8,4320,买盘
1277,10:56:53,5.39,-0.01,5,2695,卖盘
1278,10:56:47,5.4,--,25,13500,买盘
1279,10:56:41,5.4,0.01,100,54000,买盘
1280,10:56:35,5.39,-0.01,50,26950,卖盘
1281,10:56:29,5.4,--,7,3780,买盘
1282,10:56:26,5.4,0.01,100,54000,买盘
1283,10:56:23,5.39,--,20,10780,卖盘
1284,10:56:20,5.39,-0.01,179,96481,卖盘
1285,10:56:14,5.4,0.01,20,10800,买盘
1286,10:56:11,5.39,-0.01,101,54439,卖盘
1287,10:56:08,5.4,--,4,2160,买盘
1288,10:56:02,5.4,0.01,40,21600,买盘
1289,10:55:59,5.39,-0.01,101,54439,卖盘
1290,10:55:56,5.4,--,1,540,买盘
1291,10:55:35,5.4,--,100,54000,买盘
1292,10:55:29,5.4,--,34,18360,买盘
1293,10:55:26,5.4,0.02,100,54000,买盘
1294,10:55:23,5.38,--,30,16140,卖盘
1295,10:55:20,5.38,--,12,6456,卖盘
1296,10:55:17,5.38,-0.01,2,1076,卖盘
1297,10:55:14,5.39,0.01,112,60368,中性盘
1298,10:55:02,5.38,-0.02,110,59180,卖盘
1299,10:54:59,5.4,0.01,100,54000,买盘
1300,10:54:56,5.39,--,10,5390,买盘
1301,10:54:50,5.39,--,1,539,买盘
1302,10:54:38,5.39,-0.01,96,51744,卖盘
1303,10:54:32,5.4,--,29,15660,买盘
1304,10:54:29,5.4,0.01,100,54000,买盘
1305,10:54:08,5.39,--,20,10780,卖盘
1306,10:54:05,5.39,-0.01,36,19404,中性盘
1307,10:53:59,5.4,0.01,112,60480,买盘
1308,10:53:53,5.39,0.01,100,53900,买盘
1309,10:53:50,5.38,--,11,5918,卖盘
1310,10:53:41,5.38,--,10,5380,卖盘
1311,10:53:32,5.38,-0.01,165,88770,卖盘
1312,10:53:29,5.39,--,100,53900,买盘
1313,10:53:23,5.39,--,100,53900,买盘
1314,10:53:11,5.39,0.01,100,53900,买盘
1315,10:53:08,5.38,--,20,10760,卖盘
1316,10:53:05,5.38,-0.01,20,10760,卖盘
1317,10:53:02,5.39,--,100,53900,买盘
1318,10:52:56,5.39,--,10,5390,买盘
1319,10:52:53,5.39,0.01,135,72765,买盘
1320,10:52:47,5.38,-0.01,3,1614,卖盘
1321,10:52:32,5.39,0.01,100,53900,买盘
1322,10:52:29,5.38,--,97,52186,买盘
1323,10:52:23,5.38,--,104,55952,买盘
1324,10:52:20,5.38,--,3,1614,买盘
1325,10:52:17,5.38,--,170,91460,买盘
1326,10:52:14,5.38,--,205,110290,买盘
1327,10:52:05,5.38,0.01,27,14526,买盘
1328,10:52:02,5.37,-0.01,23,12351,卖盘
1329,10:51:53,5.38,0.01,1,538,买盘
1330,10:51:44,5.37,-0.01,98,52626,卖盘
1331,10:51:38,5.38,0.01,33,17754,买盘
1332,10:51:32,5.37,-0.01,51,27387,卖盘
1333,10:51:29,5.38,--,70,37660,买盘
1334,10:51:23,5.38,--,29,15602,买盘
1335,10:51:20,5.38,--,11,5918,买盘
1336,10:51:14,5.38,--,501,269538,买盘
1337,10:51:11,5.38,--,20,10760,买盘
1338,10:51:02,5.38,--,210,112980,买盘
1339,10:50:59,5.38,--,201,108138,买盘
1340,10:50:56,5.38,--,76,40888,卖盘
1341,10:50:44,5.38,--,10,5380,卖盘
1342,10:50:41,5.38,--,2,1076,买盘
1343,10:50:38,5.38,--,18,9684,买盘
1344,10:50:35,5.38,0.01,30,16140,买盘
1345,10:50:23,5.37,--,769,412953,买盘
1346,10:50:20,5.37,--,2,1074,买盘
1347,10:50:17,5.37,--,50,26850,买盘
1348,10:50:14,5.37,0.01,250,134250,买盘
1349,10:50:11,5.36,--,682,365552,卖盘
1350,10:50:05,5.36,-0.01,10,5360,卖盘
1351,10:49:59,5.37,0.01,113,60681,买盘
1352,10:49:56,5.36,--,1,536,卖盘
1353,10:49:53,5.36,--,310,166160,卖盘
1354,10:49:50,5.36,--,30,16080,卖盘
1355,10:49:47,5.36,-0.01,50,26800,卖盘
1356,10:49:44,5.37,--,42,22554,买盘
1357,10:49:41,5.37,--,130,69810,买盘
1358,10:49:38,5.37,0.01,36,19332,买盘
1359,10:49:35,5.36,-0.01,11,5896,卖盘
1360,10:49:32,5.37,--,50,26850,买盘
1361,10:49:29,5.37,--,18,9666,买盘
1362,10:49:26,5.37,--,5,2685,买盘
1363,10:49:23,5.37,--,21,11277,买盘
1364,10:49:20,5.37,--,5,2685,买盘
1365,10:49:08,5.37,--,131,70347,买盘
1366,10:49:05,5.37,--,2,1074,买盘
1367,10:49:02,5.37,-0.01,36,19332,卖盘
1368,10:48:47,5.38,0.01,222,119436,买盘
1369,10:48:44,5.37,-0.01,24,12888,卖盘
1370,10:48:41,5.38,--,66,35508,买盘
1371,10:48:38,5.38,--,12,6456,买盘
1372,10:48:35,5.38,--,42,22596,买盘
1373,10:48:32,5.38,--,30,16140,买盘
1374,10:48:29,5.38,--,519,279222,卖盘
1375,10:48:26,5.38,-0.02,102,54876,卖盘
1376,10:48:14,5.4,0.01,20,10800,买盘
1377,10:48:08,5.39,-0.01,10,5390,中性盘
1378,10:48:02,5.4,--,115,62100,买盘
1379,10:47:53,5.4,--,19,10260,买盘
1380,10:47:44,5.4,--,31,16740,买盘
1381,10:47:41,5.4,0.01,20,10800,买盘
1382,10:47:32,5.39,-0.01,88,47432,卖盘
1383,10:47:26,5.4,--,351,189540,买盘
1384,10:47:20,5.4,--,20,10800,买盘
1385,10:47:17,5.4,0.01,52,28080,买盘
1386,10:47:14,5.39,-0.01,531,286209,卖盘
1387,10:47:11,5.4,--,168,90720,买盘
1388,10:47:08,5.4,0.01,110,59400,买盘
1389,10:47:05,5.39,--,20,10780,卖盘
1390,10:46:59,5.39,-0.01,130,70070,卖盘
1391,10:46:53,5.4,--,39,21060,买盘
1392,10:46:41,5.4,--,1,540,买盘
1393,10:46:38,5.4,--,20,10800,买盘
1394,10:46:29,5.4,--,10,5400,买盘
1395,10:46:26,5.4,--,75,40716,卖盘
1396,10:46:20,5.4,--,69,37260,卖盘
1397,10:46:14,5.4,--,25,13500,卖盘
1398,10:46:08,5.4,--,35,19224,买盘
1399,10:46:02,5.4,--,17,9180,买盘
1400,10:45:59,5.4,--,2,1296,卖盘
1401,10:45:56,5.4,--,48,26244,买盘
1402,10:45:53,5.4,--,3,1620,买盘
1403,10:45:50,5.4,--,93,50220,买盘
1404,10:45:41,5.4,-0.01,169,91476,卖盘
1405,10:45:32,5.41,--,2,1082,买盘
1406,10:45:29,5.41,0.01,100,54100,买盘
1407,10:45:23,5.4,-0.01,6,3240,卖盘
1408,10:45:20,5.41,0.01,10,5410,买盘
1409,10:45:17,5.4,--,5,2700,卖盘
1410,10:45:07,5.4,--,10,5400,卖盘
1411,10:45:04,5.4,-0.01,390,210600,卖盘
1412,10:44:52,5.41,--,631,341371,卖盘
1413,10:44:49,5.41,--,118,63838,卖盘
1414,10:44:46,5.41,--,8,4328,卖盘
1415,10:44:43,5.41,--,10,5410,卖盘
1416,10:44:40,5.41,--,626,338666,卖盘
1417,10:44:37,5.41,-0.01,43,23263,卖盘
1418,10:44:22,5.42,--,117,63414,买盘
1419,10:44:19,5.42,--,45,24390,卖盘
1420,10:44:16,5.42,-0.01,142,76964,卖盘
1421,10:44:07,5.43,0.01,220,119460,买盘
1422,10:44:04,5.42,--,70,37940,卖盘
1423,10:43:58,5.42,-0.01,40,21680,卖盘
1424,10:43:46,5.43,--,59,32037,买盘
1425,10:43:43,5.43,--,48,26064,买盘
1426,10:43:37,5.43,--,87,47241,卖盘
1427,10:43:31,5.43,--,30,16290,卖盘
1428,10:43:28,5.43,--,223,121089,买盘
1429,10:43:22,5.43,--,50,27150,卖盘
1430,10:43:13,5.43,--,1,543,卖盘
1431,10:43:10,5.43,--,142,77106,卖盘
1432,10:43:07,5.43,--,323,175389,卖盘
1433,10:43:04,5.43,-0.01,22,11946,卖盘
1434,10:42:55,5.44,--,1071,582624,卖盘
1435,10:42:52,5.44,--,300,163200,卖盘
1436,10:42:49,5.44,-0.01,57,31008,卖盘
1437,10:42:43,5.45,0.01,209,113905,买盘
1438,10:42:40,5.44,--,428,232832,买盘
1439,10:42:37,5.44,--,14,7616,买盘
1440,10:42:31,5.44,--,80,43520,买盘
1441,10:42:28,5.44,0.01,106,57664,买盘
1442,10:42:19,5.43,--,3,1629,卖盘
1443,10:42:16,5.43,--,5,2715,卖盘
1444,10:42:10,5.43,--,360,195675,买盘
1445,10:42:04,5.43,0.01,19,10317,买盘
1446,10:41:58,5.42,--,20,10840,卖盘
1447,10:41:55,5.42,0.01,823,446066,买盘
1448,10:41:49,5.41,--,8,4328,卖盘
1449,10:41:46,5.41,--,63,34083,卖盘
1450,10:41:43,5.41,--,30,16230,卖盘
1451,10:41:40,5.41,--,57,30837,买盘
1452,10:41:37,5.41,--,790,427887,买盘
1453,10:41:25,5.41,--,323,174743,卖盘
1454,10:41:22,5.41,-0.01,3,1623,卖盘
1455,10:41:19,5.42,--,200,108400,买盘
1456,10:41:13,5.42,--,1,542,买盘
1457,10:41:10,5.42,0.01,12,6504,买盘
1458,10:41:07,5.41,-0.01,236,127676,卖盘
1459,10:41:04,5.42,0.01,200,108400,卖盘
1460,10:40:55,5.41,0.01,6,3246,卖盘
1461,10:40:52,5.4,--,48,25920,卖盘
1462,10:40:49,5.4,-0.02,6,3240,卖盘
1463,10:40:46,5.42,--,20,10840,买盘
1464,10:40:43,5.42,0.01,50,27100,买盘
1465,10:40:40,5.41,-0.01,6,3246,卖盘
1466,10:40:37,5.42,0.01,47,25474,买盘
1467,10:40:34,5.41,-0.01,401,216941,卖盘
1468,10:40:31,5.42,--,50,27100,买盘
1469,10:40:25,5.42,--,24,13008,买盘
1470,10:40:22,5.42,--,233,126643,卖盘
1471,10:40:19,5.42,--,100,54200,卖盘
1472,10:40:16,5.42,--,39,21138,卖盘
1473,10:40:13,5.42,--,500,271000,卖盘
1474,10:40:10,5.42,-0.01,17,9214,卖盘
1475,10:40:07,5.43,0.01,166,90138,买盘
1476,10:40:04,5.42,--,1,542,卖盘
1477,10:40:01,5.42,--,1,542,卖盘
1478,10:39:58,5.42,0.02,1044,566032,买盘
1479,10:39:46,5.4,--,1,540,卖盘
1480,10:39:40,5.4,-0.01,20,10800,卖盘
1481,10:39:37,5.41,0.01,130,70330,买盘
1482,10:39:31,5.4,-0.01,20,11167,卖盘
1483,10:39:28,5.41,--,21,11361,买盘
1484,10:39:22,5.41,0.01,1,541,买盘
1485,10:39:16,5.4,--,50,27000,卖盘
1486,10:39:10,5.4,--,13,7020,买盘
1487,10:39:07,5.4,--,63,34020,买盘
1488,10:39:04,5.4,--,22,11880,买盘
1489,10:39:01,5.4,-0.01,1,540,买盘
1490,10:38:55,5.41,--,8,4328,卖盘
1491,10:38:52,5.41,-0.01,909,491769,中性盘
1492,10:38:43,5.42,0.01,4,2168,买盘
1493,10:38:37,5.41,-0.01,838,453704,卖盘
1494,10:38:31,5.42,--,31,16802,买盘
1495,10:38:28,5.42,-0.01,71,38482,卖盘
1496,10:38:25,5.43,0.01,55,29865,买盘
1497,10:38:22,5.42,-0.01,15,8130,卖盘
1498,10:38:16,5.43,--,6,3258,买盘
1499,10:38:10,5.43,--,103,55929,卖盘
1500,10:38:07,5.43,--,120,65160,卖盘
1501,10:38:04,5.43,--,3,1629,卖盘
1502,10:38:01,5.43,--,5,2715,卖盘
1503,10:37:58,5.43,--,25,13575,买盘
1504,10:37:43,5.43,--,23,12489,卖盘
1505,10:37:37,5.43,--,9,4887,卖盘
1506,10:37:28,5.43,-0.01,1,543,卖盘
1507,10:37:25,5.44,0.01,11,5984,买盘
1508,10:37:22,5.43,--,4,2172,卖盘
1509,10:37:19,5.43,--,10,5430,卖盘
1510,10:37:16,5.43,0.01,5,2715,中性盘
1511,10:37:10,5.42,--,153,82926,卖盘
1512,10:37:07,5.42,-0.01,23,12466,卖盘
1513,10:37:04,5.43,0.01,11,5973,买盘
1514,10:37:01,5.42,-0.01,2,1084,卖盘
1515,10:36:58,5.43,--,10,5430,买盘
1516,10:36:52,5.43,0.01,10,5430,买盘
1517,10:36:46,5.42,--,122,66124,卖盘
1518,10:36:31,5.42,-0.02,4,2168,买盘
1519,10:36:28,5.44,0.03,200,108800,买盘
1520,10:36:25,5.41,-0.01,800,432800,卖盘
1521,10:36:19,5.42,--,332,180139,买盘
1522,10:36:16,5.42,-0.01,216,117418,卖盘
1523,10:36:10,5.43,--,10,5430,买盘
1524,10:36:07,5.43,0.01,20,10860,买盘
1525,10:36:04,5.42,-0.01,37,20054,卖盘
1526,10:36:01,5.43,0.01,260,141180,中性盘
1527,10:35:55,5.42,-0.02,430,233060,卖盘
1528,10:35:46,5.44,--,25,13600,买盘
1529,10:35:34,5.44,0.01,4,2176,中性盘
1530,10:35:25,5.43,-0.01,364,197652,卖盘
1531,10:35:22,5.44,--,12,6528,卖盘
1532,10:35:16,5.44,--,171,93024,卖盘
1533,10:35:10,5.44,--,32,17408,卖盘
1534,10:35:07,5.44,-0.01,51,27744,卖盘
1535,10:35:04,5.45,--,43,23435,买盘
1536,10:35:01,5.45,--,10,5450,买盘
1537,10:34:58,5.45,--,216,117720,卖盘
1538,10:34:55,5.45,-0.02,6,3270,卖盘
1539,10:34:49,5.47,--,1,547,买盘
1540,10:34:46,5.47,0.01,78,42666,买盘
1541,10:34:43,5.46,--,117,63882,卖盘
1542,10:34:40,5.46,--,14,7644,卖盘
1543,10:34:37,5.46,--,130,70980,卖盘
1544,10:34:31,5.46,-0.01,104,56784,卖盘
1545,10:34:25,5.47,--,26,14222,买盘
1546,10:34:22,5.47,-0.01,59,32273,买盘
1547,10:34:19,5.48,--,42,23016,买盘
1548,10:34:13,5.48,0.01,52,28496,买盘
1549,10:34:10,5.47,-0.01,41,22427,卖盘
1550,10:34:04,5.48,--,132,72336,卖盘
1551,10:34:01,5.48,--,72,39456,卖盘
1552,10:33:58,5.48,-0.01,244,133712,卖盘
1553,10:33:55,5.49,0.01,76,41724,买盘
1554,10:33:52,5.48,--,129,70692,买盘
1555,10:33:49,5.48,-0.02,96,52608,卖盘
1556,10:33:43,5.5,--,51,28050,买盘
1557,10:33:37,5.5,--,12,6600,买盘
1558,10:33:34,5.5,0.02,225,123750,买盘
1559,10:33:31,5.48,-0.02,629,344692,卖盘
1560,10:33:28,5.5,--,56,30800,卖盘
1561,10:33:25,5.5,--,34,18700,卖盘
1562,10:33:22,5.5,--,507,278850,卖盘
1563,10:33:16,5.5,0.03,4187,2302850,买盘
1564,10:33:13,5.47,0.01,42,22974,买盘
1565,10:33:10,5.46,-0.02,120,65520,卖盘
1566,10:33:07,5.48,0.02,292,160016,买盘
1567,10:33:04,5.46,--,85,46410,卖盘
1568,10:33:01,5.46,--,3,1638,卖盘
1569,10:32:55,5.46,-0.01,1142,623532,中性盘
1570,10:32:52,5.47,0.02,660,361020,买盘
1571,10:32:49,5.45,--,33,17985,卖盘
1572,10:32:46,5.45,--,10,5450,卖盘
1573,10:32:43,5.45,0.02,1682,916690,买盘
1574,10:32:40,5.43,-0.01,282,153126,卖盘
1575,10:32:37,5.44,--,6,3264,买盘
1576,10:32:34,5.44,--,100,54400,买盘
1577,10:32:28,5.44,0.01,22,11968,买盘
1578,10:32:22,5.43,--,456,247890,买盘
1579,10:32:16,5.43,--,200,108600,买盘
1580,10:32:13,5.43,--,37,20091,买盘
1581,10:32:07,5.43,--,60,32580,买盘
1582,10:32:04,5.43,0.01,40,21720,买盘
1583,10:32:01,5.42,--,588,318869,买盘
1584,10:31:55,5.42,--,129,69918,买盘
1585,10:31:52,5.42,--,52,28184,买盘
1586,10:31:46,5.42,0.01,181,98102,买盘
1587,10:31:43,5.41,--,54,29516,卖盘
1588,10:31:37,5.41,--,5,2705,卖盘
1589,10:31:34,5.41,0.01,305,165005,买盘
1590,10:31:25,5.4,--,33,17820,卖盘
1591,10:31:22,5.4,--,537,290174,买盘
1592,10:31:19,5.4,--,351,189540,买盘
1593,10:31:16,5.4,--,69,37260,买盘
1594,10:31:13,5.4,--,1590,858600,买盘
1595,10:31:01,5.4,0.01,171,92340,买盘
1596,10:30:58,5.39,--,10,5390,卖盘
1597,10:30:55,5.39,--,22,11858,卖盘
1598,10:30:52,5.39,--,12,6468,卖盘
1599,10:30:46,5.39,--,129,69531,卖盘
1600,10:30:40,5.39,-0.01,105,56595,卖盘
1601,10:30:37,5.4,--,50,27000,买盘
1602,10:30:34,5.4,--,10,5400,买盘
1603,10:30:28,5.4,0.01,80,43200,买盘
1604,10:30:22,5.39,-0.01,20,10780,卖盘
1605,10:30:19,5.4,0.01,63,34020,买盘
1606,10:30:16,5.39,-0.01,13,7007,卖盘
1607,10:30:10,5.4,0.01,50,27000,买盘
1608,10:30:07,5.39,0.01,21,11319,买盘
1609,10:30:04,5.38,--,30,16140,卖盘
1610,10:30:01,5.38,-0.01,772,415336,卖盘
1611,10:29:58,5.39,--,209,112651,买盘
1612,10:29:49,5.39,--,15,8084,买盘
1613,10:29:46,5.39,--,16,8624,买盘
1614,10:29:43,5.39,--,166,89474,买盘
1615,10:29:40,5.39,--,77,41503,买盘
1616,10:29:31,5.39,0.01,543,292677,买盘
1617,10:29:28,5.38,-0.01,700,376600,卖盘
1618,10:29:25,5.39,--,5,2695,买盘
1619,10:29:22,5.39,--,236,127203,买盘
1620,10:29:19,5.39,--,40,21560,买盘
1621,10:29:16,5.39,0.01,50,26950,买盘
1622,10:29:13,5.38,--,21,11298,卖盘
1623,10:29:10,5.38,-0.01,40,21520,卖盘
1624,10:29:07,5.39,0.01,16,8624,买盘
1625,10:29:04,5.38,-0.01,5,2690,卖盘
1626,10:29:01,5.39,0.01,1,539,买盘
1627,10:28:52,5.38,-0.01,10,5380,卖盘
1628,10:28:46,5.39,0.01,65,35035,买盘
1629,10:28:43,5.38,--,56,30128,卖盘
1630,10:28:40,5.38,--,2,1076,卖盘
1631,10:28:37,5.38,-0.01,50,26900,卖盘
1632,10:28:34,5.39,--,6,3234,买盘
1633,10:28:31,5.39,--,43,23177,买盘
1634,10:28:28,5.39,--,4,2156,买盘
1635,10:28:22,5.39,-0.01,228,122891,卖盘
1636,10:28:19,5.4,--,45,24300,买盘
1637,10:28:16,5.4,0.01,575,310500,买盘
1638,10:28:10,5.39,--,188,101332,卖盘
1639,10:28:07,5.39,0.01,568,306152,买盘
1640,10:28:01,5.38,--,20,10760,卖盘
1641,10:27:58,5.38,--,52,27976,卖盘
1642,10:27:55,5.38,--,11,5918,买盘
1643,10:27:52,5.38,--,10,5380,买盘
1644,10:27:49,5.38,--,2,1076,买盘
1645,10:27:46,5.38,-0.01,75,40350,中性盘
1646,10:27:43,5.39,--,30,16169,买盘
1647,10:27:40,5.39,0.01,301,162239,买盘
1648,10:27:37,5.38,--,9,4842,买盘
1649,10:27:31,5.38,-0.01,934,502492,卖盘
1650,10:27:28,5.39,--,100,53900,买盘
1651,10:27:13,5.39,0.01,3,1617,买盘
1652,10:27:07,5.38,-0.01,19,10222,卖盘
1653,10:27:04,5.39,--,76,40964,买盘
1654,10:26:58,5.39,--,27,14553,买盘
1655,10:26:55,5.39,--,3,1617,买盘
1656,10:26:52,5.39,--,34,18326,买盘
1657,10:26:49,5.39,--,41,22099,卖盘
1658,10:26:46,5.39,--,241,129898,卖盘
1659,10:26:43,5.39,--,188,101332,卖盘
1660,10:26:40,5.39,--,285,153615,卖盘
1661,10:26:34,5.39,0.01,5,2695,卖盘
1662,10:26:31,5.38,-0.01,100,53800,卖盘
1663,10:26:28,5.39,--,97,52283,买盘
1664,10:26:25,5.39,--,382,205898,卖盘
1665,10:26:19,5.39,-0.01,53,28567,中性盘
1666,10:26:16,5.4,0.02,1250,675000,买盘
1667,10:26:13,5.38,-0.01,85,45730,卖盘
1668,10:26:10,5.39,--,181,97559,买盘
1669,10:26:03,5.39,--,10,5390,买盘
1670,10:26:00,5.39,--,148,79772,买盘
1671,10:25:57,5.39,0.01,5,2695,买盘
1672,10:25:51,5.38,-0.01,90,48420,卖盘
1673,10:25:42,5.39,--,150,80850,买盘
1674,10:25:39,5.39,0.01,154,83006,买盘
1675,10:25:33,5.38,--,205,110290,买盘
1676,10:25:30,5.38,--,5,2690,买盘
1677,10:25:27,5.38,--,44,23672,买盘
1678,10:25:24,5.38,-0.01,270,145260,卖盘
1679,10:25:21,5.39,0.01,28,15092,买盘
1680,10:25:18,5.38,-0.01,326,175388,卖盘
1681,10:25:12,5.39,--,28,15092,买盘
1682,10:25:09,5.39,0.01,32,17248,买盘
1683,10:25:03,5.38,-0.01,20,10760,卖盘
1684,10:25:00,5.39,0.01,7,3773,买盘
1685,10:24:54,5.38,--,134,72092,买盘
1686,10:24:51,5.38,--,253,136114,买盘
1687,10:24:45,5.38,--,167,89846,买盘
1688,10:24:42,5.38,--,13,6994,买盘
1689,10:24:39,5.38,--,2070,1113660,买盘
1690,10:24:36,5.38,--,214,115132,买盘
1691,10:24:30,5.38,0.01,50,26900,买盘
1692,10:24:27,5.37,--,498,267877,买盘
1693,10:24:24,5.37,--,800,429600,买盘
1694,10:24:09,5.37,0.01,13,6986,买盘
1695,10:24:06,5.36,--,35,18760,买盘
1696,10:24:03,5.36,--,308,165088,买盘
1697,10:24:00,5.36,0.01,518,277648,买盘
1698,10:23:54,5.35,--,10,5350,卖盘
1699,10:23:42,5.35,--,1002,536070,卖盘
1700,10:23:39,5.35,--,22,11770,卖盘
1701,10:23:36,5.35,--,45,24075,卖盘
1702,10:23:33,5.35,--,377,202053,买盘
1703,10:23:30,5.35,--,570,304950,买盘
1704,10:23:27,5.35,--,70,37503,买盘
1705,10:23:21,5.35,--,520,278200,买盘
1706,10:23:18,5.35,--,806,431210,买盘
1707,10:23:12,5.35,--,473,253054,买盘
1708,10:22:57,5.35,--,11,5885,买盘
1709,10:22:54,5.35,--,28,14979,买盘
1710,10:22:51,5.35,--,63,33705,买盘
1711,10:22:45,5.35,--,368,196880,买盘
1712,10:22:39,5.35,--,26,13909,买盘
1713,10:22:36,5.35,--,7,3744,买盘
1714,10:22:33,5.35,--,1000,535000,买盘
1715,10:22:30,5.35,--,13,6954,买盘
1716,10:22:27,5.35,--,1410,754526,卖盘
1717,10:22:18,5.35,--,37,19795,卖盘
1718,10:22:12,5.35,--,10,5350,卖盘
1719,10:22:06,5.35,-0.01,141,75435,卖盘
1720,10:22:00,5.36,0.01,10,5360,买盘
1721,10:21:57,5.35,--,28,14979,卖盘
1722,10:21:54,5.35,--,10,5350,卖盘
1723,10:21:48,5.35,--,1,535,卖盘
1724,10:21:42,5.35,--,695,371825,卖盘
1725,10:21:36,5.35,-0.01,10,5350,卖盘
1726,10:21:30,5.36,0.01,7,3752,买盘
1727,10:21:18,5.35,--,89,47615,卖盘
1728,10:21:15,5.35,--,189,101115,卖盘
1729,10:21:12,5.35,-0.01,548,293180,卖盘
1730,10:21:09,5.36,0.01,741,397176,买盘
1731,10:21:00,5.35,-0.01,22,11770,卖盘
1732,10:20:57,5.36,--,50,26800,买盘
1733,10:20:54,5.36,0.01,532,285152,买盘
1734,10:20:51,5.35,--,6,3210,卖盘
1735,10:20:48,5.35,--,10,5350,卖盘
1736,10:20:45,5.35,--,393,210255,卖盘
1737,10:20:42,5.35,--,139,74365,卖盘
1738,10:20:33,5.35,-0.01,165,88275,卖盘
1739,10:20:30,5.36,--,6,3216,买盘
1740,10:20:27,5.36,--,176,94336,买盘
1741,10:20:21,5.36,0.01,14,7504,买盘
1742,10:20:18,5.35,--,1021,546235,卖盘
1743,10:20:12,5.35,-0.01,5,2675,卖盘
1744,10:20:09,5.36,--,126,67536,买盘
1745,10:20:06,5.36,--,619,331784,买盘
1746,10:20:00,5.36,--,143,76648,买盘
1747,10:19:57,5.36,--,179,95944,买盘
1748,10:19:54,5.36,0.01,17,9112,买盘
1749,10:19:51,5.35,-0.01,124,66340,卖盘
1750,10:19:48,5.36,0.01,279,149544,买盘
1751,10:19:42,5.35,-0.01,891,476684,卖盘
1752,10:19:39,5.36,0.01,390,209040,买盘
1753,10:19:36,5.35,--,23,12305,卖盘
1754,10:19:33,5.35,--,81,43335,卖盘
1755,10:19:30,5.35,-0.01,15,8024,卖盘
1756,10:19:24,5.36,0.01,63,33768,买盘
1757,10:19:21,5.35,--,23,12305,卖盘
1758,10:19:18,5.35,--,3,1605,卖盘
1759,10:19:12,5.35,--,4883,2612763,买盘
1760,10:19:06,5.35,--,2,1070,买盘
1761,10:19:03,5.35,0.01,1,535,买盘
1762,10:18:57,5.34,--,29,15486,卖盘
1763,10:18:51,5.34,-0.01,1038,554292,卖盘
1764,10:18:39,5.35,0.01,13,6954,买盘
1765,10:18:36,5.34,-0.01,289,154326,卖盘
1766,10:18:27,5.35,0.01,30,16049,买盘
1767,10:18:21,5.34,-0.01,92,49128,卖盘
1768,10:18:15,5.35,--,252,134820,买盘
1769,10:18:09,5.35,0.01,20,10700,买盘
1770,10:18:03,5.34,-0.01,100,53400,卖盘
1771,10:17:57,5.35,--,110,58849,买盘
1772,10:17:54,5.35,--,49,26215,买盘
1773,10:17:39,5.35,0.01,10,5350,买盘
1774,10:17:36,5.34,-0.01,30,16020,卖盘
1775,10:17:33,5.35,--,130,69550,买盘
1776,10:17:27,5.35,--,50,26750,买盘
1777,10:17:24,5.35,--,50,26750,买盘
1778,10:17:18,5.35,0.01,100,53500,买盘
1779,10:17:12,5.34,-0.01,5,2670,卖盘
1780,10:17:09,5.35,--,78,41730,买盘
1781,10:17:03,5.35,0.01,433,231654,买盘
1782,10:16:57,5.34,-0.01,20,10680,卖盘
1783,10:16:51,5.35,0.01,11,5885,买盘
1784,10:16:48,5.34,--,1,534,卖盘
1785,10:16:42,5.34,-0.01,20,10680,卖盘
1786,10:16:36,5.35,0.01,193,103255,买盘
1787,10:16:33,5.34,--,30,16020,卖盘
1788,10:16:30,5.34,--,255,136170,卖盘
1789,10:16:27,5.34,--,1,534,卖盘
1790,10:16:24,5.34,--,704,375936,卖盘
1791,10:16:18,5.34,-0.01,285,152190,卖盘
1792,10:16:12,5.35,--,44,23540,买盘
1793,10:16:09,5.35,--,59,31564,买盘
1794,10:15:57,5.35,--,13,6954,买盘
1795,10:15:39,5.35,--,154,82566,卖盘
1796,10:15:36,5.35,--,127,67945,卖盘
1797,10:15:33,5.35,--,50,26750,卖盘
1798,10:15:30,5.35,--,5,2675,卖盘
1799,10:15:27,5.35,-0.01,20,10700,卖盘
1800,10:15:24,5.36,--,100,53600,买盘
1801,10:15:21,5.36,0.01,65,34840,买盘
1802,10:15:18,5.35,--,5,2675,卖盘
1803,10:15:15,5.35,--,119,63664,卖盘
1804,10:15:12,5.35,-0.01,3,1605,卖盘
1805,10:15:09,5.36,0.01,1,536,买盘
1806,10:15:03,5.35,-0.01,16,8560,卖盘
1807,10:14:51,5.36,--,119,63784,买盘
1808,10:14:48,5.36,0.01,13,6968,买盘
1809,10:14:45,5.35,--,100,53500,卖盘
1810,10:14:39,5.35,--,111,59384,卖盘
1811,10:14:33,5.35,--,128,68480,卖盘
1812,10:14:27,5.35,-0.01,535,286225,卖盘
1813,10:14:24,5.36,0.01,300,160800,买盘
1814,10:14:15,5.35,--,7,3744,卖盘
1815,10:14:12,5.35,--,8,4280,卖盘
1816,10:14:09,5.35,--,1047,560503,买盘
1817,10:14:03,5.35,--,107,57244,买盘
1818,10:13:57,5.35,--,41,21935,买盘
1819,10:13:54,5.35,--,308,164780,买盘
1820,10:13:51,5.35,--,1171,626485,买盘
1821,10:13:45,5.35,0.01,1055,564425,买盘
1822,10:13:42,5.34,-0.01,100,53400,卖盘
1823,10:13:39,5.35,0.01,1026,548910,买盘
1824,10:13:36,5.34,--,31,16554,卖盘
1825,10:13:27,5.34,-0.01,298,159132,卖盘
1826,10:13:24,5.35,--,2,1070,买盘
1827,10:13:21,5.35,--,27,14444,买盘
1828,10:13:18,5.35,0.01,300,160500,买盘
1829,10:13:09,5.34,--,100,53400,卖盘
1830,10:13:06,5.34,--,8,4272,卖盘
1831,10:13:03,5.34,--,959,512106,买盘
1832,10:13:00,5.34,--,1,534,买盘
1833,10:12:57,5.34,0.01,3,1602,买盘
1834,10:12:54,5.33,-0.01,61,32513,卖盘
1835,10:12:48,5.34,--,26,13884,买盘
1836,10:12:42,5.34,--,50,26700,买盘
1837,10:12:36,5.34,--,215,114810,买盘
1838,10:12:33,5.34,--,20,10680,买盘
1839,10:12:30,5.34,--,75,40050,买盘
1840,10:12:27,5.34,--,26,13884,买盘
1841,10:12:21,5.34,0.01,42,22428,买盘
1842,10:12:06,5.33,--,1,533,卖盘
1843,10:12:03,5.33,--,121,64493,卖盘
1844,10:12:00,5.33,-0.01,121,64493,卖盘
1845,10:11:54,5.34,--,18,9612,买盘
1846,10:11:48,5.34,--,59,31506,买盘
1847,10:11:42,5.34,0.01,99,52866,买盘
1848,10:11:39,5.33,-0.01,20,10660,卖盘
1849,10:11:33,5.34,--,76,40584,买盘
1850,10:11:27,5.34,0.01,10,5340,买盘
1851,10:11:24,5.33,-0.01,135,71955,卖盘
1852,10:11:21,5.34,--,350,186900,买盘
1853,10:11:12,5.34,--,1,534,买盘
1854,10:11:09,5.34,-0.01,334,178356,卖盘
1855,10:11:06,5.35,--,60,32099,买盘
1856,10:11:03,5.35,--,33,17655,买盘
1857,10:10:57,5.35,--,1,535,买盘
1858,10:10:54,5.35,--,10,5350,买盘
1859,10:10:48,5.35,0.01,200,107000,买盘
1860,10:10:42,5.34,-0.01,10,5340,卖盘
1861,10:10:39,5.35,0.01,103,55104,买盘
1862,10:10:36,5.34,--,50,26700,卖盘
1863,10:10:24,5.34,-0.01,46,24564,卖盘
1864,10:10:21,5.35,0.02,72,38520,买盘
1865,10:10:15,5.33,-0.01,3094,1649102,卖盘
1866,10:10:12,5.34,--,1,534,卖盘
1867,10:10:06,5.34,--,5,2670,卖盘
1868,10:09:45,5.34,-0.01,32,17088,卖盘
1869,10:09:39,5.35,0.02,43,23005,买盘
1870,10:09:36,5.33,-0.01,42,22386,卖盘
1871,10:09:33,5.34,--,46,24564,买盘
1872,10:09:30,5.34,--,145,77430,买盘
1873,10:09:27,5.34,0.01,46,24564,买盘
1874,10:09:24,5.33,--,1,533,卖盘
1875,10:09:18,5.33,-0.01,5,2665,卖盘
1876,10:09:15,5.34,--,30,16020,买盘
1877,10:09:09,5.34,--,10,5340,买盘
1878,10:09:00,5.34,--,16,8544,买盘
1879,10:08:57,5.34,--,30,16020,买盘
1880,10:08:48,5.34,--,86,45924,买盘
1881,10:08:39,5.34,--,15,8010,买盘
1882,10:08:33,5.34,--,200,106800,买盘
1883,10:08:27,5.34,--,39,20826,卖盘
1884,10:08:24,5.34,--,1,534,卖盘
1885,10:08:21,5.34,--,36,19224,卖盘
1886,10:08:15,5.34,--,59,31506,买盘
1887,10:08:12,5.34,--,1,534,买盘
1888,10:08:09,5.34,--,286,152724,买盘
1889,10:08:06,5.34,--,27,14418,买盘
1890,10:08:00,5.34,--,1272,679248,买盘
1891,10:07:57,5.34,--,2,1068,买盘
1892,10:07:48,5.34,--,20,10680,买盘
1893,10:07:45,5.34,--,69,36846,买盘
1894,10:07:39,5.34,--,5,2670,买盘
1895,10:07:36,5.34,0.01,93,49662,买盘
1896,10:07:33,5.33,--,215,114595,卖盘
1897,10:07:24,5.33,--,30,15990,卖盘
1898,10:07:21,5.33,--,68,36244,卖盘
1899,10:07:15,5.33,--,65,34645,卖盘
1900,10:07:12,5.33,--,40,21320,卖盘
1901,10:07:06,5.33,--,30,15990,卖盘
1902,10:07:00,5.33,0.01,145,77285,买盘
1903,10:06:57,5.32,-0.01,31,16492,卖盘
1904,10:06:51,5.33,0.01,21,11193,买盘
1905,10:06:42,5.32,-0.01,97,51604,卖盘
1906,10:06:39,5.33,--,21,11193,买盘
1907,10:06:35,5.33,0.01,37,19721,买盘
1908,10:06:32,5.32,-0.01,37,19684,卖盘
1909,10:06:29,5.33,0.01,10,5330,买盘
1910,10:06:23,5.32,-0.01,32,17024,卖盘
1911,10:06:17,5.33,--,30,15990,买盘
1912,10:06:05,5.33,--,559,297947,买盘
1913,10:06:02,5.33,--,684,364753,卖盘
1914,10:05:59,5.33,--,10,5330,卖盘
1915,10:05:56,5.33,--,47,25402,卖盘
1916,10:05:53,5.33,-0.01,428,228124,卖盘
1917,10:05:50,5.34,--,15,8010,买盘
1918,10:05:47,5.34,--,10,5340,买盘
1919,10:05:38,5.34,-0.01,885,472590,卖盘
1920,10:05:32,5.35,--,41,21935,买盘
1921,10:05:29,5.35,--,14,7489,买盘
1922,10:05:26,5.35,--,55,29424,卖盘
1923,10:05:23,5.35,--,1,535,卖盘
1924,10:05:20,5.35,--,54,28889,卖盘
1925,10:05:17,5.35,--,28,14979,卖盘
1926,10:05:14,5.35,--,11,5885,卖盘
1927,10:05:11,5.35,--,80,42800,卖盘
1928,10:05:08,5.35,-0.01,37,19795,卖盘
1929,10:05:02,5.36,0.01,112,60032,买盘
1930,10:04:59,5.35,-0.01,30,16049,卖盘
1931,10:04:56,5.36,0.01,118,63248,买盘
1932,10:04:53,5.35,--,56,29959,卖盘
1933,10:04:50,5.35,--,69,36915,买盘
1934,10:04:47,5.35,--,679,363265,卖盘
1935,10:04:44,5.35,--,518,277130,买盘
1936,10:04:41,5.35,0.01,27,14444,买盘
1937,10:04:35,5.34,-0.01,30,16020,卖盘
1938,10:04:32,5.35,--,159,85065,买盘
1939,10:04:29,5.35,--,36,19260,买盘
1940,10:04:17,5.35,--,2,1070,买盘
1941,10:04:14,5.35,--,56,29959,买盘
1942,10:04:05,5.35,--,287,153545,卖盘
1943,10:03:56,5.35,--,52,27819,卖盘
1944,10:03:53,5.35,--,1,535,卖盘
1945,10:03:50,5.35,--,959,513064,买盘
1946,10:03:47,5.35,--,53,28354,买盘
1947,10:03:44,5.35,--,19,10165,买盘
1948,10:03:38,5.35,--,90,48150,买盘
1949,10:03:32,5.35,--,5,2675,买盘
1950,10:03:26,5.35,0.01,180,96300,卖盘
1951,10:03:11,5.34,-0.01,6,3204,卖盘
1952,10:03:08,5.35,--,49,26215,买盘
1953,10:02:59,5.35,0.01,21,11235,买盘
1954,10:02:56,5.34,-0.01,70,37380,卖盘
1955,10:02:50,5.35,--,10,5350,买盘
1956,10:02:47,5.35,--,54,28889,买盘
1957,10:02:44,5.35,--,20,10700,买盘
1958,10:02:41,5.35,--,1,535,买盘
1959,10:02:38,5.35,-0.01,504,269640,卖盘
1960,10:02:32,5.36,--,20,10720,买盘
1961,10:02:26,5.36,--,5,2680,买盘
1962,10:02:20,5.36,0.01,12,6432,买盘
1963,10:02:08,5.35,-0.01,212,113419,卖盘
1964,10:02:02,5.36,0.01,56,30016,买盘
1965,10:01:56,5.35,-0.01,10,5350,卖盘
1966,10:01:50,5.36,--,20,10720,买盘
1967,10:01:47,5.36,0.02,233,124888,买盘
1968,10:01:41,5.34,-0.01,10,5340,卖盘
1969,10:01:38,5.35,--,33,17655,卖盘
1970,10:01:35,5.35,0.01,163,87205,买盘
1971,10:01:32,5.34,--,1,534,卖盘
1972,10:01:29,5.34,--,129,68886,卖盘
1973,10:01:23,5.34,--,52,27768,买盘
1974,10:01:20,5.34,--,10,5340,买盘
1975,10:01:17,5.34,-0.01,40,21360,中性盘
1976,10:01:11,5.35,0.01,249,133215,买盘
1977,10:01:05,5.34,--,37,19758,卖盘
1978,10:00:59,5.34,-0.01,55,29370,卖盘
1979,10:00:53,5.35,--,63,33705,买盘
1980,10:00:50,5.35,0.01,30,16049,买盘
1981,10:00:47,5.34,--,545,291030,卖盘
1982,10:00:44,5.34,--,70,37380,卖盘
1983,10:00:41,5.34,--,46,24564,卖盘
1984,10:00:32,5.34,-0.01,7,3738,卖盘
1985,10:00:29,5.35,0.01,106,56709,买盘
1986,10:00:23,5.34,-0.01,12,6408,卖盘
1987,10:00:14,5.35,-0.01,1,535,中性盘
1988,10:00:11,5.36,0.01,101,54136,买盘
1989,10:00:05,5.35,--,371,198485,卖盘
1990,09:59:59,5.35,--,40,21400,卖盘
1991,09:59:56,5.35,--,1,535,卖盘
1992,09:59:41,5.35,--,167,89345,买盘
1993,09:59:35,5.35,-0.01,103,55104,卖盘
1994,09:59:29,5.36,0.01,79,42344,买盘
1995,09:59:26,5.35,--,132,70620,卖盘
1996,09:59:17,5.35,--,25,13375,买盘
1997,09:59:08,5.35,--,44,23540,买盘
1998,09:58:59,5.35,-0.01,138,73830,卖盘
1999,09:58:53,5.36,--,39,20904,买盘
2000,09:58:50,5.36,0.01,8,4288,买盘
2001,09:58:47,5.35,-0.01,404,216140,卖盘
2002,09:58:41,5.36,--,557,298552,买盘
2003,09:58:38,5.36,--,27,14472,买盘
2004,09:58:32,5.36,--,1378,738608,卖盘
2005,09:58:26,5.36,--,411,220296,卖盘
2006,09:58:23,5.36,-0.01,20,10720,卖盘
2007,09:58:20,5.37,--,3,1611,买盘
2008,09:58:14,5.37,0.01,88,47256,买盘
2009,09:58:11,5.36,-0.01,1,536,卖盘
2010,09:58:05,5.37,0.01,153,82161,买盘
2011,09:58:02,5.36,--,558,299088,卖盘
2012,09:57:59,5.36,--,745,399320,买盘
2013,09:57:53,5.36,0.01,407,218152,买盘
2014,09:57:47,5.35,-0.01,463,247704,卖盘
2015,09:57:41,5.36,--,80,42880,卖盘
2016,09:57:38,5.36,--,13,6968,卖盘
2017,09:57:35,5.36,--,115,61640,买盘
2018,09:57:29,5.36,--,112,60032,买盘
2019,09:57:26,5.36,--,300,160800,卖盘
2020,09:57:20,5.36,-0.01,210,112560,卖盘
2021,09:57:17,5.37,--,60,32220,买盘
2022,09:57:08,5.37,--,505,271185,买盘
2023,09:57:05,5.37,--,306,164397,卖盘
2024,09:57:02,5.37,-0.01,190,102030,卖盘
2025,09:56:59,5.38,--,5,2690,买盘
2026,09:56:50,5.38,--,182,97916,买盘
2027,09:56:47,5.38,-0.01,193,103834,卖盘
2028,09:56:44,5.39,0.01,191,102949,买盘
2029,09:56:41,5.38,--,114,61332,买盘
2030,09:56:38,5.38,--,153,82314,买盘
2031,09:56:32,5.38,-0.01,97,52186,买盘
2032,09:56:26,5.39,0.01,1005,541695,买盘
2033,09:56:23,5.38,0.01,52,27976,买盘
2034,09:56:20,5.37,--,181,97197,卖盘
2035,09:56:14,5.37,0.02,1171,629288,买盘
2036,09:56:11,5.35,-0.01,169,90415,卖盘
2037,09:56:08,5.36,--,37,19832,买盘
2038,09:56:05,5.36,--,20,10720,买盘
2039,09:56:02,5.36,--,185,99160,买盘
2040,09:55:59,5.36,0.01,188,100768,买盘
2041,09:55:56,5.35,0.01,400,214000,买盘
2042,09:55:53,5.34,-0.01,70,37380,卖盘
2043,09:55:47,5.35,0.01,30,16049,买盘
2044,09:55:44,5.34,--,25,13350,卖盘
2045,09:55:41,5.34,--,344,183696,买盘
2046,09:55:38,5.34,0.01,36,19224,买盘
2047,09:55:35,5.33,--,60,31980,卖盘
2048,09:55:32,5.33,-0.01,45,23985,卖盘
2049,09:55:23,5.34,0.02,155,82770,买盘
2050,09:55:17,5.32,-0.01,20,10640,卖盘
2051,09:55:14,5.33,--,46,24518,买盘
2052,09:55:11,5.33,--,89,47437,买盘
2053,09:55:05,5.33,0.01,63,33579,买盘
2054,09:55:02,5.32,--,404,214928,买盘
2055,09:54:59,5.32,--,65,34580,买盘
2056,09:54:56,5.32,0.01,25,13300,买盘
2057,09:54:44,5.31,--,56,29735,买盘
2058,09:54:41,5.31,--,40,21240,买盘
2059,09:54:38,5.31,0.01,10,5310,买盘
2060,09:54:35,5.3,-0.01,42,22260,卖盘
2061,09:54:32,5.31,--,392,208151,买盘
2062,09:54:26,5.31,--,68,36108,买盘
2063,09:54:20,5.31,--,10,5310,买盘
2064,09:54:17,5.31,--,549,291519,买盘
2065,09:54:08,5.31,--,1,531,买盘
2066,09:54:05,5.31,--,119,63188,卖盘
2067,09:54:02,5.31,-0.01,12,6371,卖盘
2068,09:53:59,5.32,0.01,5,2660,买盘
2069,09:53:56,5.31,--,213,113102,卖盘
2070,09:53:47,5.31,-0.01,76,40356,卖盘
2071,09:53:44,5.32,--,15,7980,买盘
2072,09:53:41,5.32,--,134,71288,买盘
2073,09:53:38,5.32,--,35,18620,买盘
2074,09:53:35,5.32,--,496,263872,卖盘
2075,09:53:32,5.32,--,54,28728,卖盘
2076,09:53:29,5.32,-0.01,116,61712,卖盘
2077,09:53:17,5.33,--,246,131118,买盘
2078,09:53:08,5.33,-0.01,58,30914,卖盘
2079,09:53:05,5.34,0.01,121,64614,买盘
2080,09:52:59,5.33,--,350,186550,卖盘
2081,09:52:56,5.33,-0.01,100,53300,卖盘
2082,09:52:53,5.34,0.01,4,2136,买盘
2083,09:52:50,5.33,--,157,83681,卖盘
2084,09:52:47,5.33,-0.01,50,26650,卖盘
2085,09:52:41,5.34,--,10,5340,买盘
2086,09:52:35,5.34,0.01,407,217338,买盘
2087,09:52:32,5.33,--,10,5330,卖盘
2088,09:52:29,5.33,-0.01,256,136448,卖盘
2089,09:52:26,5.34,0.01,50,26700,买盘
2090,09:52:23,5.33,-0.01,167,89011,卖盘
2091,09:52:17,5.34,0.01,151,80634,买盘
2092,09:52:14,5.33,--,18,9594,卖盘
2093,09:52:11,5.33,--,2,1066,卖盘
2094,09:52:08,5.33,--,91,48503,卖盘
2095,09:52:02,5.33,--,10,5330,卖盘
2096,09:51:59,5.33,--,11,5863,卖盘
2097,09:51:56,5.33,--,250,133250,卖盘
2098,09:51:50,5.33,0.01,160,85280,买盘
2099,09:51:44,5.32,-0.01,1,532,卖盘
2100,09:51:41,5.33,--,96,51168,买盘
2101,09:51:38,5.33,--,8,4264,买盘
2102,09:51:32,5.33,--,1,533,买盘
2103,09:51:29,5.33,--,175,93275,买盘
2104,09:51:23,5.33,-0.01,179,95407,卖盘
2105,09:51:20,5.34,0.01,55,29370,买盘
2106,09:51:17,5.33,--,107,57031,卖盘
2107,09:51:14,5.33,--,200,106600,卖盘
2108,09:51:11,5.33,--,54,28782,卖盘
2109,09:50:59,5.33,0.01,48,25584,买盘
2110,09:50:53,5.32,--,97,51604,卖盘
2111,09:50:50,5.32,-0.01,1,532,卖盘
2112,09:50:47,5.33,--,38,20254,买盘
2113,09:50:41,5.33,--,46,24518,中性盘
2114,09:50:32,5.33,--,35,18655,卖盘
2115,09:50:29,5.33,--,434,231322,买盘
2116,09:50:26,5.33,--,117,62361,买盘
2117,09:50:23,5.33,--,43,22919,买盘
2118,09:50:17,5.33,--,111,59163,买盘
2119,09:50:14,5.33,--,13,6929,买盘
2120,09:50:11,5.33,--,51,27183,买盘
2121,09:50:08,5.33,0.03,13,6929,买盘
2122,09:50:05,5.3,-0.03,101,53530,卖盘
2123,09:50:02,5.33,--,90,47970,买盘
2124,09:49:59,5.33,--,10,5330,买盘
2125,09:49:56,5.33,--,339,180687,买盘
2126,09:49:53,5.33,--,210,111930,买盘
2127,09:49:50,5.33,--,90,47970,买盘
2128,09:49:44,5.33,--,31,16523,买盘
2129,09:49:41,5.33,--,111,59163,买盘
2130,09:49:35,5.33,-0.04,28,14924,买盘
2131,09:49:32,5.37,0.03,1435,770595,买盘
2132,09:49:29,5.34,--,348,185832,买盘
2133,09:49:26,5.34,0.01,218,116412,买盘
2134,09:49:23,5.33,--,45,23985,卖盘
2135,09:49:20,5.33,0.01,139,74087,卖盘
2136,09:49:14,5.32,-0.02,817,434644,卖盘
2137,09:49:11,5.34,-0.01,28,14952,卖盘
2138,09:49:08,5.35,0.01,498,266430,买盘
2139,09:49:05,5.34,--,150,80100,卖盘
2140,09:49:02,5.34,--,242,129228,买盘
2141,09:48:59,5.34,--,42,22428,买盘
2142,09:48:56,5.34,--,20,10680,买盘
2143,09:48:50,5.34,--,71,37914,买盘
2144,09:48:47,5.34,-0.01,601,320934,中性盘
2145,09:48:41,5.35,--,1030,551050,买盘
2146,09:48:35,5.35,0.03,245,131075,买盘
2147,09:48:26,5.32,--,127,67564,买盘
2148,09:48:23,5.32,--,50,26600,买盘
2149,09:48:20,5.32,-0.02,94,50008,卖盘
2150,09:48:17,5.34,-0.01,300,160200,卖盘
2151,09:48:14,5.35,0.03,2031,1086585,买盘
2152,09:48:11,5.32,--,125,66500,买盘
2153,09:48:08,5.32,--,26,13832,买盘
2154,09:48:05,5.32,-0.02,341,181747,卖盘
2155,09:47:59,5.34,0.02,961,513371,买盘
2156,09:47:53,5.32,--,760,404320,买盘
2157,09:47:50,5.32,--,10,5320,买盘
2158,09:47:47,5.32,--,259,137788,买盘
2159,09:47:44,5.32,--,213,113316,买盘
2160,09:47:38,5.32,0.01,189,100548,买盘
2161,09:47:35,5.31,--,11,5841,卖盘
2162,09:47:32,5.31,--,207,110166,买盘
2163,09:47:29,5.31,--,200,106199,买盘
2164,09:47:26,5.31,0.01,566,300662,买盘
2165,09:47:23,5.3,-0.01,120,63600,卖盘
2166,09:47:17,5.31,--,1,531,买盘
2167,09:47:14,5.31,0.01,398,211337,买盘
2168,09:47:11,5.3,--,2,1060,卖盘
2169,09:47:08,5.3,--,166,87980,卖盘
2170,09:47:04,5.3,--,111,59243,卖盘
2171,09:47:01,5.3,0.02,556,294680,买盘
2172,09:46:55,5.28,-0.01,173,91344,卖盘
2173,09:46:52,5.29,-0.01,86,45494,卖盘
2174,09:46:49,5.3,--,210,111300,买盘
2175,09:46:46,5.3,--,95,50350,买盘
2176,09:46:43,5.3,--,32,16960,买盘
2177,09:46:40,5.3,0.01,320,169600,买盘
2178,09:46:34,5.29,--,219,115851,买盘
2179,09:46:31,5.29,--,100,52900,买盘
2180,09:46:28,5.29,--,2,1058,买盘
2181,09:46:22,5.29,-0.01,126,66654,中性盘
2182,09:46:19,5.3,0.01,262,138860,买盘
2183,09:46:16,5.29,-0.01,2,1058,中性盘
2184,09:46:13,5.3,0.02,172,91160,买盘
2185,09:46:07,5.28,--,68,35904,卖盘
2186,09:46:01,5.28,--,67,35376,卖盘
2187,09:45:58,5.28,--,14,7392,卖盘
2188,09:45:55,5.28,-0.02,19,10032,卖盘
2189,09:45:52,5.3,0.03,1897,1005410,买盘
2190,09:45:49,5.27,--,6,3161,卖盘
2191,09:45:46,5.27,-0.01,50,26349,卖盘
2192,09:45:43,5.28,--,25,13200,买盘
2193,09:45:40,5.28,0.01,338,178464,买盘
2194,09:45:34,5.27,--,47,24768,买盘
2195,09:45:25,5.27,--,338,178126,买盘
2196,09:45:16,5.27,0.01,167,88009,买盘
2197,09:45:13,5.26,-0.01,5,2630,卖盘
2198,09:45:10,5.27,--,30,15809,买盘
2199,09:45:07,5.27,0.01,174,91697,买盘
2200,09:45:01,5.26,-0.01,97,51022,卖盘
2201,09:44:55,5.27,--,27,14228,卖盘
2202,09:44:52,5.27,0.01,10,5270,中性盘
2203,09:44:46,5.26,-0.01,80,42080,卖盘
2204,09:44:43,5.27,--,25,13174,卖盘
2205,09:44:40,5.27,--,20,10540,卖盘
2206,09:44:37,5.27,--,3,1580,卖盘
2207,09:44:34,5.27,--,105,55334,卖盘
2208,09:44:31,5.27,--,783,412640,买盘
2209,09:44:28,5.27,0.01,184,96967,买盘
2210,09:44:25,5.26,--,20,10520,卖盘
2211,09:44:22,5.26,-0.01,200,105200,卖盘
2212,09:44:16,5.27,0.01,6,3161,买盘
2213,09:44:10,5.26,0.01,53,27878,中性盘
2214,09:43:52,5.25,--,200,105000,卖盘
2215,09:43:49,5.25,--,6,3150,卖盘
2216,09:43:43,5.25,--,119,62490,卖盘
2217,09:43:40,5.25,-0.01,7,3675,卖盘
2218,09:43:37,5.26,--,250,131500,买盘
2219,09:43:34,5.26,0.01,135,71010,买盘
2220,09:43:31,5.25,-0.01,114,59850,卖盘
2221,09:43:28,5.26,0.01,5,2630,买盘
2222,09:43:25,5.25,--,9,4725,卖盘
2223,09:43:22,5.25,--,20,10500,卖盘
2224,09:43:19,5.25,-0.01,1,525,卖盘
2225,09:43:16,5.26,0.02,22,11572,买盘
2226,09:43:07,5.24,-0.02,1010,529240,卖盘
2227,09:43:04,5.26,0.01,100,52600,买盘
2228,09:43:01,5.25,-0.01,784,411600,卖盘
2229,09:42:55,5.26,--,478,251938,卖盘
2230,09:42:49,5.26,--,173,90998,卖盘
2231,09:42:43,5.26,--,6,3156,卖盘
2232,09:42:37,5.26,--,51,26826,卖盘
2233,09:42:34,5.26,--,36,18936,卖盘
2234,09:42:31,5.26,-0.01,23,12098,卖盘
2235,09:42:28,5.27,0.01,41,21607,买盘
2236,09:42:25,5.26,--,9,4734,卖盘
2237,09:42:22,5.26,--,149,78389,买盘
2238,09:42:19,5.26,--,100,52600,买盘
2239,09:42:13,5.26,--,253,133078,买盘
2240,09:42:10,5.26,-0.01,1935,1018320,卖盘
2241,09:42:07,5.27,--,54,28457,卖盘
2242,09:42:01,5.27,--,258,136081,买盘
2243,09:41:58,5.27,--,18,9486,买盘
2244,09:41:55,5.27,--,200,105399,买盘
2245,09:41:52,5.27,--,19,10013,买盘
2246,09:41:49,5.27,--,200,105399,买盘
2247,09:41:46,5.27,--,64,33728,买盘
2248,09:41:43,5.27,-0.01,161,85258,卖盘
2249,09:41:40,5.28,--,56,29568,买盘
2250,09:41:31,5.28,--,1010,533280,买盘
2251,09:41:22,5.28,--,62,32736,买盘
2252,09:41:19,5.28,--,11,5808,买盘
2253,09:41:16,5.28,-0.01,282,148896,卖盘
2254,09:41:13,5.29,--,40,21160,买盘
2255,09:41:10,5.29,--,8,4232,买盘
2256,09:41:07,5.29,--,96,50784,卖盘
2257,09:41:04,5.29,-0.01,18,9522,卖盘
2258,09:41:01,5.3,0.01,3,1590,买盘
2259,09:40:58,5.29,--,2,1058,卖盘
2260,09:40:55,5.29,--,64,33856,卖盘
2261,09:40:52,5.29,--,182,96278,买盘
2262,09:40:49,5.29,0.01,32,16928,买盘
2263,09:40:46,5.28,-0.01,3,1584,卖盘
2264,09:40:43,5.29,--,53,28037,买盘
2265,09:40:40,5.29,0.01,36,19044,买盘
2266,09:40:37,5.28,-0.02,11,5808,卖盘
2267,09:40:34,5.3,0.02,147,77910,买盘
2268,09:40:28,5.28,--,3,1584,卖盘
2269,09:40:25,5.28,0.01,410,216480,卖盘
2270,09:40:19,5.27,--,8,4216,卖盘
2271,09:40:16,5.27,-0.01,316,166532,卖盘
2272,09:40:10,5.28,--,275,145316,买盘
2273,09:40:07,5.28,--,120,63360,买盘
2274,09:40:04,5.28,--,104,54912,买盘
2275,09:39:55,5.28,--,215,113520,买盘
2276,09:39:52,5.28,--,923,487344,买盘
2277,09:39:49,5.28,--,4,2112,买盘
2278,09:39:46,5.28,--,10,5280,买盘
2279,09:39:43,5.28,--,906,478779,卖盘
2280,09:39:40,5.28,-0.02,59,31152,卖盘
2281,09:39:31,5.3,--,1319,699070,买盘
2282,09:39:28,5.3,0.01,673,356806,买盘
2283,09:39:25,5.29,0.01,237,125373,买盘
2284,09:39:19,5.28,-0.01,102,53856,卖盘
2285,09:39:16,5.29,--,4,2248,卖盘
2286,09:39:13,5.29,--,58,31078,买盘
2287,09:39:10,5.29,--,162,85698,买盘
2288,09:39:07,5.29,-0.01,340,179992,卖盘
2289,09:39:04,5.3,--,5,2650,买盘
2290,09:39:01,5.3,--,148,78440,买盘
2291,09:38:58,5.3,--,466,246980,买盘
2292,09:38:52,5.3,--,111,58830,买盘
2293,09:38:49,5.3,--,55,29150,买盘
2294,09:38:43,5.3,--,66,34980,买盘
2295,09:38:40,5.3,-0.01,988,523640,卖盘
2296,09:38:34,5.31,--,28,14867,买盘
2297,09:38:31,5.31,0.01,107,56816,买盘
2298,09:38:25,5.3,--,60,31800,卖盘
2299,09:38:22,5.3,-0.01,89,47170,卖盘
2300,09:38:19,5.31,--,61,32390,买盘
2301,09:38:16,5.31,0.01,237,125846,卖盘
2302,09:38:10,5.3,-0.01,320,169600,卖盘
2303,09:38:07,5.31,--,136,72216,卖盘
2304,09:38:04,5.31,0.01,2206,1171386,买盘
2305,09:38:01,5.3,--,38,20140,卖盘
2306,09:37:58,5.3,--,205,108650,卖盘
2307,09:37:55,5.3,-0.01,14,7420,卖盘
2308,09:37:52,5.31,0.01,175,92925,买盘
2309,09:37:49,5.3,--,62,32860,卖盘
2310,09:37:43,5.3,--,1050,556500,卖盘
2311,09:37:37,5.3,0.01,438,232140,买盘
2312,09:37:34,5.29,--,41,22085,买盘
2313,09:37:31,5.29,0.01,29,15341,买盘
2314,09:37:28,5.28,-0.01,27,14256,卖盘
2315,09:37:25,5.29,--,91,48139,买盘
2316,09:37:19,5.29,-0.01,970,513262,卖盘
2317,09:37:16,5.3,--,869,460570,买盘
2318,09:37:13,5.3,0.01,48,25440,买盘
2319,09:37:04,5.29,-0.01,92,48668,卖盘
2320,09:37:01,5.3,0.01,391,207230,买盘
2321,09:36:55,5.29,--,690,365010,卖盘
2322,09:36:52,5.29,--,18,9522,卖盘
2323,09:36:49,5.29,-0.01,669,353901,卖盘
2324,09:36:46,5.3,--,260,137800,买盘
2325,09:36:43,5.3,--,128,67840,买盘
2326,09:36:40,5.3,0.01,60,31800,买盘
2327,09:36:37,5.29,--,22,11638,卖盘
2328,09:36:34,5.29,0.01,101,53825,买盘
2329,09:36:31,5.28,-0.01,314,165792,卖盘
2330,09:36:28,5.29,--,480,253920,买盘
2331,09:36:25,5.29,--,204,107916,买盘
2332,09:36:22,5.29,0.01,41,21689,买盘
2333,09:36:19,5.28,--,255,134640,卖盘
2334,09:36:16,5.28,-0.01,117,61776,卖盘
2335,09:36:13,5.29,0.01,69,36501,买盘
2336,09:36:10,5.28,--,5,2640,卖盘
2337,09:36:07,5.28,--,230,121440,卖盘
2338,09:36:04,5.28,--,1346,710688,买盘
2339,09:36:01,5.28,--,76,40128,买盘
2340,09:35:55,5.28,--,1,528,买盘
2341,09:35:52,5.28,--,228,120384,买盘
2342,09:35:49,5.28,-0.01,334,176352,卖盘
2343,09:35:46,5.29,0.01,19,10051,买盘
2344,09:35:43,5.28,--,113,59664,卖盘
2345,09:35:40,5.28,-0.01,8,4224,卖盘
2346,09:35:37,5.29,--,75,39675,买盘
2347,09:35:34,5.29,--,61,32269,买盘
2348,09:35:28,5.29,0.01,20,10580,买盘
2349,09:35:25,5.28,-0.02,286,151008,卖盘
2350,09:35:22,5.3,--,580,307400,买盘
2351,09:35:19,5.3,--,138,73140,买盘
2352,09:35:16,5.3,-0.02,256,135680,卖盘
2353,09:35:10,5.32,--,201,106932,买盘
2354,09:35:07,5.32,0.01,230,122360,买盘
2355,09:35:04,5.31,--,928,492767,买盘
2356,09:35:01,5.31,0.01,25,13274,中性盘
2357,09:34:58,5.3,--,443,234790,卖盘
2358,09:34:55,5.3,0.01,64,33920,卖盘
2359,09:34:52,5.29,-0.02,1010,534290,卖盘
2360,09:34:46,5.31,0.01,997,529407,买盘
2361,09:34:43,5.3,--,60,31800,买盘
2362,09:34:40,5.3,0.01,40,21200,买盘
2363,09:34:37,5.29,-0.02,326,172454,卖盘
2364,09:34:34,5.31,0.01,840,446039,买盘
2365,09:34:31,5.3,--,241,127730,买盘
2366,09:34:28,5.3,0.01,443,234790,买盘
2367,09:34:25,5.29,-0.01,370,195730,卖盘
2368,09:34:19,5.3,--,724,383720,卖盘
2369,09:34:16,5.3,--,146,77380,卖盘
2370,09:34:13,5.3,-0.02,462,244860,买盘
2371,09:34:10,5.32,0.01,2038,1084216,买盘
2372,09:34:07,5.31,--,17,9027,买盘
2373,09:34:04,5.31,--,62,32922,买盘
2374,09:34:01,5.31,0.01,144,76464,买盘
2375,09:33:58,5.3,-0.01,269,142570,买盘
2376,09:33:55,5.31,0.01,279,148149,买盘
2377,09:33:52,5.3,--,20,10600,卖盘
2378,09:33:49,5.3,--,236,125080,卖盘
2379,09:33:46,5.3,--,165,87450,卖盘
2380,09:33:40,5.3,--,284,150520,买盘
2381,09:33:37,5.3,0.01,1,530,买盘
2382,09:33:34,5.29,-0.01,11,5819,卖盘
2383,09:33:31,5.3,0.01,467,247510,买盘
2384,09:33:28,5.29,--,1060,560740,卖盘
2385,09:33:25,5.29,-0.01,331,175099,卖盘
2386,09:33:22,5.3,--,239,126670,卖盘
2387,09:33:19,5.3,-0.01,133,70490,卖盘
2388,09:33:16,5.31,0.01,1695,900044,买盘
2389,09:33:13,5.3,0.01,89,47170,买盘
2390,09:33:10,5.29,0.01,315,166635,买盘
2391,09:33:07,5.28,-0.01,672,354816,卖盘
2392,09:33:04,5.29,--,217,114793,买盘
2393,09:33:01,5.29,--,215,113735,买盘
2394,09:32:58,5.29,0.01,14,7406,买盘
2395,09:32:55,5.28,--,97,51216,卖盘
2396,09:32:52,5.28,-0.01,5,2640,卖盘
2397,09:32:49,5.29,0.01,168,88872,买盘
2398,09:32:46,5.28,--,66,34848,买盘
2399,09:32:43,5.28,0.01,651,343728,买盘
2400,09:32:40,5.27,--,50,26349,卖盘
2401,09:32:31,5.27,--,370,194989,买盘
2402,09:32:28,5.27,--,327,172329,买盘
2403,09:32:25,5.27,--,3,1580,买盘
2404,09:32:22,5.27,-0.01,274,144398,卖盘
2405,09:32:19,5.28,--,704,371712,买盘
2406,09:32:13,5.28,0.01,59,31152,买盘
2407,09:32:10,5.27,-0.01,242,127533,卖盘
2408,09:32:07,5.28,--,62,32736,买盘
2409,09:32:04,5.28,0.01,403,212784,买盘
2410,09:31:58,5.27,--,220,115939,卖盘
2411,09:31:55,5.27,--,131,69037,卖盘
2412,09:31:49,5.27,--,884,465867,卖盘
2413,09:31:46,5.27,--,1262,665074,买盘
2414,09:31:40,5.27,0.01,50,26349,买盘
2415,09:31:37,5.26,-0.01,218,114668,卖盘
2416,09:31:34,5.27,--,6,3161,买盘
2417,09:31:31,5.27,--,134,70618,买盘
2418,09:31:25,5.27,--,340,179180,卖盘
2419,09:31:22,5.27,--,68,35836,卖盘
2420,09:31:19,5.27,-0.01,321,169167,卖盘
2421,09:31:16,5.28,--,10,5280,买盘
2422,09:31:13,5.28,--,76,40128,买盘
2423,09:31:10,5.28,--,57,30096,买盘
2424,09:31:07,5.28,--,43,22704,买盘
2425,09:31:04,5.28,--,25,13200,买盘
2426,09:31:01,5.28,-0.02,589,310992,卖盘
2427,09:30:58,5.3,-0.01,252,133560,买盘
2428,09:30:55,5.31,0.01,2257,1198467,买盘
2429,09:30:52,5.3,--,135,71550,卖盘
2430,09:30:49,5.3,--,208,110240,卖盘
2431,09:30:46,5.3,--,365,193450,卖盘
2432,09:30:43,5.3,--,486,257580,卖盘
2433,09:30:40,5.3,--,58,30740,卖盘
2434,09:30:37,5.3,0.02,748,396440,买盘
2435,09:30:34,5.28,-0.02,134,70752,卖盘
2436,09:30:31,5.3,--,579,306870,卖盘
2437,09:30:28,5.3,0.02,1024,542720,买盘
2438,09:30:25,5.28,-0.02,70,36960,卖盘
2439,09:30:19,5.3,--,489,259170,买盘
2440,09:30:16,5.3,0.02,191,101230,买盘
2441,09:30:10,5.28,-0.02,61,32208,卖盘
2442,09:30:07,5.3,0.04,2216,1174480,买盘
2443,09:30:04,5.26,0.01,1752,921978,买盘
2444,09:30:01,5.25,0.03,559,293475,买盘
2445,09:25:51,5.22,--,0,0,卖盘
2446,09:25:06,5.22,5.22,4611,2406942,买盘
