,time,price,change,volume,amount,type
0,15:00:21,10.81,--,6522,7050973,卖盘
1,14:58:05,10.81,--,0,0,卖盘
2,14:56:59,10.81,--,210,227010,卖盘
3,14:56:56,10.81,--,80,86480,卖盘
4,14:56:53,10.81,--,1679,1815042,卖盘
5,14:56:50,10.81,-0.01,14,16171,卖盘
6,14:56:47,10.82,0.01,10,11858,买盘
7,14:56:44,10.81,-0.01,21,22744,卖盘
8,14:56:38,10.82,0.01,58,62756,买盘
9,14:56:35,10.81,-0.01,64,70221,卖盘
10,14:56:32,10.82,0.01,53,57389,买盘
11,14:56:29,10.81,--,45,48688,卖盘
12,14:56:26,10.81,-0.01,17,19371,卖盘
13,14:56:23,10.82,0.01,745,806133,买盘
14,14:56:20,10.81,--,30,32430,卖盘
15,14:56:17,10.81,--,288,312365,卖盘
16,14:56:14,10.81,--,22,23868,卖盘
17,14:56:11,10.81,--,132,143729,卖盘
18,14:56:08,10.81,-0.01,80,86480,卖盘
19,14:56:05,10.82,0.01,4,5366,买盘
20,14:56:02,10.81,-0.01,54,58460,卖盘
21,14:55:59,10.82,0.01,12,14022,买盘
22,14:55:56,10.81,--,20,21620,卖盘
23,14:55:50,10.81,--,50,54050,卖盘
24,14:55:47,10.81,--,33,35716,卖盘
25,14:55:44,10.81,0.01,2031,2195813,买盘
26,14:55:41,10.8,-0.01,317,342403,卖盘
27,14:55:38,10.81,0.01,100,108100,买盘
28,14:55:35,10.8,--,314,340156,卖盘
29,14:55:32,10.8,-0.01,84,90720,卖盘
30,14:55:29,10.81,--,149,161112,买盘
31,14:55:26,10.81,--,1323,1430552,买盘
32,14:55:20,10.81,--,1082,1169642,买盘
33,14:55:14,10.81,0.01,50,54050,买盘
34,14:55:11,10.8,--,24,26956,卖盘
35,14:55:08,10.8,--,245,264643,卖盘
36,14:55:05,10.8,-0.01,122,131932,卖盘
37,14:55:02,10.81,--,100,108100,买盘
38,14:54:59,10.81,--,1,1124,买盘
39,14:54:50,10.81,--,122,131882,买盘
40,14:54:47,10.81,0.01,20,21620,买盘
41,14:54:41,10.8,--,116,126316,卖盘
42,14:54:38,10.8,-0.01,472,509760,卖盘
43,14:54:35,10.81,--,9,9772,买盘
44,14:54:32,10.81,0.01,82,88642,买盘
45,14:54:26,10.8,--,184,199756,卖盘
46,14:54:23,10.8,-0.01,15,16243,卖盘
47,14:54:20,10.81,0.01,206,222686,买盘
48,14:54:17,10.8,-0.01,2014,2176156,卖盘
49,14:54:14,10.81,--,126,136292,买盘
50,14:54:11,10.81,--,180,195617,买盘
51,14:54:08,10.81,--,4,5361,买盘
52,14:54:05,10.81,--,175,189218,买盘
53,14:54:02,10.81,--,234,252954,买盘
54,14:53:56,10.81,--,85,91928,买盘
55,14:53:53,10.81,--,198,215075,买盘
56,14:53:50,10.81,--,42,46439,买盘
57,14:53:47,10.81,0.01,30,32516,买盘
58,14:53:44,10.8,--,64,69120,卖盘
59,14:53:41,10.8,-0.01,137,148953,卖盘
60,14:53:38,10.81,--,138,149264,买盘
61,14:53:32,10.81,0.01,208,224848,买盘
62,14:53:29,10.8,-0.01,218,236476,卖盘
63,14:53:26,10.81,0.01,94,102651,买盘
64,14:53:23,10.8,--,139,150163,卖盘
65,14:53:20,10.8,--,423,456883,卖盘
66,14:53:14,10.8,-0.01,9,10713,卖盘
67,14:53:11,10.81,--,114,123320,买盘
68,14:53:08,10.81,--,4,4324,买盘
69,14:53:05,10.81,--,5,6399,买盘
70,14:53:02,10.81,--,213,230296,买盘
71,14:52:59,10.81,--,113,122196,买盘
72,14:52:56,10.81,--,44,48601,买盘
73,14:52:53,10.81,--,82,88642,买盘
74,14:52:50,10.81,--,37,40040,买盘
75,14:52:47,10.81,0.01,25,28019,买盘
76,14:52:44,10.8,-0.01,150,162086,卖盘
77,14:52:41,10.81,0.01,20,21620,买盘
78,14:52:38,10.8,-0.01,1,2073,卖盘
79,14:52:35,10.81,--,71,76794,买盘
80,14:52:32,10.81,--,19,20582,买盘
81,14:52:23,10.81,0.01,21,23695,买盘
82,14:52:17,10.8,--,60,64800,卖盘
83,14:52:14,10.8,--,60,64800,卖盘
84,14:52:11,10.8,-0.01,646,697766,卖盘
85,14:52:08,10.81,0.01,340,367540,买盘
86,14:52:05,10.8,-0.01,2220,2398636,卖盘
87,14:52:02,10.81,--,66,71346,买盘
88,14:51:59,10.81,--,56,60536,买盘
89,14:51:56,10.81,0.01,94,102651,买盘
90,14:51:50,10.8,-0.01,1,1123,卖盘
91,14:51:47,10.81,--,1024,1106944,买盘
92,14:51:44,10.81,0.01,220,237820,买盘
93,14:51:41,10.8,-0.01,172,185760,卖盘
94,14:51:38,10.81,0.01,8,8648,买盘
95,14:51:35,10.8,--,137,148003,卖盘
96,14:51:32,10.8,--,176,191116,卖盘
97,14:51:29,10.8,-0.01,368,398476,卖盘
98,14:51:26,10.81,0.01,7,7610,买盘
99,14:51:23,10.8,--,335,361843,卖盘
100,14:51:20,10.8,--,100,108000,卖盘
101,14:51:14,10.8,--,386,417916,卖盘
102,14:51:11,10.8,--,132,142560,卖盘
103,14:51:08,10.8,--,10,11836,卖盘
104,14:51:05,10.8,-0.01,258,278726,卖盘
105,14:51:02,10.81,0.01,52,57249,买盘
106,14:50:59,10.8,-0.01,3,3283,卖盘
107,14:50:56,10.81,--,80,86480,买盘
108,14:50:53,10.81,0.01,73,79907,买盘
109,14:50:50,10.8,--,152,164160,卖盘
110,14:50:47,10.8,--,134,144806,卖盘
111,14:50:44,10.8,-0.01,129,140313,卖盘
112,14:50:41,10.81,--,65,70308,买盘
113,14:50:35,10.81,--,13,14096,买盘
114,14:50:32,10.81,--,2,3199,买盘
115,14:50:29,10.81,--,21,22744,买盘
116,14:50:26,10.81,--,596,645313,卖盘
117,14:50:23,10.81,--,182,196742,卖盘
118,14:50:20,10.81,--,144,155664,卖盘
119,14:50:17,10.81,-0.01,226,245343,卖盘
120,14:50:14,10.82,0.01,601,650325,买盘
121,14:50:11,10.81,--,109,117872,卖盘
122,14:50:05,10.81,--,8292,8964689,卖盘
123,14:49:56,10.81,--,62,67281,卖盘
124,14:49:53,10.81,-0.01,21,23695,卖盘
125,14:49:50,10.82,--,7,7617,买盘
126,14:49:47,10.82,0.01,130,140660,买盘
127,14:49:44,10.81,-0.01,40,43240,卖盘
128,14:49:41,10.82,0.01,50,55138,买盘
129,14:49:35,10.81,-0.01,37,40040,卖盘
130,14:49:32,10.82,--,652,706243,卖盘
131,14:49:29,10.82,--,42,45444,卖盘
132,14:49:26,10.82,--,188,204454,卖盘
133,14:49:23,10.82,--,20,21640,卖盘
134,14:49:20,10.82,--,105,113653,卖盘
135,14:49:17,10.82,--,74,81106,卖盘
136,14:49:14,10.82,--,302,327110,买盘
137,14:49:08,10.82,--,67,72537,买盘
138,14:49:05,10.82,--,212,229384,买盘
139,14:48:56,10.82,--,4,5366,买盘
140,14:48:53,10.82,--,11,11945,买盘
141,14:48:50,10.82,--,4,5366,买盘
142,14:48:47,10.82,--,4,4328,买盘
143,14:48:44,10.82,--,1604,1736307,卖盘
144,14:48:41,10.82,--,80,86560,卖盘
145,14:48:38,10.82,-0.01,2,3202,卖盘
146,14:48:29,10.83,--,17,18454,买盘
147,14:48:26,10.83,0.01,82,89845,买盘
148,14:48:23,10.82,--,100,108200,卖盘
149,14:48:20,10.82,--,70,75740,卖盘
150,14:48:17,10.82,-0.01,21,22765,卖盘
151,14:48:14,10.83,0.01,10,10830,买盘
152,14:48:11,10.82,--,2,2164,卖盘
153,14:48:08,10.82,--,2,3202,卖盘
154,14:48:05,10.82,--,7,7790,卖盘
155,14:47:59,10.82,--,150,162300,卖盘
156,14:47:56,10.82,--,411,444745,卖盘
157,14:47:53,10.82,-0.01,56,61630,卖盘
158,14:47:47,10.83,0.01,566,612978,买盘
159,14:47:44,10.82,--,22,23804,卖盘
160,14:47:41,10.82,-0.01,116,125512,卖盘
161,14:47:38,10.83,0.01,40,43320,买盘
162,14:47:35,10.82,--,150,162300,卖盘
163,14:47:32,10.82,-0.01,10,10820,卖盘
164,14:47:29,10.83,--,32,34656,买盘
165,14:47:26,10.83,0.01,648,701957,买盘
166,14:47:20,10.82,-0.01,9,10733,中性盘
167,14:47:17,10.83,0.01,200,216600,买盘
168,14:47:14,10.82,--,859,929481,卖盘
169,14:47:11,10.82,-0.01,20,21640,卖盘
170,14:47:02,10.83,0.01,118,127794,买盘
171,14:46:59,10.82,--,6,7530,卖盘
172,14:46:53,10.82,--,36,38952,卖盘
173,14:46:50,10.82,-0.01,98,106122,卖盘
174,14:46:47,10.83,0.01,60,66019,买盘
175,14:46:44,10.82,--,180,194760,卖盘
176,14:46:32,10.82,--,15,16273,卖盘
177,14:46:26,10.82,--,108,116856,卖盘
178,14:46:23,10.82,-0.01,136,147152,卖盘
179,14:46:20,10.83,--,6,7537,买盘
180,14:46:17,10.83,0.01,1,1126,买盘
181,14:46:14,10.82,--,12,12984,卖盘
182,14:46:05,10.82,--,1,2077,卖盘
183,14:46:02,10.82,-0.01,10,10906,买盘
184,14:45:59,10.83,0.01,697,755847,买盘
185,14:45:56,10.82,-0.01,1618,1750762,卖盘
186,14:45:47,10.83,--,20,22699,买盘
187,14:45:44,10.83,--,10,10830,买盘
188,14:45:41,10.83,--,2,2166,买盘
189,14:45:38,10.83,--,103,111592,买盘
190,14:45:35,10.83,--,30,33529,买盘
191,14:45:32,10.83,--,22,24865,买盘
192,14:45:26,10.83,--,93,100762,买盘
193,14:45:23,10.83,0.01,8,8664,买盘
194,14:45:20,10.82,-0.01,24,25968,卖盘
195,14:45:17,10.83,0.01,474,514381,买盘
196,14:45:14,10.82,-0.01,10,10906,卖盘
197,14:45:11,10.83,0.01,29,32403,买盘
198,14:45:08,10.82,-0.01,25,27093,卖盘
199,14:45:05,10.83,0.01,6,6498,买盘
200,14:45:02,10.82,--,24,27006,卖盘
201,14:44:59,10.82,-0.01,26,28218,卖盘
202,14:44:56,10.83,--,213,231675,买盘
203,14:44:53,10.83,0.01,124,134292,买盘
204,14:44:50,10.82,--,303,328062,买盘
205,14:44:47,10.82,--,106,115730,买盘
206,14:44:44,10.82,--,1634,1767988,买盘
207,14:44:41,10.82,--,1508,1631656,买盘
208,14:44:38,10.82,0.01,273,295429,买盘
209,14:44:35,10.81,-0.01,500,541537,卖盘
210,14:44:32,10.82,--,154,166628,买盘
211,14:44:29,10.82,--,157,170350,买盘
212,14:44:26,10.82,--,224,243406,买盘
213,14:44:23,10.82,0.01,133,143949,买盘
214,14:44:17,10.81,-0.01,136,147016,卖盘
215,14:44:14,10.82,--,365,394973,买盘
216,14:44:08,10.82,--,288,312654,买盘
217,14:44:05,10.82,--,36,38952,买盘
218,14:44:02,10.82,--,98,106036,买盘
219,14:43:59,10.82,0.01,50,54100,买盘
220,14:43:56,10.81,--,1170,1264770,卖盘
221,14:43:53,10.81,-0.01,40,43240,卖盘
222,14:43:50,10.82,--,58,63794,买盘
223,14:43:47,10.82,0.01,337,364677,买盘
224,14:43:44,10.81,-0.01,34,36754,卖盘
225,14:43:38,10.82,--,15,16273,买盘
226,14:43:35,10.82,0.01,93,101621,买盘
227,14:43:26,10.81,--,60,64860,卖盘
228,14:43:23,10.81,--,48,51888,卖盘
229,14:43:20,10.81,--,105,113548,卖盘
230,14:43:17,10.81,--,52,56212,卖盘
231,14:43:14,10.81,-0.01,12,12972,卖盘
232,14:43:08,10.82,0.01,641,693605,买盘
233,14:43:05,10.81,--,136,147016,卖盘
234,14:43:02,10.81,--,156,168636,卖盘
235,14:42:59,10.81,-0.01,213,231247,卖盘
236,14:42:56,10.82,--,182,197010,买盘
237,14:42:50,10.82,--,76,82232,买盘
238,14:42:47,10.82,--,120,130878,买盘
239,14:42:41,10.82,0.01,180,194760,买盘
240,14:42:38,10.81,-0.01,1055,1141449,卖盘
241,14:42:35,10.82,-0.01,46,50810,卖盘
242,14:42:32,10.83,--,536,580488,买盘
243,14:42:29,10.83,0.01,24,25992,买盘
244,14:42:26,10.82,-0.01,2708,2930229,卖盘
245,14:42:23,10.83,0.01,276,299947,买盘
246,14:42:20,10.82,--,148,161174,卖盘
247,14:42:17,10.82,-0.01,49,53061,卖盘
248,14:42:14,10.83,--,20,21660,买盘
249,14:42:08,10.83,--,50,55189,买盘
250,14:42:05,10.83,--,29,31450,买盘
251,14:41:59,10.83,-0.01,3034,3285908,卖盘
252,14:41:56,10.84,--,162,176475,卖盘
253,14:41:53,10.84,--,100,108400,卖盘
254,14:41:50,10.84,--,521,564807,卖盘
255,14:41:47,10.84,-0.01,24,27056,卖盘
256,14:41:44,10.85,0.01,148,160580,买盘
257,14:41:41,10.84,--,40,43360,卖盘
258,14:41:38,10.84,--,11,11967,卖盘
259,14:41:35,10.84,-0.01,114,124616,卖盘
260,14:41:32,10.85,0.01,106,115010,买盘
261,14:41:29,10.84,--,25,27143,卖盘
262,14:41:23,10.84,-0.01,70,75880,卖盘
263,14:41:20,10.85,0.01,20,21700,买盘
264,14:41:17,10.84,--,528,572352,卖盘
265,14:41:14,10.84,--,100,108400,卖盘
266,14:41:11,10.84,--,172,186448,卖盘
267,14:41:08,10.84,-0.01,24,27056,卖盘
268,14:41:05,10.85,0.01,55,59718,买盘
269,14:40:59,10.84,--,128,138752,卖盘
270,14:40:53,10.84,--,166,180984,卖盘
271,14:40:50,10.84,-0.01,20,21680,卖盘
272,14:40:47,10.85,--,50,54250,买盘
273,14:40:44,10.85,--,2,2170,买盘
274,14:40:38,10.85,--,1001,1086128,卖盘
275,14:40:35,10.85,--,44,48781,卖盘
276,14:40:32,10.85,0.01,1954,2120090,买盘
277,14:40:29,10.84,--,30,32520,卖盘
278,14:40:26,10.84,--,100,108400,卖盘
279,14:40:23,10.84,-0.01,1,1127,卖盘
280,14:40:20,10.85,--,18,19530,买盘
281,14:40:17,10.85,--,30,32550,买盘
282,14:40:14,10.85,--,788,856021,卖盘
283,14:40:11,10.85,--,138,149730,卖盘
284,14:40:08,10.85,--,89,96608,卖盘
285,14:40:05,10.85,--,164,178981,卖盘
286,14:40:02,10.85,--,63,68398,卖盘
287,14:39:59,10.85,--,8,8680,卖盘
288,14:39:56,10.85,--,228,248421,卖盘
289,14:39:44,10.85,--,23,24998,卖盘
290,14:39:41,10.85,-0.01,204,222381,卖盘
291,14:39:38,10.86,0.01,67,72805,买盘
292,14:39:35,10.85,-0.01,116,125860,卖盘
293,14:39:29,10.86,--,88,96610,买盘
294,14:39:23,10.86,--,30,32580,买盘
295,14:39:20,10.86,--,10,10860,买盘
296,14:39:11,10.86,-0.01,1347,1463406,卖盘
297,14:39:04,10.87,--,38,41306,买盘
298,14:39:01,10.87,0.01,42,45654,买盘
299,14:38:58,10.86,--,240,261161,卖盘
300,14:38:52,10.86,--,5,5473,卖盘
301,14:38:49,10.86,--,272,295392,买盘
302,14:38:46,10.86,--,456,496258,买盘
303,14:38:43,10.86,--,3,3301,买盘
304,14:38:40,10.86,--,66,71676,买盘
305,14:38:31,10.86,0.01,156,170458,买盘
306,14:38:25,10.85,-0.01,81,87928,卖盘
307,14:38:19,10.86,--,32,34752,买盘
308,14:38:16,10.86,0.01,38,42310,买盘
309,14:38:13,10.85,-0.01,25,27168,卖盘
310,14:38:10,10.86,0.01,0,1042,买盘
311,14:38:07,10.85,--,45,48868,卖盘
312,14:38:04,10.85,--,10,10850,卖盘
313,14:37:58,10.85,--,160,174641,卖盘
314,14:37:52,10.85,--,40,43400,卖盘
315,14:37:46,10.85,-0.01,14,15190,卖盘
316,14:37:43,10.86,--,85,92353,买盘
317,14:37:40,10.86,--,118,129190,卖盘
318,14:37:37,10.86,--,70,76020,卖盘
319,14:37:34,10.86,0.01,3469,3767811,买盘
320,14:37:31,10.85,--,100,108500,卖盘
321,14:37:28,10.85,--,10,10850,卖盘
322,14:37:22,10.85,--,14,16231,卖盘
323,14:37:19,10.85,--,5,5468,卖盘
324,14:37:16,10.85,--,124,135581,卖盘
325,14:37:13,10.85,--,28,30380,买盘
326,14:37:10,10.85,-0.01,1431,1553372,卖盘
327,14:37:07,10.86,--,70,76020,卖盘
328,14:37:01,10.86,--,204,221544,卖盘
329,14:36:58,10.86,0.01,1382,1501199,买盘
330,14:36:55,10.85,0.01,2,2170,买盘
331,14:36:49,10.84,-0.01,52,56368,卖盘
332,14:36:46,10.85,--,77,83588,买盘
333,14:36:37,10.85,--,2,2170,买盘
334,14:36:28,10.85,--,186,202504,卖盘
335,14:36:25,10.85,--,338,366730,卖盘
336,14:36:22,10.85,--,12,14061,卖盘
337,14:36:13,10.85,--,22,23870,卖盘
338,14:36:10,10.85,--,200,217000,卖盘
339,14:36:07,10.85,-0.01,290,314650,卖盘
340,14:36:04,10.86,0.01,50,54300,买盘
341,14:36:01,10.85,-0.01,1,1128,卖盘
342,14:35:58,10.86,--,120,130320,买盘
343,14:35:55,10.86,0.01,164,179146,买盘
344,14:35:49,10.85,--,112,121520,卖盘
345,14:35:43,10.85,-0.01,20,21700,卖盘
346,14:35:37,10.86,0.01,105,114073,买盘
347,14:35:34,10.85,--,10,10850,卖盘
348,14:35:28,10.85,--,246,266910,卖盘
349,14:35:25,10.85,-0.01,2,2170,卖盘
350,14:35:22,10.86,--,158,172630,买盘
351,14:35:19,10.86,--,7,7645,买盘
352,14:35:16,10.86,--,6,7558,买盘
353,14:35:04,10.86,--,148,160728,买盘
354,14:35:01,10.86,0.01,5,5473,买盘
355,14:34:55,10.85,-0.01,20,21700,卖盘
356,14:34:49,10.86,0.01,600,652642,买盘
357,14:34:46,10.85,--,88,95480,卖盘
358,14:34:43,10.85,--,13,14148,卖盘
359,14:34:40,10.85,--,40,43400,卖盘
360,14:34:37,10.85,--,22,23870,卖盘
361,14:34:34,10.85,--,26,28210,卖盘
362,14:34:28,10.85,--,106,116051,卖盘
363,14:34:22,10.85,--,20,21700,卖盘
364,14:34:19,10.85,-0.01,33,35848,卖盘
365,14:34:16,10.86,0.01,92,99912,买盘
366,14:34:13,10.85,-0.01,76,83501,卖盘
367,14:34:07,10.86,0.01,128,139008,买盘
368,14:34:04,10.85,--,63,68398,卖盘
369,14:33:52,10.85,--,8,8680,卖盘
370,14:33:49,10.85,--,174,189831,卖盘
371,14:33:37,10.85,--,89,96608,卖盘
372,14:33:28,10.85,--,26,28210,卖盘
373,14:33:22,10.85,--,78,85671,卖盘
374,14:33:19,10.85,--,1,1128,卖盘
375,14:33:16,10.85,--,166,181151,卖盘
376,14:33:13,10.85,--,12,13020,卖盘
377,14:33:10,10.85,--,54,58590,卖盘
378,14:33:04,10.85,--,41,44528,卖盘
379,14:33:01,10.85,--,60,65100,卖盘
380,14:32:58,10.85,--,84,91140,卖盘
381,14:32:55,10.85,-0.01,2,2170,卖盘
382,14:32:52,10.86,0.01,66,71676,买盘
383,14:32:46,10.85,--,100,108500,卖盘
384,14:32:43,10.85,--,48,53121,卖盘
385,14:32:37,10.85,--,186,201810,卖盘
386,14:32:34,10.85,--,6,6510,卖盘
387,14:32:28,10.85,--,54,59024,买盘
388,14:32:25,10.85,--,30,33244,卖盘
389,14:32:22,10.85,-0.01,26,29251,卖盘
390,14:32:16,10.86,--,2,2172,买盘
391,14:32:13,10.86,0.01,44,47784,买盘
392,14:32:10,10.85,-0.01,118,128550,卖盘
393,14:32:07,10.86,0.01,8,8688,买盘
394,14:32:04,10.85,0.01,58,63884,买盘
395,14:31:58,10.84,--,11,11967,卖盘
396,14:31:55,10.84,-0.01,44,47696,卖盘
397,14:31:52,10.85,--,84,92181,买盘
398,14:31:49,10.85,0.01,14,15190,买盘
399,14:31:46,10.84,-0.01,1078,1168552,卖盘
400,14:31:40,10.85,--,109,118308,买盘
401,14:31:37,10.85,--,122,132370,买盘
402,14:31:34,10.85,0.01,110,120391,买盘
403,14:31:28,10.84,-0.01,753,816295,卖盘
404,14:31:25,10.85,--,58,62930,买盘
405,14:31:22,10.85,--,100,109541,买盘
406,14:31:16,10.85,0.01,20,21700,买盘
407,14:31:10,10.84,--,499,540959,卖盘
408,14:31:04,10.84,--,36,40064,卖盘
409,14:31:01,10.84,-0.01,55,59663,卖盘
410,14:30:58,10.85,0.01,8,8680,买盘
411,14:30:55,10.84,--,78,84552,卖盘
412,14:30:52,10.84,--,10,10840,卖盘
413,14:30:49,10.84,-0.01,16,17344,卖盘
414,14:30:46,10.85,0.01,6,6510,买盘
415,14:30:43,10.84,--,4,5376,卖盘
416,14:30:40,10.84,--,109,118199,卖盘
417,14:30:37,10.84,--,219,237786,卖盘
418,14:30:34,10.84,--,65,70503,卖盘
419,14:30:28,10.84,--,70,75880,卖盘
420,14:30:25,10.84,--,135,146383,卖盘
421,14:30:22,10.84,--,12,13008,卖盘
422,14:30:19,10.84,--,160,173440,卖盘
423,14:30:16,10.84,--,60,65040,卖盘
424,14:30:13,10.84,--,13,15089,卖盘
425,14:30:10,10.84,--,5,5463,卖盘
426,14:30:07,10.84,--,29,31479,卖盘
427,14:30:04,10.84,--,598,649272,卖盘
428,14:30:01,10.84,-0.01,20,21680,卖盘
429,14:29:55,10.85,0.01,66,72651,买盘
430,14:29:52,10.84,-0.01,17,18471,卖盘
431,14:29:46,10.85,0.01,105,113968,买盘
432,14:29:34,10.84,--,149,162513,卖盘
433,14:29:28,10.84,--,21,22807,卖盘
434,14:29:25,10.84,-0.01,2,2168,卖盘
435,14:29:19,10.85,--,27,29338,买盘
436,14:29:16,10.85,--,196,212660,卖盘
437,14:29:13,10.85,-0.01,158,172471,卖盘
438,14:29:10,10.86,0.01,198,215028,买盘
439,14:29:07,10.85,--,120,130200,卖盘
440,14:29:01,10.85,--,2,2170,卖盘
441,14:28:58,10.85,--,114,124731,卖盘
442,14:28:52,10.85,--,9,9808,卖盘
443,14:28:49,10.85,--,1,1128,买盘
444,14:28:46,10.85,0.01,18,20571,中性盘
445,14:28:43,10.84,-0.01,572,620048,卖盘
446,14:28:40,10.85,--,106,116051,卖盘
447,14:28:37,10.85,--,17,19356,买盘
448,14:28:34,10.85,--,57,61888,买盘
449,14:28:31,10.85,--,29,32463,买盘
450,14:28:28,10.85,--,19,20832,卖盘
451,14:28:22,10.85,--,115,124818,卖盘
452,14:28:16,10.85,--,20,21700,卖盘
453,14:28:10,10.85,--,23,24998,卖盘
454,14:28:07,10.85,--,1032,1120588,卖盘
455,14:28:04,10.85,--,16,18401,卖盘
456,14:28:01,10.85,-0.01,219,237658,卖盘
457,14:27:58,10.86,0.01,392,426754,买盘
458,14:27:55,10.85,--,76,83501,卖盘
459,14:27:52,10.85,-0.01,10,10936,卖盘
460,14:27:49,10.86,0.01,6,7558,买盘
461,14:27:46,10.85,-0.01,50,54250,卖盘
462,14:27:43,10.86,0.01,576,625536,买盘
463,14:27:40,10.85,--,4,5381,卖盘
464,14:27:37,10.85,-0.01,56,60760,卖盘
465,14:27:34,10.86,0.01,44,47784,买盘
466,14:27:31,10.85,--,19,20658,卖盘
467,14:27:28,10.85,--,75,81418,卖盘
468,14:27:22,10.85,--,9,10763,卖盘
469,14:27:19,10.85,--,36,39060,卖盘
470,14:27:16,10.85,--,25,27168,卖盘
471,14:27:13,10.85,--,13,14148,卖盘
472,14:27:10,10.85,-0.01,53,58503,卖盘
473,14:27:01,10.86,0.01,129,140137,买盘
474,14:26:58,10.85,-0.01,100,108500,卖盘
475,14:26:55,10.86,--,20,21720,买盘
476,14:26:52,10.86,--,22,23892,买盘
477,14:26:46,10.86,--,20,21720,买盘
478,14:26:37,10.86,0.01,106,115116,买盘
479,14:26:34,10.85,-0.01,53,57548,卖盘
480,14:26:31,10.86,--,29,32493,买盘
481,14:26:25,10.86,--,798,867409,卖盘
482,14:26:22,10.86,--,140,153082,卖盘
483,14:26:19,10.86,-0.01,5,5473,卖盘
484,14:26:16,10.87,0.01,18,20609,买盘
485,14:26:13,10.86,--,5,5473,卖盘
486,14:26:10,10.86,--,38,42310,卖盘
487,14:26:07,10.86,--,192,208512,卖盘
488,14:26:01,10.86,--,85,92700,卖盘
489,14:25:52,10.86,--,6,6516,卖盘
490,14:25:46,10.86,--,108,117288,买盘
491,14:25:43,10.86,--,10,10860,买盘
492,14:25:37,10.86,--,170,185662,买盘
493,14:25:31,10.86,--,35,38053,买盘
494,14:25:28,10.86,0.01,12,14074,买盘
495,14:25:25,10.85,-0.01,113,122648,卖盘
496,14:25:22,10.86,--,5,5473,买盘
497,14:25:13,10.86,--,77,84621,买盘
498,14:25:10,10.86,--,726,788522,卖盘
499,14:25:07,10.86,--,82,90094,卖盘
500,14:25:04,10.86,-0.01,10,10860,卖盘
501,14:24:55,10.87,--,59,64176,买盘
502,14:24:52,10.87,0.01,86,94525,买盘
503,14:24:49,10.86,--,62,68374,买盘
504,14:24:43,10.86,--,70,76106,买盘
505,14:24:37,10.86,--,52,57514,买盘
506,14:24:34,10.86,--,102,110772,买盘
507,14:24:31,10.86,--,25,27193,买盘
508,14:24:28,10.86,--,126,137878,买盘
509,14:24:25,10.86,--,44,47784,买盘
510,14:24:19,10.86,--,20,21720,买盘
511,14:24:16,10.86,--,70,76020,买盘
512,14:24:13,10.86,-0.01,641,696951,卖盘
513,14:24:07,10.87,--,70,76090,买盘
514,14:24:01,10.87,0.01,125,136092,买盘
515,14:23:58,10.86,--,53,57601,买盘
516,14:23:55,10.86,--,46,50998,买盘
517,14:23:52,10.86,-0.01,282,307120,卖盘
518,14:23:49,10.87,0.01,245,266532,买盘
519,14:23:46,10.86,--,46,50042,买盘
520,14:23:43,10.86,--,1042,1132220,卖盘
521,14:23:31,10.86,--,54,58644,卖盘
522,14:23:28,10.86,-0.01,2,3214,卖盘
523,14:23:25,10.87,--,40,43480,买盘
524,14:23:19,10.87,0.01,337,366797,买盘
525,14:23:16,10.86,--,86,93396,买盘
526,14:23:13,10.86,-0.01,928,1007808,卖盘
527,14:23:10,10.87,--,161,175050,买盘
528,14:23:07,10.87,--,37,41219,买盘
529,14:23:04,10.87,0.01,12,13043,买盘
530,14:22:58,10.86,--,27,29365,卖盘
531,14:22:55,10.86,-0.01,131,142309,中性盘
532,14:22:49,10.87,0.01,222,242357,买盘
533,14:22:43,10.86,--,1207,1311279,卖盘
534,14:22:37,10.86,-0.01,2,2172,卖盘
535,14:22:34,10.87,0.01,22,23914,买盘
536,14:22:31,10.86,--,32,34752,卖盘
537,14:22:22,10.86,-0.01,18,19548,卖盘
538,14:22:19,10.87,--,78,85829,买盘
539,14:22:16,10.87,--,159,172876,买盘
540,14:22:13,10.87,0.01,18,20609,买盘
541,14:22:07,10.86,--,374,406859,买盘
542,14:22:04,10.86,--,105,115029,买盘
543,14:22:01,10.86,--,83,90181,买盘
544,14:21:58,10.86,--,4,4344,买盘
545,14:21:55,10.86,--,458,497388,买盘
546,14:21:52,10.86,--,16,17376,买盘
547,14:21:49,10.86,0.01,46,50998,买盘
548,14:21:46,10.85,-0.01,215,233318,卖盘
549,14:21:43,10.86,--,228,247608,卖盘
550,14:21:37,10.86,--,4,4344,卖盘
551,14:21:34,10.86,-0.01,22,23892,卖盘
552,14:21:28,10.87,0.01,2,2174,买盘
553,14:21:25,10.86,--,407,442045,卖盘
554,14:21:22,10.86,-0.01,37,41181,卖盘
555,14:21:16,10.87,--,10,10956,买盘
556,14:21:13,10.87,--,65,71655,买盘
557,14:21:07,10.87,--,91,98960,买盘
558,14:21:04,10.87,0.02,560,608720,买盘
559,14:21:01,10.85,-0.01,131,142178,卖盘
560,14:20:58,10.86,--,100,108600,买盘
561,14:20:55,10.86,--,12,13032,买盘
562,14:20:52,10.86,--,246,268198,买盘
563,14:20:46,10.86,0.01,14,16246,买盘
564,14:20:43,10.85,-0.01,75,81418,卖盘
565,14:20:40,10.86,--,10,10860,买盘
566,14:20:37,10.86,--,260,282360,买盘
567,14:20:34,10.86,--,1034,1122924,买盘
568,14:20:28,10.86,--,271,294349,买盘
569,14:20:22,10.86,--,28,30408,买盘
570,14:20:19,10.86,--,9,10773,买盘
571,14:20:16,10.86,--,77,83665,买盘
572,14:20:13,10.86,-0.01,278,302776,卖盘
573,14:20:10,10.87,--,4,4348,买盘
574,14:20:03,10.87,0.01,4,4348,买盘
575,14:20:00,10.86,--,288,312941,买盘
576,14:19:57,10.86,--,257,279145,买盘
577,14:19:54,10.86,--,1,1129,买盘
578,14:19:48,10.86,--,74,81406,买盘
579,14:19:45,10.86,--,189,205297,买盘
580,14:19:42,10.86,--,579,629271,卖盘
581,14:19:39,10.86,--,20,21720,卖盘
582,14:19:33,10.86,--,38,42310,卖盘
583,14:19:30,10.86,--,68,74456,买盘
584,14:19:27,10.86,--,12,13032,买盘
585,14:19:21,10.86,--,50,54300,买盘
586,14:19:18,10.86,--,96,104256,买盘
587,14:19:15,10.86,--,56,61858,买盘
588,14:19:12,10.86,--,1135,1233435,卖盘
589,14:19:09,10.86,--,22,23892,卖盘
590,14:19:03,10.86,--,27,29365,卖盘
591,14:18:45,10.86,--,12,14074,卖盘
592,14:18:42,10.86,--,1346,1462016,卖盘
593,14:18:36,10.86,--,55,59773,买盘
594,14:18:33,10.86,--,371,402949,买盘
595,14:18:30,10.86,--,18,20590,买盘
596,14:18:27,10.86,--,38,41268,买盘
597,14:18:24,10.86,--,87,94525,买盘
598,14:18:18,10.86,--,108,118330,买盘
599,14:18:15,10.86,-0.01,841,913630,卖盘
600,14:18:09,10.87,0.01,2,2174,买盘
601,14:18:06,10.86,-0.01,10,10860,卖盘
602,14:18:03,10.87,--,2,2174,买盘
603,14:18:00,10.87,0.01,586,638025,买盘
604,14:17:57,10.86,--,432,469152,卖盘
605,14:17:45,10.86,-0.01,188,204168,卖盘
606,14:17:39,10.87,--,282,306534,卖盘
607,14:17:36,10.87,-0.01,6,6521,卖盘
608,14:17:33,10.88,0.01,9,9835,买盘
609,14:17:30,10.87,--,18,20609,卖盘
610,14:17:27,10.87,--,2,2174,卖盘
611,14:17:24,10.87,0.01,56,60871,买盘
612,14:17:21,10.86,-0.01,95,103213,卖盘
613,14:17:18,10.87,--,34,36958,买盘
614,14:17:12,10.87,--,1330,1446144,买盘
615,14:17:06,10.87,--,3,3304,买盘
616,14:17:03,10.87,--,52,56523,买盘
617,14:17:00,10.87,--,30,32609,买盘
618,14:16:57,10.87,--,10,10870,买盘
619,14:16:51,10.87,--,44,48871,买盘
620,14:16:48,10.87,--,81,88090,买盘
621,14:16:45,10.87,--,18,20609,买盘
622,14:16:42,10.87,--,173,188355,卖盘
623,14:16:36,10.87,--,9,10783,卖盘
624,14:16:33,10.87,--,107,117222,买盘
625,14:16:30,10.87,--,22,24957,买盘
626,14:16:27,10.87,--,82,89134,买盘
627,14:16:24,10.87,--,13,14174,买盘
628,14:16:21,10.87,--,78,84786,买盘
629,14:16:18,10.87,--,116,127135,买盘
630,14:16:15,10.87,--,220,239139,买盘
631,14:16:12,10.87,--,766,832728,卖盘
632,14:16:03,10.87,--,22,24957,卖盘
633,14:15:57,10.87,--,100,108699,卖盘
634,14:15:54,10.87,--,10,10870,卖盘
635,14:15:51,10.87,0.01,244,265228,买盘
636,14:15:48,10.86,--,56,61858,卖盘
637,14:15:45,10.86,--,33,35881,卖盘
638,14:15:42,10.86,-0.01,1352,1468880,卖盘
639,14:15:39,10.87,--,233,253314,买盘
640,14:15:36,10.87,--,170,184790,买盘
641,14:15:33,10.87,--,14,16261,买盘
642,14:15:27,10.87,0.01,42,45654,买盘
643,14:15:24,10.86,-0.01,63,68461,卖盘
644,14:15:21,10.87,0.01,86,94525,买盘
645,14:15:18,10.86,--,43,46741,卖盘
646,14:15:12,10.86,--,12,14074,卖盘
647,14:15:09,10.86,-0.01,1573,1709016,卖盘
648,14:15:03,10.87,--,38,41392,买盘
649,14:15:00,10.87,0.01,80,86960,买盘
650,14:14:57,10.86,-0.01,53,58557,卖盘
651,14:14:51,10.87,--,54,58784,买盘
652,14:14:48,10.87,--,21,23827,买盘
653,14:14:45,10.87,--,358,389232,卖盘
654,14:14:42,10.87,-0.01,1353,1471189,卖盘
655,14:14:39,10.88,0.01,2,2176,买盘
656,14:14:36,10.87,--,14,15217,卖盘
657,14:14:33,10.87,-0.01,28,30435,卖盘
658,14:14:27,10.88,--,68,73984,买盘
659,14:14:24,10.88,--,58,63104,买盘
660,14:14:18,10.88,--,114,124032,买盘
661,14:14:15,10.88,--,154,167552,买盘
662,14:14:12,10.88,--,52,56576,买盘
663,14:14:09,10.88,-0.01,117,127339,卖盘
664,14:14:06,10.89,0.01,250,273295,买盘
665,14:14:00,10.88,--,22,23936,卖盘
666,14:13:57,10.88,--,82,89216,买盘
667,14:13:54,10.88,--,34,36992,卖盘
668,14:13:48,10.88,-0.01,20,21760,卖盘
669,14:13:45,10.89,0.01,616,670824,买盘
670,14:13:42,10.88,--,1432,1558364,卖盘
671,14:13:39,10.88,--,31,33771,卖盘
672,14:13:36,10.88,--,340,370094,买盘
673,14:13:33,10.88,--,56,60928,买盘
674,14:13:30,10.88,--,63,68587,买盘
675,14:13:27,10.88,--,84,92436,买盘
676,14:13:24,10.88,--,170,184960,买盘
677,14:13:18,10.88,--,18,20628,买盘
678,14:13:15,10.88,--,27,29419,买盘
679,14:13:09,10.88,--,1142,1242496,卖盘
680,14:13:06,10.88,--,22,23936,卖盘
681,14:13:03,10.88,--,4,5396,卖盘
682,14:12:57,10.88,--,14,15319,卖盘
683,14:12:54,10.88,-0.01,32,35860,卖盘
684,14:12:51,10.89,--,22,23958,买盘
685,14:12:48,10.89,0.01,9,9844,买盘
686,14:12:45,10.88,--,1101,1198888,卖盘
687,14:12:36,10.88,-0.01,54,58839,卖盘
688,14:12:33,10.89,0.01,572,623953,买盘
689,14:12:30,10.88,--,96,104448,卖盘
690,14:12:27,10.88,-0.01,10,10880,卖盘
691,14:12:24,10.89,0.01,561,610972,买盘
692,14:12:21,10.88,-0.01,4,5396,卖盘
693,14:12:18,10.89,--,47,51226,买盘
694,14:12:12,10.89,0.01,29,32582,买盘
695,14:12:09,10.88,--,160,174080,卖盘
696,14:12:06,10.88,--,98,106711,卖盘
697,14:11:57,10.88,--,106,116372,卖盘
698,14:11:54,10.88,--,25,27243,卖盘
699,14:11:51,10.88,--,65,71720,卖盘
700,14:11:48,10.88,--,26,28375,卖盘
701,14:11:45,10.88,-0.01,41,45608,卖盘
702,14:11:42,10.89,--,12,13068,买盘
703,14:11:39,10.89,0.01,16,17424,买盘
704,14:11:33,10.88,-0.01,39,42475,卖盘
705,14:11:30,10.89,--,474,516186,买盘
706,14:11:24,10.89,0.01,282,307098,买盘
707,14:11:21,10.88,-0.01,100,109844,卖盘
708,14:11:15,10.89,0.01,3,3310,买盘
709,14:11:12,10.88,-0.01,2,2176,卖盘
710,14:11:09,10.89,0.01,102,112123,买盘
711,14:11:06,10.88,-0.01,214,232919,卖盘
712,14:11:03,10.89,--,9,10802,买盘
713,14:11:00,10.89,--,2,2265,买盘
714,14:10:51,10.89,--,14,16291,买盘
715,14:10:48,10.89,--,6,7579,买盘
716,14:10:42,10.89,--,109,119093,卖盘
717,14:10:39,10.89,--,499,543454,卖盘
718,14:10:36,10.89,--,42,45738,卖盘
719,14:10:33,10.89,--,166,180774,卖盘
720,14:10:27,10.89,--,206,225379,卖盘
721,14:10:24,10.89,--,60,65340,卖盘
722,14:10:21,10.89,--,93,101320,卖盘
723,14:10:18,10.89,-0.01,120,131725,卖盘
724,14:10:15,10.9,--,79,86153,买盘
725,14:10:12,10.9,0.01,128,140566,买盘
726,14:10:09,10.89,-0.01,51,55582,卖盘
727,14:10:03,10.9,0.01,10,10900,买盘
728,14:10:00,10.89,--,0,1045,卖盘
729,14:09:57,10.89,--,577,628396,卖盘
730,14:09:54,10.89,-0.01,14,15246,卖盘
731,14:09:51,10.9,--,30,32700,买盘
732,14:09:48,10.9,--,4,4360,买盘
733,14:09:42,10.9,0.01,2,3226,买盘
734,14:09:39,10.89,--,5,5488,卖盘
735,14:09:36,10.89,-0.01,46,51139,卖盘
736,14:09:33,10.9,0.01,201,219133,买盘
737,14:09:27,10.89,-0.01,10,10890,卖盘
738,14:09:24,10.9,0.01,40,43600,买盘
739,14:09:21,10.89,-0.01,14,15246,卖盘
740,14:09:15,10.9,--,586,639786,买盘
741,14:09:12,10.9,0.01,11,12033,买盘
742,14:09:09,10.89,-0.01,572,622908,卖盘
743,14:09:03,10.9,--,84,91560,买盘
744,14:09:00,10.9,--,10,11946,买盘
745,14:08:57,10.9,--,10,10900,买盘
746,14:08:54,10.9,--,200,218000,买盘
747,14:08:45,10.9,--,10,10900,买盘
748,14:08:33,10.9,0.01,34,37060,买盘
749,14:08:30,10.89,-0.01,23,25090,卖盘
750,14:08:18,10.9,--,8,9766,买盘
751,14:08:09,10.9,-0.01,300,327000,卖盘
752,14:08:06,10.91,--,84,91644,买盘
753,14:08:03,10.91,--,837,913210,买盘
754,14:08:00,10.91,0.01,48,53415,买盘
755,14:07:57,10.9,--,19,20753,卖盘
756,14:07:54,10.9,--,134,147106,卖盘
757,14:07:51,10.9,-0.01,58,63220,卖盘
758,14:07:45,10.91,0.01,12,13092,买盘
759,14:07:42,10.9,-0.01,12,13080,卖盘
760,14:07:36,10.91,0.01,34,37094,买盘
761,14:07:33,10.9,-0.01,2,2180,卖盘
762,14:07:24,10.91,0.01,6,6546,买盘
763,14:07:21,10.9,--,50,54500,卖盘
764,14:07:15,10.9,-0.01,1,1133,卖盘
765,14:07:12,10.91,0.01,418,456038,买盘
766,14:07:09,10.9,--,8,9766,卖盘
767,14:07:06,10.9,--,73,79613,卖盘
768,14:07:03,10.9,--,58,63220,卖盘
769,14:06:51,10.9,-0.01,50,54500,卖盘
770,14:06:48,10.91,--,16,17456,买盘
771,14:06:45,10.91,--,8,9775,买盘
772,14:06:42,10.91,--,10,10910,买盘
773,14:06:39,10.91,0.01,58,63278,买盘
774,14:06:36,10.9,-0.01,154,167860,卖盘
775,14:06:33,10.91,--,51,55684,买盘
776,14:06:30,10.91,0.01,2,3229,买盘
777,14:06:27,10.9,--,1003,1093313,卖盘
778,14:06:24,10.9,-0.01,4,4360,卖盘
779,14:06:21,10.91,--,92,101419,买盘
780,14:06:12,10.91,0.01,14,15274,买盘
781,14:06:09,10.9,--,20,21800,卖盘
782,14:06:03,10.9,--,46,50140,卖盘
783,14:05:57,10.9,--,10,10900,卖盘
784,14:05:51,10.9,-0.01,10,10900,卖盘
785,14:05:48,10.91,--,16,17456,买盘
786,14:05:42,10.91,--,75,81868,买盘
787,14:05:36,10.91,0.01,46,50186,买盘
788,14:05:33,10.9,-0.01,48,53366,卖盘
789,14:05:30,10.91,0.01,111,121144,买盘
790,14:05:24,10.9,--,0,1046,卖盘
791,14:05:21,10.9,--,1,1133,卖盘
792,14:05:18,10.9,--,50,54500,卖盘
793,14:05:12,10.9,--,110,119900,卖盘
794,14:05:06,10.9,-0.01,8,9766,卖盘
795,14:05:03,10.91,--,44,48004,买盘
796,14:05:00,10.91,0.01,30,32730,买盘
797,14:04:57,10.9,--,51,55633,卖盘
798,14:04:51,10.9,-0.01,8,9766,卖盘
799,14:04:48,10.91,0.01,22,24002,买盘
800,14:04:45,10.9,-0.01,97,105773,卖盘
801,14:04:39,10.91,0.01,124,135284,买盘
802,14:04:36,10.9,-0.01,116,126440,卖盘
803,14:04:30,10.91,0.01,140,153787,买盘
804,14:04:24,10.9,--,3,3313,卖盘
805,14:04:18,10.9,-0.01,12,14126,卖盘
806,14:04:15,10.91,--,21,22954,买盘
807,14:04:12,10.91,--,162,177789,买盘
808,14:04:06,10.91,0.01,27,29500,买盘
809,14:03:57,10.9,-0.01,2,2180,卖盘
810,14:03:51,10.91,--,2,3229,买盘
811,14:03:45,10.91,--,10,10910,买盘
812,14:03:42,10.91,0.01,76,82916,买盘
813,14:03:39,10.9,--,128,139520,卖盘
814,14:03:33,10.9,-0.01,23,25113,卖盘
815,14:03:30,10.91,0.01,10,10910,买盘
816,14:03:27,10.9,--,10,10900,卖盘
817,14:03:24,10.9,-0.01,10,11946,卖盘
818,14:03:18,10.91,0.01,105,114598,买盘
819,14:03:15,10.9,-0.01,76,83886,卖盘
820,14:03:12,10.91,0.01,20,21820,买盘
821,14:03:09,10.9,--,197,214773,卖盘
822,14:03:06,10.9,--,64,69760,卖盘
823,14:03:03,10.9,--,30,33746,卖盘
824,14:03:00,10.9,--,4,4360,卖盘
825,14:02:54,10.9,-0.01,30,32700,卖盘
826,14:02:48,10.91,0.01,8,8728,买盘
827,14:02:45,10.9,-0.01,67,73073,卖盘
828,14:02:42,10.91,0.01,18,20685,买盘
829,14:02:39,10.9,--,8,8720,卖盘
830,14:02:36,10.9,-0.01,464,505760,卖盘
831,14:02:24,10.91,0.01,102,111282,买盘
832,14:02:18,10.9,-0.01,1,1133,卖盘
833,14:02:12,10.91,--,18,20685,买盘
834,14:02:09,10.91,-0.01,10,10910,买盘
835,14:02:00,10.92,0.01,2135,2331463,买盘
836,14:01:57,10.91,--,4,4364,买盘
837,14:01:51,10.91,0.01,88,97055,买盘
838,14:01:48,10.9,-0.02,457,498609,卖盘
839,14:01:45,10.92,--,16,18520,买盘
840,14:01:39,10.92,0.01,10,10920,买盘
841,14:01:36,10.91,0.01,5,5498,卖盘
842,14:01:33,10.9,--,10,10900,卖盘
843,14:01:30,10.9,-0.02,102,112226,卖盘
844,14:01:24,10.92,0.02,1111,1213255,买盘
845,14:01:18,10.9,-0.01,4,4360,卖盘
846,14:01:15,10.91,--,8,9775,买盘
847,14:01:12,10.91,0.01,78,85098,买盘
848,14:01:09,10.9,--,19,20753,卖盘
849,14:01:06,10.9,--,22,23980,卖盘
850,14:01:03,10.9,--,10,10900,卖盘
851,14:01:00,10.9,--,200,218000,卖盘
852,14:00:54,10.9,--,10,10900,卖盘
853,14:00:51,10.9,--,20,21800,卖盘
854,14:00:45,10.9,--,94,103070,买盘
855,14:00:39,10.9,--,43,47349,卖盘
856,14:00:36,10.9,-0.01,12,13080,卖盘
857,14:00:33,10.91,0.01,100,109100,买盘
858,14:00:24,10.9,-0.01,564,615806,卖盘
859,14:00:21,10.91,--,19,20772,买盘
860,14:00:11,10.91,--,54,59961,卖盘
861,14:00:08,10.91,--,20,21820,卖盘
862,14:00:05,10.91,--,10,10910,卖盘
863,13:59:59,10.91,-0.01,20,21820,卖盘
864,13:59:53,10.92,0.01,1066,1164072,买盘
865,13:59:50,10.91,--,53,58477,买盘
866,13:59:44,10.91,0.01,29,31682,中性盘
867,13:59:35,10.9,--,6,6540,卖盘
868,13:59:32,10.9,-0.01,10,10900,卖盘
869,13:59:29,10.91,-0.01,10,10910,中性盘
870,13:59:14,10.92,0.01,3916,4277320,买盘
871,13:59:11,10.91,--,4,4364,买盘
872,13:59:05,10.91,--,8,8728,买盘
873,13:58:59,10.91,0.01,7,7680,买盘
874,13:58:56,10.9,-0.01,0,1046,卖盘
875,13:58:53,10.91,--,66,72006,买盘
876,13:58:50,10.91,0.01,360,392760,买盘
877,13:58:44,10.9,--,18,19620,卖盘
878,13:58:41,10.9,-0.01,23,25113,卖盘
879,13:58:38,10.91,0.01,28,30548,买盘
880,13:58:35,10.9,--,8,8720,卖盘
881,13:58:32,10.9,--,4,4360,卖盘
882,13:58:29,10.9,--,2,3226,卖盘
883,13:58:26,10.9,--,115,125393,卖盘
884,13:58:20,10.9,--,0,1046,卖盘
885,13:58:17,10.9,-0.01,5,5493,卖盘
886,13:58:05,10.91,0.01,36,39276,买盘
887,13:58:02,10.9,-0.01,4,4360,卖盘
888,13:57:53,10.91,--,66,72006,买盘
889,13:57:50,10.91,--,86,94873,买盘
890,13:57:47,10.91,--,100,109100,买盘
891,13:57:44,10.91,0.01,11,12044,买盘
892,13:57:41,10.9,--,150,163500,卖盘
893,13:57:32,10.9,-0.01,300,327000,卖盘
894,13:57:29,10.91,0.01,34,38141,买盘
895,13:57:26,10.9,-0.01,126,137340,卖盘
896,13:57:23,10.91,--,1095,1194688,买盘
897,13:57:20,10.91,--,56,61096,买盘
898,13:57:14,10.91,--,60,66507,买盘
899,13:57:11,10.91,--,68,74188,买盘
900,13:56:59,10.91,0.01,112,122192,买盘
901,13:56:53,10.9,--,50,54500,卖盘
902,13:56:50,10.9,-0.01,20,21800,卖盘
903,13:56:47,10.91,--,20,21820,买盘
904,13:56:38,10.91,--,13,14226,买盘
905,13:56:35,10.91,0.02,70,76370,买盘
906,13:56:32,10.89,-0.02,108,117612,卖盘
907,13:56:23,10.91,0.01,58,63278,买盘
908,13:56:20,10.9,--,0,1046,卖盘
909,13:56:17,10.9,-0.01,6,6540,卖盘
910,13:56:11,10.91,--,1273,1388886,买盘
911,13:56:08,10.91,0.01,70,76370,买盘
912,13:56:05,10.9,-0.01,10,11946,卖盘
913,13:56:02,10.91,0.01,921,1004854,买盘
914,13:55:59,10.9,-0.01,1030,1122700,卖盘
915,13:55:56,10.91,0.01,52,56732,买盘
916,13:55:50,10.9,-0.01,12,14126,卖盘
917,13:55:47,10.91,0.01,20,21820,买盘
918,13:55:44,10.9,-0.01,5,5493,卖盘
919,13:55:41,10.91,--,118,128738,买盘
920,13:55:38,10.91,--,84,92691,买盘
921,13:55:35,10.91,0.01,535,583728,买盘
922,13:55:32,10.9,--,10,10900,卖盘
923,13:55:29,10.9,--,6,7586,卖盘
924,13:55:26,10.9,--,10,10900,卖盘
925,13:55:20,10.9,--,14,15260,卖盘
926,13:55:17,10.9,--,6,6540,卖盘
927,13:55:14,10.9,--,51,55633,卖盘
928,13:55:11,10.9,--,20,21800,卖盘
929,13:55:08,10.9,--,124,136206,卖盘
930,13:55:02,10.9,--,213,232213,卖盘
931,13:54:59,10.9,--,108,117720,卖盘
932,13:54:56,10.9,--,6,6540,卖盘
933,13:54:53,10.9,--,4,5406,卖盘
934,13:54:50,10.9,--,39,42553,卖盘
935,13:54:47,10.9,--,0,1046,卖盘
936,13:54:41,10.9,--,84,91560,卖盘
937,13:54:35,10.9,--,20,21800,卖盘
938,13:54:32,10.9,--,10,10900,卖盘
939,13:54:29,10.9,0.01,580,633072,买盘
940,13:54:26,10.89,--,508,553212,卖盘
941,13:54:23,10.89,-0.01,2,3223,卖盘
942,13:54:20,10.9,0.01,60,65400,买盘
943,13:54:14,10.89,--,25,27268,卖盘
944,13:54:11,10.89,-0.01,10,10890,卖盘
945,13:54:08,10.9,--,10,11946,买盘
946,13:54:05,10.9,--,46,50140,买盘
947,13:54:02,10.9,--,577,628973,买盘
948,13:53:59,10.9,0.01,10,10900,买盘
949,13:53:56,10.89,--,6,6534,卖盘
950,13:53:53,10.89,-0.01,124,136081,卖盘
951,13:53:50,10.9,--,130,141700,买盘
952,13:53:47,10.9,--,26,28340,买盘
953,13:53:44,10.9,--,138,150420,买盘
954,13:53:32,10.9,--,15,16393,买盘
955,13:53:29,10.9,--,10,11946,买盘
956,13:53:20,10.9,--,237,258635,卖盘
957,13:53:17,10.9,--,6,6540,卖盘
958,13:53:08,10.9,--,51,56418,买盘
959,13:53:05,10.9,0.01,72,78480,买盘
960,13:53:02,10.89,-0.01,10,10890,卖盘
961,13:52:59,10.9,--,4,5406,买盘
962,13:52:56,10.9,--,525,572293,买盘
963,13:52:53,10.9,--,12,13080,买盘
964,13:52:47,10.9,0.01,416,454486,买盘
965,13:52:41,10.89,--,50,54450,卖盘
966,13:52:38,10.89,-0.01,10,10890,卖盘
967,13:52:35,10.9,0.01,14,15260,买盘
968,13:52:32,10.89,--,1140,1241460,卖盘
969,13:52:23,10.89,--,2,2178,卖盘
970,13:52:20,10.89,-0.01,1000,1089000,卖盘
971,13:52:14,10.9,0.01,32,34880,买盘
972,13:52:11,10.89,--,30,32670,卖盘
973,13:52:08,10.89,--,67,73006,卖盘
974,13:51:59,10.89,--,4,5401,卖盘
975,13:51:53,10.89,-0.01,20,21780,卖盘
976,13:51:50,10.9,0.01,33,36013,买盘
977,13:51:44,10.89,--,0,1045,卖盘
978,13:51:38,10.89,-0.01,50,54450,卖盘
979,13:51:35,10.9,0.01,19,20753,买盘
980,13:51:32,10.89,-0.01,50,54450,卖盘
981,13:51:29,10.9,0.01,2,3226,买盘
982,13:51:26,10.89,--,7,7666,卖盘
983,13:51:23,10.89,--,0,1045,卖盘
984,13:51:14,10.89,-0.01,10,10890,卖盘
985,13:51:08,10.9,--,67,73073,买盘
986,13:51:05,10.9,--,64,69760,买盘
987,13:51:02,10.9,0.01,26,28340,买盘
988,13:50:59,10.89,-0.01,2,2178,卖盘
989,13:50:53,10.9,--,422,459980,买盘
990,13:50:50,10.9,0.01,66,71940,买盘
991,13:50:47,10.89,--,20,22825,卖盘
992,13:50:44,10.89,--,182,198198,卖盘
993,13:50:38,10.89,-0.01,40,43560,卖盘
994,13:50:35,10.9,0.01,61,66533,买盘
995,13:50:32,10.89,--,48,52272,卖盘
996,13:50:26,10.89,-0.01,30,32670,卖盘
997,13:50:23,10.9,--,10,10900,买盘
998,13:50:17,10.9,--,2114,2304260,买盘
999,13:50:11,10.9,--,72,79526,买盘
1000,13:50:05,10.9,--,34,37060,买盘
1001,13:50:02,10.9,--,62,67580,买盘
1002,13:49:56,10.9,0.01,79,86153,买盘
1003,13:49:53,10.89,--,50,54450,卖盘
1004,13:49:50,10.89,--,10,10890,卖盘
1005,13:49:47,10.89,--,10,10890,卖盘
1006,13:49:44,10.89,-0.01,10,10890,卖盘
1007,13:49:41,10.9,0.01,0,1046,买盘
1008,13:49:38,10.89,-0.01,39,42514,卖盘
1009,13:49:35,10.9,0.01,74,81706,买盘
1010,13:49:32,10.89,-0.01,6,6795,卖盘
1011,13:49:29,10.9,--,44,49006,买盘
1012,13:49:23,10.9,--,33,36013,买盘
1013,13:49:20,10.9,--,4,4360,买盘
1014,13:49:17,10.9,--,160,174400,买盘
1015,13:49:08,10.9,0.01,48,53366,买盘
1016,13:48:56,10.89,--,100,108900,卖盘
1017,13:48:53,10.89,--,60,65340,卖盘
1018,13:48:47,10.89,--,128,139392,卖盘
1019,13:48:44,10.89,-0.01,3,3310,卖盘
1020,13:48:41,10.9,--,62,67580,买盘
1021,13:48:35,10.9,0.01,36,39240,买盘
1022,13:48:29,10.89,--,0,1045,卖盘
1023,13:48:26,10.89,--,11,12022,卖盘
1024,13:48:23,10.89,-0.01,4,5401,卖盘
1025,13:48:20,10.9,0.01,51,55633,买盘
1026,13:48:17,10.89,-0.01,16,18469,卖盘
1027,13:48:14,10.9,0.01,126,137340,买盘
1028,13:48:11,10.89,-0.01,70,76230,卖盘
1029,13:48:08,10.9,0.01,70,76300,买盘
1030,13:48:05,10.89,--,79,86074,卖盘
1031,13:48:02,10.89,-0.01,14,15246,卖盘
1032,13:47:59,10.9,0.01,10,10900,买盘
1033,13:47:56,10.89,--,2,3223,卖盘
1034,13:47:53,10.89,--,23,25090,卖盘
1035,13:47:44,10.89,-0.01,2,3223,卖盘
1036,13:47:35,10.9,--,34,37060,买盘
1037,13:47:32,10.9,--,1059,1154615,卖盘
1038,13:47:23,10.9,-0.01,10,10900,卖盘
1039,13:47:20,10.91,--,30,32730,买盘
1040,13:47:17,10.91,0.01,72,78552,买盘
1041,13:47:14,10.9,-0.01,202,220180,卖盘
1042,13:47:08,10.91,0.01,46,50186,买盘
1043,13:47:05,10.9,-0.01,55,59950,卖盘
1044,13:46:59,10.91,--,30,32730,买盘
1045,13:46:56,10.91,--,56,61096,买盘
1046,13:46:53,10.91,--,351,382941,买盘
1047,13:46:47,10.91,--,90,98190,买盘
1048,13:46:44,10.91,--,15,16365,买盘
1049,13:46:35,10.91,0.01,80,87280,买盘
1050,13:46:32,10.9,--,3,3270,卖盘
1051,13:46:29,10.9,-0.01,23,25070,卖盘
1052,13:46:20,10.91,--,66,72006,买盘
1053,13:46:14,10.91,--,300,327300,买盘
1054,13:46:11,10.91,--,54,58914,买盘
1055,13:46:08,10.91,0.01,74,80734,买盘
1056,13:46:05,10.9,-0.01,5,5450,卖盘
1057,13:45:59,10.91,0.01,15,16365,买盘
1058,13:45:56,10.9,--,50,54500,卖盘
1059,13:45:53,10.9,--,5,5450,卖盘
1060,13:45:50,10.9,-0.01,102,111180,卖盘
1061,13:45:47,10.91,0.01,15,16365,买盘
1062,13:45:44,10.9,--,68,74120,卖盘
1063,13:45:41,10.9,-0.01,168,183120,卖盘
1064,13:45:38,10.91,--,613,668783,买盘
1065,13:45:29,10.91,0.01,116,126556,买盘
1066,13:45:26,10.9,-0.01,5,5450,卖盘
1067,13:45:23,10.91,--,400,436400,买盘
1068,13:45:20,10.91,--,118,128738,买盘
1069,13:45:17,10.91,--,40,43640,买盘
1070,13:45:14,10.91,0.01,30,32730,买盘
1071,13:45:11,10.9,--,26,28340,卖盘
1072,13:45:08,10.9,-0.01,1,1090,卖盘
1073,13:45:05,10.91,0.01,54,58914,买盘
1074,13:45:02,10.9,--,9,9810,卖盘
1075,13:44:59,10.9,--,98,106820,卖盘
1076,13:44:56,10.9,-0.01,10,10900,卖盘
1077,13:44:53,10.91,0.01,40,43640,买盘
1078,13:44:50,10.9,--,14,15260,卖盘
1079,13:44:47,10.9,-0.01,19,20710,卖盘
1080,13:44:44,10.91,0.01,80,87280,买盘
1081,13:44:41,10.9,--,17,18530,卖盘
1082,13:44:38,10.9,--,54,58860,卖盘
1083,13:44:35,10.9,--,4,4360,卖盘
1084,13:44:32,10.9,--,282,307380,卖盘
1085,13:44:29,10.9,-0.01,10,10900,卖盘
1086,13:44:26,10.91,--,82,89462,买盘
1087,13:44:23,10.91,--,261,284751,买盘
1088,13:44:17,10.91,--,63,68733,买盘
1089,13:44:14,10.91,0.01,23,25093,买盘
1090,13:44:11,10.9,--,61,66490,卖盘
1091,13:44:08,10.9,--,16,17440,卖盘
1092,13:44:05,10.9,-0.01,65,70850,卖盘
1093,13:44:02,10.91,0.01,395,430945,买盘
1094,13:43:59,10.9,-0.01,282,307380,卖盘
1095,13:43:56,10.91,--,26,28366,买盘
1096,13:43:50,10.91,--,78,85098,买盘
1097,13:43:47,10.91,0.01,38,41458,买盘
1098,13:43:44,10.9,--,716,780440,卖盘
1099,13:43:41,10.9,-0.01,15,16350,卖盘
1100,13:43:38,10.91,--,34,37094,买盘
1101,13:43:35,10.91,--,227,247657,买盘
1102,13:43:32,10.91,0.01,365,398215,买盘
1103,13:43:26,10.9,--,316,344440,卖盘
1104,13:43:23,10.9,--,216,236224,买盘
1105,13:43:20,10.9,--,87,94830,买盘
1106,13:43:17,10.9,--,553,602770,买盘
1107,13:43:11,10.9,--,441,480690,买盘
1108,13:43:05,10.9,--,40,43600,买盘
1109,13:43:02,10.9,--,103,112270,买盘
1110,13:42:59,10.9,0.01,38,41420,买盘
1111,13:42:56,10.89,-0.01,122,132858,卖盘
1112,13:42:53,10.9,0.01,15,16350,买盘
1113,13:42:50,10.89,-0.01,134,145926,卖盘
1114,13:42:47,10.9,--,38,41420,买盘
1115,13:42:44,10.9,0.01,350,381500,买盘
1116,13:42:38,10.89,--,55,59895,卖盘
1117,13:42:35,10.89,-0.01,99,107811,卖盘
1118,13:42:29,10.9,--,1,1090,买盘
1119,13:42:26,10.9,--,78,85020,买盘
1120,13:42:23,10.9,--,108,118330,卖盘
1121,13:42:20,10.9,-0.01,25,27250,卖盘
1122,13:42:17,10.91,0.01,42,45822,买盘
1123,13:42:14,10.9,--,12,13080,卖盘
1124,13:42:10,10.9,--,68,74120,卖盘
1125,13:42:04,10.9,--,58,63220,卖盘
1126,13:42:01,10.9,-0.01,39,42510,卖盘
1127,13:41:58,10.91,0.01,35,38185,买盘
1128,13:41:52,10.9,--,4,4360,卖盘
1129,13:41:49,10.9,--,292,318280,卖盘
1130,13:41:43,10.9,-0.01,15,16350,卖盘
1131,13:41:40,10.91,0.01,68,74188,买盘
1132,13:41:37,10.9,--,12,13080,卖盘
1133,13:41:34,10.9,--,75,81750,卖盘
1134,13:41:31,10.9,-0.01,68,74120,卖盘
1135,13:41:28,10.91,0.01,283,308753,买盘
1136,13:41:25,10.9,-0.01,10,10900,卖盘
1137,13:41:22,10.91,0.01,194,211654,买盘
1138,13:41:19,10.9,-0.01,3,3270,卖盘
1139,13:41:16,10.91,0.01,22,24002,买盘
1140,13:41:13,10.9,-0.01,45,49050,卖盘
1141,13:41:10,10.91,0.01,37,40367,买盘
1142,13:41:07,10.9,--,54,58860,卖盘
1143,13:41:04,10.9,--,90,98100,卖盘
1144,13:41:01,10.9,--,30,32700,卖盘
1145,13:40:55,10.9,--,72,79090,卖盘
1146,13:40:52,10.9,--,59,64310,卖盘
1147,13:40:49,10.9,--,214,233260,卖盘
1148,13:40:46,10.9,--,140,152600,卖盘
1149,13:40:40,10.9,--,102,111180,卖盘
1150,13:40:37,10.9,--,10,10900,卖盘
1151,13:40:34,10.9,--,16,17440,卖盘
1152,13:40:31,10.9,--,85,92650,卖盘
1153,13:40:28,10.9,--,53,57770,卖盘
1154,13:40:25,10.9,--,793,865329,买盘
1155,13:40:22,10.9,--,329,358610,买盘
1156,13:40:19,10.9,--,363,395800,卖盘
1157,13:40:16,10.9,--,10,10900,卖盘
1158,13:40:13,10.9,--,132,143880,卖盘
1159,13:40:10,10.9,--,1378,1502020,卖盘
1160,13:40:04,10.9,--,20,21800,卖盘
1161,13:40:01,10.9,--,21,22890,卖盘
1162,13:39:58,10.9,--,132,143880,卖盘
1163,13:39:55,10.9,--,20,21800,卖盘
1164,13:39:52,10.9,--,1150,1253500,卖盘
1165,13:39:43,10.9,--,316,344440,卖盘
1166,13:39:40,10.9,-0.01,70,76300,卖盘
1167,13:39:34,10.91,0.01,352,384032,买盘
1168,13:39:31,10.9,-0.01,75,81750,卖盘
1169,13:39:28,10.91,0.01,43,46913,买盘
1170,13:39:25,10.9,--,561,611490,卖盘
1171,13:39:22,10.9,--,64,69760,卖盘
1172,13:39:16,10.9,--,588,640920,卖盘
1173,13:39:13,10.9,-0.01,4,4360,卖盘
1174,13:39:10,10.91,--,138,150558,买盘
1175,13:39:07,10.91,0.01,77,84007,买盘
1176,13:39:04,10.9,--,15,16350,卖盘
1177,13:39:01,10.9,-0.01,345,376050,卖盘
1178,13:38:58,10.91,--,13,14183,买盘
1179,13:38:55,10.91,0.01,42,45822,买盘
1180,13:38:52,10.9,-0.01,120,130800,卖盘
1181,13:38:49,10.91,0.01,37,40367,买盘
1182,13:38:46,10.9,-0.01,11,11990,卖盘
1183,13:38:43,10.91,--,2,2182,买盘
1184,13:38:37,10.91,0.01,17,18547,买盘
1185,13:38:34,10.9,-0.01,4,4360,卖盘
1186,13:38:31,10.91,0.01,66,72006,买盘
1187,13:38:28,10.9,-0.01,2,2180,卖盘
1188,13:38:25,10.91,0.01,88,96008,买盘
1189,13:38:22,10.9,-0.01,4,4360,卖盘
1190,13:38:16,10.91,0.01,44,48004,买盘
1191,13:38:13,10.9,-0.01,577,628930,卖盘
1192,13:38:07,10.91,0.01,37,40367,买盘
1193,13:38:04,10.9,-0.01,2,2180,卖盘
1194,13:37:52,10.91,--,18,19638,买盘
1195,13:37:49,10.91,-0.01,37,40367,买盘
1196,13:37:46,10.92,--,212,231504,买盘
1197,13:37:43,10.92,0.01,679,741468,买盘
1198,13:37:40,10.91,--,48,52368,卖盘
1199,13:37:37,10.91,--,406,442946,卖盘
1200,13:37:34,10.91,--,23,25093,卖盘
1201,13:37:31,10.91,-0.01,10,10910,卖盘
1202,13:37:25,10.92,0.01,368,401856,买盘
1203,13:37:22,10.91,--,12,13092,卖盘
1204,13:37:19,10.91,--,5,5455,卖盘
1205,13:37:16,10.91,--,13,14183,卖盘
1206,13:37:13,10.91,--,110,120010,卖盘
1207,13:37:10,10.91,--,52,56732,卖盘
1208,13:37:07,10.91,--,116,126556,卖盘
1209,13:37:04,10.91,--,29,31639,卖盘
1210,13:37:01,10.91,-0.01,32,34912,卖盘
1211,13:36:58,10.92,0.01,62,67704,买盘
1212,13:36:52,10.91,--,22,24002,卖盘
1213,13:36:49,10.91,-0.01,135,147285,卖盘
1214,13:36:46,10.92,--,58,63336,买盘
1215,13:36:43,10.92,0.01,27,29484,买盘
1216,13:36:40,10.91,-0.01,124,135284,卖盘
1217,13:36:37,10.92,0.01,82,89544,买盘
1218,13:36:34,10.91,-0.01,60,65460,卖盘
1219,13:36:28,10.92,--,120,131040,买盘
1220,13:36:25,10.92,--,63,68796,买盘
1221,13:36:19,10.92,--,14,15288,买盘
1222,13:36:16,10.92,0.01,26,28392,买盘
1223,13:36:13,10.91,-0.01,1182,1289562,卖盘
1224,13:36:07,10.92,0.01,37,40404,买盘
1225,13:36:01,10.91,-0.01,59,64369,卖盘
1226,13:35:58,10.92,0.01,104,113568,买盘
1227,13:35:55,10.91,--,64,69824,卖盘
1228,13:35:52,10.91,-0.01,267,291297,卖盘
1229,13:35:46,10.92,0.01,52,56784,买盘
1230,13:35:43,10.91,-0.01,85,92735,卖盘
1231,13:35:37,10.92,0.01,66,72072,买盘
1232,13:35:37,10.91,--,13,14183,卖盘
1233,13:35:31,10.91,--,20,21820,卖盘
1234,13:35:28,10.91,--,43,46913,卖盘
1235,13:35:25,10.91,--,14,15274,卖盘
1236,13:35:19,10.91,-0.01,3,3273,卖盘
1237,13:35:16,10.92,0.01,1,1092,买盘
1238,13:35:10,10.91,--,8,8728,卖盘
1239,13:35:07,10.91,--,54,58914,卖盘
1240,13:35:04,10.91,-0.01,32,34912,卖盘
1241,13:35:01,10.92,0.01,7,7644,买盘
1242,13:34:58,10.91,--,30,32730,卖盘
1243,13:34:52,10.91,--,5,5455,卖盘
1244,13:34:49,10.91,-0.01,11,12001,卖盘
1245,13:34:46,10.92,--,38,41496,买盘
1246,13:34:40,10.92,--,266,290472,买盘
1247,13:34:37,10.92,--,23,25116,买盘
1248,13:34:34,10.92,0.01,22,24024,买盘
1249,13:34:28,10.91,--,88,96008,卖盘
1250,13:34:25,10.91,-0.01,14,15274,卖盘
1251,13:34:19,10.92,0.01,22,24024,买盘
1252,13:34:16,10.91,-0.01,51,55641,卖盘
1253,13:34:13,10.92,--,200,218400,买盘
1254,13:34:10,10.92,0.01,37,40404,买盘
1255,13:34:01,10.91,-0.01,21,22911,卖盘
1256,13:33:58,10.92,0.01,20,21840,买盘
1257,13:33:52,10.91,-0.01,3,3273,卖盘
1258,13:33:49,10.92,--,449,490308,买盘
1259,13:33:46,10.92,--,37,40404,买盘
1260,13:33:43,10.92,0.01,66,72072,买盘
1261,13:33:40,10.91,--,369,402579,卖盘
1262,13:33:34,10.91,--,480,523680,卖盘
1263,13:33:31,10.91,-0.01,1,1091,卖盘
1264,13:33:28,10.92,0.01,38,41496,买盘
1265,13:33:25,10.91,--,26,28366,卖盘
1266,13:33:22,10.91,--,179,195289,卖盘
1267,13:33:19,10.91,--,371,404761,卖盘
1268,13:33:16,10.91,-0.01,64,69824,卖盘
1269,13:33:07,10.92,--,95,103740,买盘
1270,13:33:04,10.92,--,12,13104,买盘
1271,13:33:01,10.92,0.01,36,39312,买盘
1272,13:32:55,10.91,--,8,8728,卖盘
1273,13:32:52,10.91,--,100,109100,买盘
1274,13:32:49,10.91,--,143,156013,买盘
1275,13:32:46,10.91,--,37,40367,买盘
1276,13:32:43,10.91,--,66,72006,买盘
1277,13:32:40,10.91,-0.01,140,152740,卖盘
1278,13:32:37,10.92,0.01,576,628992,买盘
1279,13:32:34,10.91,--,500,545500,卖盘
1280,13:32:31,10.91,--,6,6546,卖盘
1281,13:32:28,10.91,--,238,259658,卖盘
1282,13:32:25,10.91,-0.01,50,54550,卖盘
1283,13:32:22,10.92,0.01,94,102648,买盘
1284,13:32:16,10.91,--,20,21820,卖盘
1285,13:32:10,10.91,--,56,61096,卖盘
1286,13:32:07,10.91,--,46,50186,卖盘
1287,13:32:04,10.91,--,30,32730,卖盘
1288,13:31:55,10.91,-0.01,40,43640,卖盘
1289,13:31:52,10.92,0.01,1040,1135680,买盘
1290,13:31:46,10.91,--,169,184379,卖盘
1291,13:31:43,10.91,-0.01,20,21820,卖盘
1292,13:31:40,10.92,0.01,129,140868,买盘
1293,13:31:34,10.91,--,5,5455,卖盘
1294,13:31:31,10.91,-0.01,20,21820,卖盘
1295,13:31:28,10.92,0.01,338,369096,买盘
1296,13:31:25,10.91,-0.01,31,33821,卖盘
1297,13:31:22,10.92,0.01,102,111384,买盘
1298,13:31:16,10.91,--,20,21820,卖盘
1299,13:31:13,10.91,--,32,34912,卖盘
1300,13:31:10,10.91,-0.01,67,73097,卖盘
1301,13:31:07,10.92,--,60,65520,买盘
1302,13:31:04,10.92,--,141,153972,买盘
1303,13:30:58,10.92,0.01,3,3276,买盘
1304,13:30:55,10.91,-0.01,100,109100,卖盘
1305,13:30:52,10.92,0.01,10,10920,买盘
1306,13:30:49,10.91,-0.01,105,114555,卖盘
1307,13:30:46,10.92,0.01,109,119028,买盘
1308,13:30:43,10.91,--,73,79643,卖盘
1309,13:30:37,10.91,-0.01,73,79643,卖盘
1310,13:30:34,10.92,0.01,47,51324,买盘
1311,13:30:31,10.91,-0.01,13,14183,卖盘
1312,13:30:28,10.92,0.01,120,131040,买盘
1313,13:30:22,10.91,-0.01,21,22911,卖盘
1314,13:30:19,10.92,0.01,3,3276,买盘
1315,13:30:16,10.91,-0.01,64,69824,卖盘
1316,13:30:13,10.92,0.01,245,267540,买盘
1317,13:30:01,10.91,--,32,34912,卖盘
1318,13:29:58,10.91,-0.01,67,73097,卖盘
1319,13:29:55,10.92,0.01,20,21840,买盘
1320,13:29:52,10.91,--,103,112373,卖盘
1321,13:29:49,10.91,--,1816,1981256,卖盘
1322,13:29:40,10.91,--,66,72006,卖盘
1323,13:29:37,10.91,--,30,32730,卖盘
1324,13:29:34,10.91,--,9,9819,卖盘
1325,13:29:28,10.91,--,15,16365,卖盘
1326,13:29:25,10.91,-0.01,48,52368,卖盘
1327,13:29:22,10.92,0.01,92,100464,买盘
1328,13:29:19,10.91,--,40,43640,卖盘
1329,13:29:16,10.91,--,5,5455,卖盘
1330,13:29:13,10.91,--,10,10910,卖盘
1331,13:29:10,10.91,-0.01,38,41458,卖盘
1332,13:29:07,10.92,--,117,127764,买盘
1333,13:29:01,10.92,0.01,65,70980,买盘
1334,13:28:58,10.91,--,42,45822,卖盘
1335,13:28:55,10.91,--,280,305480,卖盘
1336,13:28:52,10.91,--,128,139648,卖盘
1337,13:28:49,10.91,--,39,42549,卖盘
1338,13:28:46,10.91,--,88,96008,卖盘
1339,13:28:43,10.91,--,40,43640,卖盘
1340,13:28:40,10.91,--,20,21820,卖盘
1341,13:28:34,10.91,-0.01,102,111282,卖盘
1342,13:28:28,10.92,0.01,131,143052,买盘
1343,13:28:19,10.91,--,60,65460,卖盘
1344,13:28:13,10.91,--,7,7637,卖盘
1345,13:28:10,10.91,-0.01,3,3273,卖盘
1346,13:28:07,10.92,0.01,47,51324,买盘
1347,13:28:04,10.91,--,23,25093,卖盘
1348,13:28:01,10.91,-0.02,9,9819,卖盘
1349,13:27:58,10.93,0.01,350,382550,买盘
1350,13:27:55,10.92,--,66,72072,买盘
1351,13:27:52,10.92,-0.01,880,962008,卖盘
1352,13:27:46,10.93,--,53,57929,买盘
1353,13:27:43,10.93,0.01,82,89626,买盘
1354,13:27:40,10.92,--,4,4368,卖盘
1355,13:27:37,10.92,--,86,93912,卖盘
1356,13:27:34,10.92,--,682,744744,卖盘
1357,13:27:31,10.92,--,8,8736,卖盘
1358,13:27:28,10.92,--,123,134316,卖盘
1359,13:27:25,10.92,--,37,40404,卖盘
1360,13:27:22,10.92,--,127,138684,卖盘
1361,13:27:19,10.92,--,3,3276,卖盘
1362,13:27:16,10.92,--,12,13104,卖盘
1363,13:27:10,10.92,--,180,196560,卖盘
1364,13:27:07,10.92,-0.01,40,43680,卖盘
1365,13:27:04,10.93,0.01,356,389108,买盘
1366,13:27:01,10.92,-0.01,17,18564,卖盘
1367,13:26:55,10.93,--,66,72138,买盘
1368,13:26:49,10.93,-0.01,242,265336,卖盘
1369,13:26:46,10.94,0.01,74,80956,买盘
1370,13:26:43,10.93,-0.01,100,109300,卖盘
1371,13:26:40,10.94,0.01,17,18598,买盘
1372,13:26:37,10.93,--,320,349760,卖盘
1373,13:26:34,10.93,-0.01,21,22953,卖盘
1374,13:26:31,10.94,0.01,16,17504,买盘
1375,13:26:28,10.93,--,381,416433,卖盘
1376,13:26:25,10.93,--,68,74324,卖盘
1377,13:26:22,10.93,--,129,140997,卖盘
1378,13:26:19,10.93,--,58,63394,卖盘
1379,13:26:16,10.93,--,32,34976,卖盘
1380,13:26:13,10.93,--,338,369434,卖盘
1381,13:26:10,10.93,--,158,172694,卖盘
1382,13:26:04,10.93,-0.01,50,54650,卖盘
1383,13:26:01,10.94,0.01,42,45948,买盘
1384,13:25:58,10.93,--,182,198926,卖盘
1385,13:25:55,10.93,-0.01,125,136625,卖盘
1386,13:25:52,10.94,0.01,109,119246,买盘
1387,13:25:49,10.93,--,210,229530,卖盘
1388,13:25:46,10.93,-0.01,922,1007746,卖盘
1389,13:25:40,10.94,0.01,304,332576,买盘
1390,13:25:37,10.93,--,335,366155,卖盘
1391,13:25:34,10.93,--,5,5465,卖盘
1392,13:25:31,10.93,--,25,27325,卖盘
1393,13:25:28,10.93,--,154,168322,卖盘
1394,13:25:25,10.93,--,81,88533,卖盘
1395,13:25:22,10.93,--,4,4372,卖盘
1396,13:25:19,10.93,--,22,24046,卖盘
1397,13:25:16,10.93,--,125,136625,卖盘
1398,13:25:13,10.93,--,288,314784,卖盘
1399,13:25:07,10.93,--,57,62301,卖盘
1400,13:25:04,10.93,-0.01,27,29511,卖盘
1401,13:25:01,10.94,0.01,66,72204,买盘
1402,13:24:58,10.93,--,31,33883,卖盘
1403,13:24:52,10.93,--,68,74804,卖盘
1404,13:24:49,10.93,--,284,311286,买盘
1405,13:24:46,10.93,0.01,40,43720,买盘
1406,13:24:43,10.92,-0.01,139,151788,卖盘
1407,13:24:40,10.93,--,201,219693,买盘
1408,13:24:37,10.93,--,28,30604,买盘
1409,13:24:34,10.93,0.01,713,779309,买盘
1410,13:24:28,10.92,-0.01,237,258804,卖盘
1411,13:24:19,10.93,--,1,1093,买盘
1412,13:24:16,10.93,--,1,1093,买盘
1413,13:24:10,10.93,--,386,422116,卖盘
1414,13:24:07,10.93,--,11,12023,卖盘
1415,13:24:04,10.93,--,186,203298,卖盘
1416,13:24:01,10.93,--,11,12023,卖盘
1417,13:23:58,10.93,--,102,111486,卖盘
1418,13:23:55,10.93,--,10,10930,卖盘
1419,13:23:52,10.93,--,3,3279,卖盘
1420,13:23:46,10.93,--,113,123509,卖盘
1421,13:23:43,10.93,--,28,30604,卖盘
1422,13:23:40,10.93,--,102,112360,卖盘
1423,13:23:34,10.93,--,153,167229,卖盘
1424,13:23:31,10.93,-0.01,49,53557,卖盘
1425,13:23:28,10.94,0.01,239,261466,买盘
1426,13:23:22,10.93,--,111,121323,卖盘
1427,13:23:19,10.93,--,25,27325,卖盘
1428,13:23:13,10.93,--,2,2186,卖盘
1429,13:23:07,10.93,-0.01,147,160671,卖盘
1430,13:23:04,10.94,0.01,33,36102,买盘
1431,13:22:58,10.93,-0.01,20,21860,卖盘
1432,13:22:55,10.94,0.01,46,50324,买盘
1433,13:22:49,10.93,-0.01,84,91812,卖盘
1434,13:22:46,10.94,0.01,594,649836,买盘
1435,13:22:43,10.93,-0.01,20,21860,卖盘
1436,13:22:37,10.94,0.01,1,1094,买盘
1437,13:22:34,10.93,-0.01,101,110393,卖盘
1438,13:22:31,10.94,0.01,51,55794,买盘
1439,13:22:28,10.93,-0.01,20,21860,卖盘
1440,13:22:25,10.94,0.01,64,70016,买盘
1441,13:22:22,10.93,--,50,54650,买盘
1442,13:22:19,10.93,--,5,5465,买盘
1443,13:22:13,10.93,0.01,1,1093,中性盘
1444,13:22:07,10.92,-0.02,104,113568,卖盘
1445,13:22:04,10.94,0.01,400,437600,买盘
1446,13:22:01,10.93,--,134,146462,买盘
1447,13:21:58,10.93,--,49,54387,卖盘
1448,13:21:52,10.93,-0.01,122,133346,卖盘
1449,13:21:49,10.94,0.01,1421,1554574,买盘
1450,13:21:46,10.93,--,5,5465,卖盘
1451,13:21:43,10.93,--,10,10930,卖盘
1452,13:21:37,10.93,-0.01,42,45906,卖盘
1453,13:21:34,10.94,--,50,54700,买盘
1454,13:21:27,10.94,--,3,3282,买盘
1455,13:21:24,10.94,0.01,42,45948,买盘
1456,13:21:21,10.93,-0.01,20,21860,卖盘
1457,13:21:18,10.94,0.01,82,89970,买盘
1458,13:21:15,10.93,-0.01,587,641591,卖盘
1459,13:21:12,10.94,--,42,45948,买盘
1460,13:21:09,10.94,--,14,15316,买盘
1461,13:21:06,10.94,0.01,117,127998,买盘
1462,13:21:03,10.93,-0.01,162,177066,卖盘
1463,13:20:57,10.94,0.01,28,30632,买盘
1464,13:20:54,10.93,-0.01,10,10930,卖盘
1465,13:20:48,10.94,--,168,183792,买盘
1466,13:20:42,10.94,--,285,311790,买盘
1467,13:20:39,10.94,0.01,54,59076,买盘
1468,13:20:33,10.93,-0.01,3,3279,卖盘
1469,13:20:30,10.94,--,32,35008,买盘
1470,13:20:27,10.94,0.01,88,96272,买盘
1471,13:20:21,10.93,--,5,5465,卖盘
1472,13:20:18,10.93,--,24,26232,卖盘
1473,13:20:15,10.93,--,140,153020,卖盘
1474,13:20:12,10.93,--,127,138811,卖盘
1475,13:20:09,10.93,-0.01,146,159578,卖盘
1476,13:20:06,10.94,--,37,40478,买盘
1477,13:20:03,10.94,0.01,9,9846,买盘
1478,13:20:00,10.93,0.01,68,74324,买盘
1479,13:19:57,10.92,--,73,79716,卖盘
1480,13:19:54,10.92,--,22,24024,卖盘
1481,13:19:51,10.92,--,1109,1211028,卖盘
1482,13:19:48,10.92,--,352,384384,卖盘
1483,13:19:45,10.92,--,100,109200,卖盘
1484,13:19:39,10.92,--,5,5460,卖盘
1485,13:19:36,10.92,-0.01,2,2184,卖盘
1486,13:19:33,10.93,0.01,6,6558,买盘
1487,13:19:30,10.92,--,60,65520,卖盘
1488,13:19:27,10.92,-0.01,57,62244,卖盘
1489,13:19:18,10.93,--,11,12023,买盘
1490,13:19:09,10.93,0.01,68,74324,买盘
1491,13:19:06,10.92,--,78,85176,卖盘
1492,13:19:03,10.92,--,5,5460,卖盘
1493,13:19:00,10.92,-0.01,127,138684,卖盘
1494,13:18:57,10.93,0.01,9,9837,买盘
1495,13:18:51,10.92,-0.01,28,30576,卖盘
1496,13:18:45,10.93,0.01,905,989165,卖盘
1497,13:18:33,10.92,-0.01,31,34594,卖盘
1498,13:18:30,10.93,--,120,131160,买盘
1499,13:18:27,10.93,--,41,44856,买盘
1500,13:18:24,10.93,0.01,10,10930,买盘
1501,13:18:21,10.92,--,170,185640,卖盘
1502,13:18:18,10.92,-0.01,30,32760,卖盘
1503,13:18:15,10.93,--,66,72138,买盘
1504,13:18:12,10.93,0.01,79,87133,买盘
1505,13:18:03,10.92,-0.01,22,24024,卖盘
1506,13:18:00,10.93,0.01,17,18581,买盘
1507,13:17:57,10.92,--,60,65520,卖盘
1508,13:17:54,10.92,-0.01,30,32760,卖盘
1509,13:17:51,10.93,0.01,240,262320,买盘
1510,13:17:48,10.92,--,40,43680,卖盘
1511,13:17:45,10.92,--,605,660660,卖盘
1512,13:17:42,10.92,-0.01,1,1092,卖盘
1513,13:17:36,10.93,0.01,411,449223,买盘
1514,13:17:33,10.92,-0.01,1,1092,卖盘
1515,13:17:30,10.93,--,10,10930,买盘
1516,13:17:27,10.93,--,65,71045,买盘
1517,13:17:21,10.93,--,1,1093,买盘
1518,13:17:18,10.93,--,2,2186,买盘
1519,13:17:15,10.93,--,1198,1309720,卖盘
1520,13:17:12,10.93,-0.01,10,10930,卖盘
1521,13:17:09,10.94,0.01,37,40478,买盘
1522,13:17:06,10.93,--,133,145369,卖盘
1523,13:17:03,10.93,-0.01,43,46999,卖盘
1524,13:16:51,10.94,0.01,3,3282,买盘
1525,13:16:48,10.93,-0.01,128,139904,卖盘
1526,13:16:45,10.94,--,58,63452,买盘
1527,13:16:42,10.94,--,5,5470,买盘
1528,13:16:39,10.94,0.01,572,625768,买盘
1529,13:16:36,10.93,--,10,10930,卖盘
1530,13:16:33,10.93,-0.01,2,2186,卖盘
1531,13:16:30,10.94,0.01,84,91896,买盘
1532,13:16:27,10.93,-0.01,55,60115,卖盘
1533,13:16:18,10.94,0.01,66,72204,买盘
1534,13:16:15,10.93,--,2,2186,卖盘
1535,13:16:12,10.93,--,62,67766,卖盘
1536,13:16:09,10.93,-0.01,49,53557,卖盘
1537,13:16:06,10.94,0.01,146,159724,买盘
1538,13:16:03,10.93,-0.01,205,224065,卖盘
1539,13:16:00,10.94,0.01,649,710006,买盘
1540,13:15:57,10.93,--,535,584755,卖盘
1541,13:15:54,10.93,--,60,65580,卖盘
1542,13:15:51,10.93,-0.01,449,490757,卖盘
1543,13:15:45,10.94,--,144,157536,买盘
1544,13:15:42,10.94,0.01,145,158630,买盘
1545,13:15:39,10.93,--,10,10930,卖盘
1546,13:15:30,10.93,--,71,77603,卖盘
1547,13:15:27,10.93,-0.01,113,123509,卖盘
1548,13:15:21,10.94,--,91,99554,买盘
1549,13:15:18,10.94,--,71,77674,买盘
1550,13:15:15,10.94,--,40,43760,买盘
1551,13:15:12,10.94,0.01,60,65640,买盘
1552,13:15:09,10.93,--,50,54650,卖盘
1553,13:15:06,10.93,--,242,264506,卖盘
1554,13:15:03,10.93,--,602,657986,卖盘
1555,13:14:57,10.93,-0.01,6,6558,卖盘
1556,13:14:51,10.94,--,34,37196,买盘
1557,13:14:48,10.94,0.01,110,120340,买盘
1558,13:14:45,10.93,--,25,27325,卖盘
1559,13:14:36,10.93,--,15,16395,卖盘
1560,13:14:33,10.93,--,10,10930,卖盘
1561,13:14:30,10.93,-0.01,71,77603,卖盘
1562,13:14:27,10.94,--,17,18598,买盘
1563,13:14:21,10.94,--,75,82050,买盘
1564,13:14:18,10.94,--,2177,2381638,卖盘
1565,13:14:12,10.94,-0.01,11,12034,卖盘
1566,13:14:06,10.95,0.01,27,29564,买盘
1567,13:14:03,10.94,--,7,7658,卖盘
1568,13:14:00,10.94,--,155,169570,卖盘
1569,13:13:54,10.94,--,11,12034,卖盘
1570,13:13:51,10.94,--,11,12034,卖盘
1571,13:13:48,10.94,-0.01,24,26256,卖盘
1572,13:13:42,10.95,--,20,21900,买盘
1573,13:13:39,10.95,0.01,3,3285,买盘
1574,13:13:36,10.94,-0.01,507,554658,卖盘
1575,13:13:33,10.95,--,46,50370,卖盘
1576,13:13:27,10.95,--,282,308790,买盘
1577,13:13:24,10.95,-0.01,32,35040,买盘
1578,13:13:21,10.96,0.01,155,169880,买盘
1579,13:13:18,10.95,--,821,898994,卖盘
1580,13:13:15,10.95,--,452,494939,卖盘
1581,13:13:12,10.95,--,144,157680,卖盘
1582,13:13:09,10.95,--,96,105120,卖盘
1583,13:13:06,10.95,--,386,422670,卖盘
1584,13:13:03,10.95,--,41,44895,卖盘
1585,13:13:00,10.95,--,452,494939,卖盘
1586,13:12:57,10.95,--,69,75555,卖盘
1587,13:12:54,10.95,--,122,133590,卖盘
1588,13:12:51,10.95,--,48,52560,卖盘
1589,13:12:48,10.95,--,32,35040,卖盘
1590,13:12:45,10.95,--,74,81030,卖盘
1591,13:12:42,10.95,--,105,114974,卖盘
1592,13:12:39,10.95,-0.01,258,282510,卖盘
1593,13:12:36,10.96,0.01,35,38360,买盘
1594,13:12:33,10.95,-0.01,31,33945,卖盘
1595,13:12:30,10.96,--,19,20824,买盘
1596,13:12:24,10.96,--,96,105216,买盘
1597,13:12:18,10.96,--,79,86584,买盘
1598,13:12:15,10.96,--,1507,1651672,卖盘
1599,13:12:12,10.96,--,13,14248,卖盘
1600,13:12:09,10.96,--,340,372640,卖盘
1601,13:12:06,10.96,--,155,169880,卖盘
1602,13:12:00,10.96,--,54,59184,卖盘
1603,13:11:57,10.96,--,177,193992,卖盘
1604,13:11:54,10.96,--,52,56992,卖盘
1605,13:11:51,10.96,--,133,145768,卖盘
1606,13:11:48,10.96,--,31,33976,卖盘
1607,13:11:45,10.96,--,154,168784,卖盘
1608,13:11:42,10.96,--,117,128232,卖盘
1609,13:11:39,10.96,--,70,76720,卖盘
1610,13:11:36,10.96,--,106,116176,卖盘
1611,13:11:33,10.96,0.01,965,1057640,买盘
1612,13:11:30,10.95,--,52,56939,卖盘
1613,13:11:27,10.95,-0.01,77,84315,卖盘
1614,13:11:24,10.96,0.01,64,70144,买盘
1615,13:11:21,10.95,--,243,266085,卖盘
1616,13:11:18,10.95,--,10,10950,卖盘
1617,13:11:12,10.95,--,225,246374,卖盘
1618,13:11:09,10.95,--,1563,1711485,卖盘
1619,13:11:06,10.95,-0.01,25,27375,卖盘
1620,13:11:03,10.96,--,112,122752,买盘
1621,13:10:57,10.96,0.01,162,177552,买盘
1622,13:10:54,10.95,--,250,273750,卖盘
1623,13:10:48,10.95,-0.01,52,56939,卖盘
1624,13:10:45,10.96,--,142,155632,卖盘
1625,13:10:42,10.96,--,163,178648,卖盘
1626,13:10:39,10.96,0.01,38,41648,买盘
1627,13:10:36,10.95,--,762,834390,卖盘
1628,13:10:33,10.95,--,42,45990,卖盘
1629,13:10:30,10.95,--,45,49275,卖盘
1630,13:10:27,10.95,--,360,394200,卖盘
1631,13:10:24,10.95,--,17,18615,卖盘
1632,13:10:18,10.95,-0.01,32,35040,卖盘
1633,13:10:15,10.96,--,66,72336,买盘
1634,13:10:12,10.96,0.01,86,94256,买盘
1635,13:10:06,10.95,--,39,42705,买盘
1636,13:10:03,10.95,--,87,95265,卖盘
1637,13:10:00,10.95,-0.01,3,3285,买盘
1638,13:09:57,10.96,0.01,329,360584,买盘
1639,13:09:54,10.95,--,56,61319,买盘
1640,13:09:48,10.95,-0.01,7,7664,卖盘
1641,13:09:45,10.96,0.01,84,92064,买盘
1642,13:09:42,10.95,--,27,29564,卖盘
1643,13:09:39,10.95,--,1235,1352325,卖盘
1644,13:09:36,10.95,-0.01,49,53655,卖盘
1645,13:09:33,10.96,--,58,63568,买盘
1646,13:09:30,10.96,--,86,94256,买盘
1647,13:09:27,10.96,--,23,25208,买盘
1648,13:09:24,10.96,--,322,352912,买盘
1649,13:09:21,10.96,0.01,137,150152,买盘
1650,13:09:18,10.95,--,90,98550,卖盘
1651,13:09:15,10.95,--,11,12045,卖盘
1652,13:09:12,10.95,-0.01,61,66795,中性盘
1653,13:09:09,10.96,0.02,2704,2963584,买盘
1654,13:09:06,10.94,--,20,21880,卖盘
1655,13:09:03,10.94,-0.01,10,10940,卖盘
1656,13:08:57,10.95,--,55,60224,买盘
1657,13:08:54,10.95,0.01,665,728175,买盘
1658,13:08:51,10.94,--,606,662964,卖盘
1659,13:08:48,10.94,--,631,690314,卖盘
1660,13:08:45,10.94,--,55,60170,卖盘
1661,13:08:42,10.94,--,1001,1095094,买盘
1662,13:08:39,10.94,--,14,15316,买盘
1663,13:08:36,10.94,--,14,15316,买盘
1664,13:08:33,10.94,--,75,82050,买盘
1665,13:08:30,10.94,--,118,129092,买盘
1666,13:08:24,10.94,-0.01,42,45948,买盘
1667,13:08:21,10.95,0.01,9999,10948905,买盘
1668,13:08:15,10.94,0.01,111,121434,买盘
1669,13:08:12,10.93,-0.01,10,10930,卖盘
1670,13:08:09,10.94,0.01,138,150972,买盘
1671,13:08:06,10.93,--,31,33883,卖盘
1672,13:08:03,10.93,-0.01,32,34976,卖盘
1673,13:07:57,10.94,--,2057,2250358,买盘
1674,13:07:54,10.94,--,213,233022,买盘
1675,13:07:48,10.94,--,150,164100,买盘
1676,13:07:45,10.94,0.01,83,90802,买盘
1677,13:07:42,10.93,--,43,46999,卖盘
1678,13:07:39,10.93,--,22,24046,卖盘
1679,13:07:36,10.93,--,132,144276,卖盘
1680,13:07:33,10.93,--,12,13116,卖盘
1681,13:07:30,10.93,-0.01,100,109300,卖盘
1682,13:07:27,10.94,0.01,631,690314,买盘
1683,13:07:24,10.93,-0.01,24,26232,卖盘
1684,13:07:21,10.94,0.01,59,64546,买盘
1685,13:07:18,10.93,--,200,218600,卖盘
1686,13:07:15,10.93,-0.01,41,44813,卖盘
1687,13:07:12,10.94,0.01,13,14222,买盘
1688,13:07:09,10.93,-0.01,70,76510,卖盘
1689,13:07:06,10.94,0.01,2,2188,买盘
1690,13:07:03,10.93,--,97,106021,卖盘
1691,13:06:57,10.93,--,53,57929,卖盘
1692,13:06:54,10.93,--,5,5465,卖盘
1693,13:06:51,10.93,0.01,14,16088,买盘
1694,13:06:48,10.92,--,382,417144,卖盘
1695,13:06:45,10.92,-0.01,86,93912,卖盘
1696,13:06:39,10.93,0.01,32,34976,买盘
1697,13:06:36,10.92,-0.01,86,93912,卖盘
1698,13:06:33,10.93,--,110,120230,买盘
1699,13:06:30,10.93,--,12,13116,买盘
1700,13:06:27,10.93,--,81,88533,买盘
1701,13:06:24,10.93,--,9,9837,买盘
1702,13:06:21,10.93,0.01,25,27325,买盘
1703,13:06:18,10.92,-0.01,40,43680,卖盘
1704,13:06:15,10.93,0.01,1380,1508340,买盘
1705,13:06:12,10.92,--,25,27300,卖盘
1706,13:06:09,10.92,--,10,10920,卖盘
1707,13:06:06,10.92,--,29,31668,卖盘
1708,13:06:03,10.92,--,13,14851,卖盘
1709,13:06:00,10.92,-0.01,205,223860,卖盘
1710,13:05:57,10.93,--,92,100556,买盘
1711,13:05:54,10.93,0.01,22,24046,买盘
1712,13:05:51,10.92,-0.01,14,15288,卖盘
1713,13:05:48,10.93,--,20,21860,买盘
1714,13:05:45,10.93,0.01,53,57929,买盘
1715,13:05:42,10.92,--,20,21840,卖盘
1716,13:05:39,10.92,--,45,49140,卖盘
1717,13:05:36,10.92,-0.01,10,10920,卖盘
1718,13:05:30,10.93,0.01,21,22953,买盘
1719,13:05:27,10.92,--,51,55692,卖盘
1720,13:05:24,10.92,--,55,60060,卖盘
1721,13:05:12,10.92,-0.01,35,38220,卖盘
1722,13:05:09,10.93,--,51,55743,买盘
1723,13:05:03,10.93,--,15,16395,买盘
1724,13:05:00,10.93,0.01,292,319156,买盘
1725,13:04:57,10.92,--,4,4368,卖盘
1726,13:04:54,10.92,-0.01,2,2184,卖盘
1727,13:04:51,10.93,0.01,59,64487,买盘
1728,13:04:48,10.92,--,10,10920,卖盘
1729,13:04:45,10.92,--,45,49140,卖盘
1730,13:04:42,10.92,--,90,98280,卖盘
1731,13:04:39,10.92,--,6,6552,卖盘
1732,13:04:36,10.92,--,189,206388,卖盘
1733,13:04:30,10.92,--,10,10920,卖盘
1734,13:04:27,10.92,--,69,75348,卖盘
1735,13:04:21,10.92,-0.01,49,53508,卖盘
1736,13:04:06,10.93,--,3,3279,买盘
1737,13:04:03,10.93,--,2,2186,买盘
1738,13:04:00,10.93,--,681,744333,买盘
1739,13:03:57,10.93,--,4,4372,买盘
1740,13:03:54,10.93,--,157,171601,买盘
1741,13:03:51,10.93,0.01,14,15302,买盘
1742,13:03:48,10.92,-0.01,38,41496,卖盘
1743,13:03:45,10.93,0.01,109,119137,买盘
1744,13:03:42,10.92,-0.01,61,66612,卖盘
1745,13:03:39,10.93,--,27,29511,买盘
1746,13:03:36,10.93,0.01,147,160671,买盘
1747,13:03:30,10.92,--,52,56784,卖盘
1748,13:03:24,10.92,--,2,2184,卖盘
1749,13:03:21,10.92,-0.01,30,32760,卖盘
1750,13:03:18,10.93,0.01,59,64487,买盘
1751,13:03:12,10.92,-0.01,222,242424,卖盘
1752,13:03:09,10.93,--,296,323528,买盘
1753,13:03:06,10.93,--,23,25139,买盘
1754,13:03:03,10.93,0.01,92,100556,买盘
1755,13:03:00,10.92,-0.01,5,5460,卖盘
1756,13:02:57,10.93,--,101,110393,买盘
1757,13:02:51,10.93,0.01,16,17488,买盘
1758,13:02:48,10.92,-0.01,4,4368,卖盘
1759,13:02:45,10.93,0.01,6,6558,买盘
1760,13:02:42,10.92,-0.01,14,15288,卖盘
1761,13:02:36,10.93,--,15,16395,买盘
1762,13:02:29,10.93,-0.01,1362,1488666,卖盘
1763,13:02:26,10.94,--,48,52512,买盘
1764,13:02:23,10.94,--,22,24068,买盘
1765,13:02:20,10.94,0.01,23,25162,买盘
1766,13:02:17,10.93,-0.01,20,21860,卖盘
1767,13:02:11,10.94,--,11,12034,买盘
1768,13:02:08,10.94,--,100,109400,买盘
1769,13:02:02,10.94,--,101,110494,买盘
1770,13:01:59,10.94,--,14,15316,买盘
1771,13:01:50,10.94,--,365,399310,买盘
1772,13:01:47,10.94,0.01,14,15316,买盘
1773,13:01:44,10.93,-0.01,9,9837,卖盘
1774,13:01:41,10.94,--,33,36102,买盘
1775,13:01:38,10.94,0.01,22,24068,买盘
1776,13:01:35,10.93,-0.01,808,883144,卖盘
1777,13:01:29,10.94,--,47,51418,卖盘
1778,13:01:26,10.94,--,5,5470,卖盘
1779,13:01:23,10.94,--,43,47042,卖盘
1780,13:01:17,10.94,0.02,459,502146,买盘
1781,13:01:14,10.92,-0.02,83,90636,卖盘
1782,13:01:11,10.94,0.01,1687,1845578,买盘
1783,13:01:05,10.93,0.01,101,110393,买盘
1784,13:01:02,10.92,--,79,86268,卖盘
1785,13:00:53,10.92,-0.02,40,43680,卖盘
1786,13:00:50,10.94,--,300,328200,买盘
1787,13:00:41,10.94,0.02,169,184886,买盘
1788,13:00:35,10.92,-0.02,17,18564,卖盘
1789,13:00:32,10.94,--,20,21880,买盘
1790,13:00:29,10.94,0.01,108,118152,买盘
1791,13:00:26,10.93,0.01,10,10930,买盘
1792,13:00:20,10.92,--,25,27300,卖盘
1793,13:00:17,10.92,0.01,407,444444,买盘
1794,13:00:14,10.91,-0.01,67,73097,卖盘
1795,13:00:11,10.92,-0.02,398,434616,卖盘
1796,13:00:08,10.94,0.04,16002,17506188,买盘
1797,13:00:02,10.9,--,762,830580,卖盘
1798,11:30:01,10.9,-0.01,231,251790,卖盘
1799,11:29:55,10.91,0.01,5,5455,买盘
1800,11:29:52,10.9,--,10,10900,卖盘
1801,11:29:49,10.9,--,3,3270,卖盘
1802,11:29:46,10.9,--,20,21800,卖盘
1803,11:29:40,10.9,--,10,11161,卖盘
1804,11:29:37,10.9,--,45,49050,卖盘
1805,11:29:34,10.9,--,15,17047,买盘
1806,11:29:28,10.9,--,12,13080,买盘
1807,11:29:25,10.9,--,36,39632,卖盘
1808,11:29:22,10.9,--,27,29430,卖盘
1809,11:29:16,10.9,-0.01,112,122080,卖盘
1810,11:29:13,10.91,0.01,52,56732,买盘
1811,11:29:10,10.9,--,88,95920,卖盘
1812,11:28:58,10.9,--,15,16350,卖盘
1813,11:28:52,10.9,--,1082,1180077,买盘
1814,11:28:49,10.9,--,113,123170,买盘
1815,11:28:46,10.9,0.01,10,10900,买盘
1816,11:28:43,10.89,--,90,98010,卖盘
1817,11:28:34,10.89,--,26,28314,卖盘
1818,11:28:28,10.89,-0.01,76,82764,卖盘
1819,11:28:22,10.9,0.01,123,134070,买盘
1820,11:28:16,10.89,--,139,151371,卖盘
1821,11:28:13,10.89,--,121,131769,卖盘
1822,11:28:10,10.89,-0.01,11,11979,卖盘
1823,11:28:07,10.9,--,2,2180,买盘
1824,11:28:04,10.9,--,9,9810,买盘
1825,11:28:01,10.9,0.01,331,360790,买盘
1826,11:27:58,10.89,--,31,33759,卖盘
1827,11:27:55,10.89,-0.01,10,10890,卖盘
1828,11:27:46,10.9,0.01,5,5450,买盘
1829,11:27:43,10.89,--,10,10890,卖盘
1830,11:27:40,10.89,--,89,97705,买盘
1831,11:27:37,10.89,--,58,63162,买盘
1832,11:27:31,10.89,--,16,17424,买盘
1833,11:27:25,10.89,--,1,1089,买盘
1834,11:27:22,10.89,-0.01,316,344124,卖盘
1835,11:27:16,10.9,--,44,47960,买盘
1836,11:27:13,10.9,--,226,246340,买盘
1837,11:27:10,10.9,--,1605,1749842,卖盘
1838,11:27:07,10.9,--,192,209280,卖盘
1839,11:27:01,10.9,--,25,27250,卖盘
1840,11:26:58,10.9,--,12,13080,卖盘
1841,11:26:55,10.9,-0.01,1,1090,卖盘
1842,11:26:52,10.91,--,5,5455,买盘
1843,11:26:49,10.91,0.01,220,240020,买盘
1844,11:26:40,10.9,-0.01,5,5450,卖盘
1845,11:26:37,10.91,--,13,14183,买盘
1846,11:26:34,10.91,0.01,22,24002,买盘
1847,11:26:31,10.9,--,34,37060,卖盘
1848,11:26:28,10.9,--,2,2180,卖盘
1849,11:26:25,10.9,-0.01,14,15260,卖盘
1850,11:26:22,10.91,--,40,43640,买盘
1851,11:26:16,10.91,--,6,6546,买盘
1852,11:26:10,10.91,--,29,31639,卖盘
1853,11:26:07,10.91,-0.01,32,34912,卖盘
1854,11:26:04,10.92,0.01,2,2184,买盘
1855,11:25:58,10.91,-0.01,181,197471,卖盘
1856,11:25:52,10.92,--,19,20748,买盘
1857,11:25:49,10.92,--,2017,2202564,买盘
1858,11:25:46,10.92,--,2516,2747690,卖盘
1859,11:25:43,10.92,--,160,174720,卖盘
1860,11:25:40,10.92,--,117,127764,卖盘
1861,11:25:34,10.92,--,68,74256,卖盘
1862,11:25:31,10.92,--,46,50232,卖盘
1863,11:25:28,10.92,--,2480,2708160,卖盘
1864,11:25:22,10.92,--,115,125580,卖盘
1865,11:25:19,10.92,--,570,623313,卖盘
1866,11:25:16,10.92,--,247,269724,卖盘
1867,11:25:13,10.92,--,124,135408,卖盘
1868,11:25:10,10.92,0.01,1342,1465464,买盘
1869,11:25:04,10.91,--,7,7637,卖盘
1870,11:25:01,10.91,--,24,26184,卖盘
1871,11:24:55,10.91,--,85,92735,买盘
1872,11:24:49,10.91,-0.01,507,553137,买盘
1873,11:24:46,10.92,--,34,37128,卖盘
1874,11:24:43,10.92,--,95,103740,卖盘
1875,11:24:40,10.92,--,104,113568,卖盘
1876,11:24:37,10.92,0.01,3942,4304664,买盘
1877,11:24:34,10.91,--,52,56732,买盘
1878,11:24:31,10.91,0.01,1,1091,买盘
1879,11:24:28,10.9,-0.01,6,6540,卖盘
1880,11:24:25,10.91,--,190,207290,卖盘
1881,11:24:22,10.91,--,63,68733,卖盘
1882,11:24:19,10.91,--,261,284751,卖盘
1883,11:24:16,10.91,--,5,5455,卖盘
1884,11:24:13,10.91,--,44,48004,卖盘
1885,11:24:10,10.91,--,136,148376,卖盘
1886,11:24:07,10.91,--,1085,1183735,买盘
1887,11:24:04,10.91,0.01,321,350211,买盘
1888,11:24:01,10.9,-0.01,106,115540,卖盘
1889,11:23:55,10.91,--,10,10910,买盘
1890,11:23:52,10.91,--,87,94917,买盘
1891,11:23:49,10.91,--,2,2182,买盘
1892,11:23:46,10.91,--,38,41458,买盘
1893,11:23:40,10.91,--,206,224746,买盘
1894,11:23:37,10.91,--,629,686239,卖盘
1895,11:23:34,10.91,--,22,24002,卖盘
1896,11:23:31,10.91,--,45,49095,卖盘
1897,11:23:27,10.91,--,721,786611,买盘
1898,11:23:24,10.91,--,26,28366,买盘
1899,11:23:21,10.91,--,10,10910,买盘
1900,11:23:18,10.91,--,267,291297,买盘
1901,11:23:12,10.91,--,113,123283,买盘
1902,11:23:09,10.91,-0.01,508,554228,卖盘
1903,11:23:06,10.92,--,117,127764,买盘
1904,11:23:03,10.92,0.01,54,58968,买盘
1905,11:23:00,10.91,--,71,77461,卖盘
1906,11:22:57,10.91,--,59,64369,卖盘
1907,11:22:54,10.91,--,246,268386,卖盘
1908,11:22:48,10.91,-0.01,24,26184,卖盘
1909,11:22:45,10.92,0.01,2201,2403492,买盘
1910,11:22:42,10.91,0.01,161,175651,买盘
1911,11:22:39,10.9,--,221,240890,卖盘
1912,11:22:36,10.9,-0.01,411,447990,卖盘
1913,11:22:33,10.91,0.01,161,175651,买盘
1914,11:22:30,10.9,-0.01,25,27250,卖盘
1915,11:22:27,10.91,--,35,38185,买盘
1916,11:22:24,10.91,0.01,60,65460,买盘
1917,11:22:21,10.9,-0.01,42,45780,卖盘
1918,11:22:18,10.91,0.01,76,82916,买盘
1919,11:22:15,10.9,-0.01,1125,1226250,卖盘
1920,11:22:12,10.91,0.01,11,12001,买盘
1921,11:22:09,10.9,--,1,1090,卖盘
1922,11:22:06,10.9,--,27,29430,卖盘
1923,11:22:03,10.9,--,4355,4747647,买盘
1924,11:22:00,10.9,0.01,54,58860,买盘
1925,11:21:57,10.89,-0.01,15,16335,卖盘
1926,11:21:54,10.9,--,21,22890,买盘
1927,11:21:48,10.9,--,243,264870,买盘
1928,11:21:45,10.9,--,4247,4629230,买盘
1929,11:21:39,10.9,--,1349,1470410,买盘
1930,11:21:33,10.9,0.01,33,35970,买盘
1931,11:21:30,10.89,--,5,5445,卖盘
1932,11:21:27,10.89,--,7,7623,卖盘
1933,11:21:24,10.89,-0.01,504,548856,卖盘
1934,11:21:21,10.9,0.01,1623,1769070,买盘
1935,11:21:18,10.89,--,1339,1458171,卖盘
1936,11:21:15,10.89,-0.01,179,194931,卖盘
1937,11:21:12,10.9,0.01,5196,5663640,买盘
1938,11:21:09,10.89,--,591,643599,卖盘
1939,11:21:06,10.89,--,40,43560,卖盘
1940,11:21:03,10.89,--,222,241758,卖盘
1941,11:21:00,10.89,--,4163,4534073,买盘
1942,11:20:57,10.89,--,1,1089,买盘
1943,11:20:51,10.89,--,34,37026,买盘
1944,11:20:45,10.89,0.01,59,64251,买盘
1945,11:20:42,10.88,--,21,22848,卖盘
1946,11:20:39,10.88,-0.01,165,179520,卖盘
1947,11:20:30,10.89,--,6,6534,买盘
1948,11:20:27,10.89,--,62,67518,买盘
1949,11:20:21,10.89,--,70,76230,买盘
1950,11:20:18,10.89,0.01,14,15246,买盘
1951,11:20:15,10.88,--,9,9792,卖盘
1952,11:20:09,10.88,--,12,13056,卖盘
1953,11:20:03,10.88,--,10,10880,卖盘
1954,11:19:54,10.88,--,8,8704,卖盘
1955,11:19:51,10.88,--,49,53312,卖盘
1956,11:19:48,10.88,--,30,32640,卖盘
1957,11:19:45,10.88,--,11,11968,卖盘
1958,11:19:42,10.88,-0.01,16,17408,卖盘
1959,11:19:39,10.89,0.01,11,11979,买盘
1960,11:19:36,10.88,--,25,27200,卖盘
1961,11:19:27,10.88,-0.01,80,87040,卖盘
1962,11:19:18,10.89,--,30,32670,买盘
1963,11:19:12,10.89,--,121,131769,买盘
1964,11:19:06,10.89,0.01,200,217800,买盘
1965,11:19:03,10.88,--,29,31552,卖盘
1966,11:19:00,10.88,--,98,106624,卖盘
1967,11:18:57,10.88,--,36,39168,卖盘
1968,11:18:54,10.88,--,3,3264,卖盘
1969,11:18:51,10.88,--,20,21760,卖盘
1970,11:18:48,10.88,--,1,1088,卖盘
1971,11:18:45,10.88,--,10,10880,卖盘
1972,11:18:42,10.88,-0.01,52,56576,卖盘
1973,11:18:39,10.89,0.01,7,7623,买盘
1974,11:18:33,10.88,-0.01,56,60928,卖盘
1975,11:18:30,10.89,0.01,39,42471,买盘
1976,11:18:27,10.88,--,10,10880,卖盘
1977,11:18:24,10.88,-0.01,49,53312,卖盘
1978,11:18:21,10.89,--,10,10890,买盘
1979,11:18:18,10.89,--,8,8712,买盘
1980,11:18:12,10.89,0.01,25,27225,买盘
1981,11:18:09,10.88,--,100,108800,卖盘
1982,11:18:06,10.88,-0.01,73,79424,卖盘
1983,11:18:03,10.89,0.01,768,836352,买盘
1984,11:18:00,10.88,--,30,32640,卖盘
1985,11:17:57,10.88,--,100,108800,卖盘
1986,11:17:54,10.88,--,91,99008,卖盘
1987,11:17:51,10.88,--,49,53312,卖盘
1988,11:17:45,10.88,--,136,147968,卖盘
1989,11:17:39,10.88,--,121,131648,卖盘
1990,11:17:36,10.88,--,20,21760,卖盘
1991,11:17:30,10.88,-0.01,257,279616,卖盘
1992,11:17:27,10.89,--,8,8712,买盘
1993,11:17:24,10.89,--,8,8712,买盘
1994,11:17:21,10.89,0.01,51,55539,买盘
1995,11:17:15,10.88,--,105,114240,卖盘
1996,11:17:09,10.88,--,106,115328,卖盘
1997,11:17:06,10.88,--,32,34816,卖盘
1998,11:17:00,10.88,-0.01,80,87040,卖盘
1999,11:16:57,10.89,--,44,47916,买盘
2000,11:16:54,10.89,--,188,204732,买盘
2001,11:16:48,10.89,0.01,1,1089,买盘
2002,11:16:45,10.88,--,66,71808,卖盘
2003,11:16:42,10.88,--,93,101184,卖盘
2004,11:16:36,10.88,--,680,739840,卖盘
2005,11:16:33,10.88,--,20,21760,卖盘
2006,11:16:30,10.88,--,31,33728,卖盘
2007,11:16:24,10.88,--,1,1088,卖盘
2008,11:16:18,10.88,-0.01,70,76160,卖盘
2009,11:16:09,10.89,0.01,100,108900,买盘
2010,11:16:06,10.88,-0.01,109,119288,卖盘
2011,11:15:54,10.89,0.01,44,47916,买盘
2012,11:15:48,10.88,--,16,17408,买盘
2013,11:15:42,10.88,0.01,9,9792,买盘
2014,11:15:36,10.87,-0.02,200,217399,卖盘
2015,11:15:33,10.89,--,43,46827,买盘
2016,11:15:30,10.89,--,48,52272,买盘
2017,11:15:27,10.89,0.01,50,54450,买盘
2018,11:15:24,10.88,--,15,16363,卖盘
2019,11:15:21,10.88,--,331,360650,买盘
2020,11:15:18,10.88,--,109,118592,买盘
2021,11:15:15,10.88,--,8,8704,买盘
2022,11:15:12,10.88,0.01,15,16320,买盘
2023,11:15:09,10.87,--,3,3260,卖盘
2024,11:15:06,10.87,-0.01,2,2174,卖盘
2025,11:15:03,10.88,--,155,168640,买盘
2026,11:15:00,10.88,--,50,54400,买盘
2027,11:14:57,10.88,0.01,1,1088,买盘
2028,11:14:54,10.87,--,1,1087,卖盘
2029,11:14:45,10.87,-0.01,2,2174,卖盘
2030,11:14:39,10.88,--,307,334016,买盘
2031,11:14:36,10.88,--,282,307381,卖盘
2032,11:14:33,10.88,--,50,54400,卖盘
2033,11:14:30,10.88,--,25,27200,卖盘
2034,11:14:27,10.88,-0.01,1,1088,卖盘
2035,11:14:21,10.89,0.01,4055,4415895,买盘
2036,11:14:18,10.88,--,30,32640,卖盘
2037,11:14:15,10.88,-0.01,326,354688,卖盘
2038,11:14:12,10.89,0.01,14,15246,买盘
2039,11:14:09,10.88,--,35,38080,卖盘
2040,11:14:00,10.88,--,30,32640,卖盘
2041,11:13:54,10.88,--,50,54400,卖盘
2042,11:13:51,10.88,--,59,64192,卖盘
2043,11:13:48,10.88,--,108,117504,卖盘
2044,11:13:39,10.88,--,42,45696,卖盘
2045,11:13:36,10.88,--,31,33728,卖盘
2046,11:13:33,10.88,--,7,7616,卖盘
2047,11:13:24,10.88,-0.01,7,7616,卖盘
2048,11:13:21,10.89,0.01,400,435600,买盘
2049,11:13:15,10.88,--,67,73548,卖盘
2050,11:13:12,10.88,-0.01,20,21760,卖盘
2051,11:13:09,10.89,0.01,20,21780,买盘
2052,11:13:06,10.88,--,25,27200,卖盘
2053,11:13:03,10.88,--,6,6528,卖盘
2054,11:13:00,10.88,--,10,10880,卖盘
2055,11:12:54,10.88,--,24,26112,卖盘
2056,11:12:51,10.88,--,5,5440,卖盘
2057,11:12:48,10.88,--,257,279616,卖盘
2058,11:12:42,10.88,-0.01,44,47872,卖盘
2059,11:12:39,10.89,--,58,63162,买盘
2060,11:12:36,10.89,--,8,8712,买盘
2061,11:12:30,10.89,0.01,3,3267,买盘
2062,11:12:24,10.88,--,966,1051008,卖盘
2063,11:12:15,10.88,--,95,103360,卖盘
2064,11:12:12,10.88,--,5,5440,卖盘
2065,11:12:09,10.88,--,79,85952,卖盘
2066,11:12:06,10.88,--,292,317696,卖盘
2067,11:12:03,10.88,--,70,76160,卖盘
2068,11:12:00,10.88,-0.01,52,56576,卖盘
2069,11:11:57,10.89,0.01,2205,2401245,买盘
2070,11:11:54,10.88,--,30,32640,卖盘
2071,11:11:51,10.88,--,42,45696,卖盘
2072,11:11:48,10.88,-0.01,22,23936,卖盘
2073,11:11:45,10.89,0.01,62,67518,买盘
2074,11:11:42,10.88,--,82,89216,卖盘
2075,11:11:39,10.88,--,123,133824,卖盘
2076,11:11:36,10.88,--,80,87040,卖盘
2077,11:11:33,10.88,-0.01,237,257856,卖盘
2078,11:11:30,10.89,--,92,100188,买盘
2079,11:11:27,10.89,--,64,69696,买盘
2080,11:11:21,10.89,0.01,259,282051,买盘
2081,11:11:18,10.88,-0.01,913,993344,卖盘
2082,11:11:12,10.89,--,10,10890,买盘
2083,11:11:09,10.89,--,138,150282,买盘
2084,11:11:06,10.89,--,30,32670,买盘
2085,11:11:03,10.89,0.01,68,74052,买盘
2086,11:11:00,10.88,-0.01,45,48960,卖盘
2087,11:10:57,10.89,--,224,243936,买盘
2088,11:10:54,10.89,0.01,79,86031,买盘
2089,11:10:51,10.88,--,155,168640,卖盘
2090,11:10:48,10.88,--,164,178432,卖盘
2091,11:10:45,10.88,--,35,38080,卖盘
2092,11:10:42,10.88,-0.01,285,310080,卖盘
2093,11:10:39,10.89,0.01,94,102366,买盘
2094,11:10:36,10.88,-0.01,35,38080,卖盘
2095,11:10:33,10.89,0.01,63,68607,买盘
2096,11:10:30,10.88,--,153,166464,卖盘
2097,11:10:27,10.88,--,10,10880,卖盘
2098,11:10:24,10.88,--,16,17408,卖盘
2099,11:10:21,10.88,--,10,10880,卖盘
2100,11:10:18,10.88,-0.01,79,86909,卖盘
2101,11:10:12,10.89,0.01,3,3267,买盘
2102,11:10:09,10.88,-0.01,71,77248,卖盘
2103,11:10:03,10.89,0.01,8,8712,买盘
2104,11:10:00,10.88,--,3,3264,卖盘
2105,11:09:57,10.88,-0.01,14,15232,买盘
2106,11:09:54,10.89,0.02,82,89298,买盘
2107,11:09:51,10.87,-0.01,47,51784,卖盘
2108,11:09:48,10.88,--,27,29376,卖盘
2109,11:09:45,10.88,--,17,18496,卖盘
2110,11:09:42,10.88,--,161,175559,买盘
2111,11:09:36,10.88,0.01,45,48960,买盘
2112,11:09:33,10.87,-0.01,51,55436,卖盘
2113,11:09:30,10.88,--,294,319872,买盘
2114,11:09:24,10.88,--,20,21760,买盘
2115,11:09:18,10.88,--,62,67456,买盘
2116,11:09:15,10.88,0.01,10,10880,买盘
2117,11:09:12,10.87,-0.01,10,10870,卖盘
2118,11:09:03,10.88,--,50,54400,买盘
2119,11:08:57,10.88,0.01,420,456960,买盘
2120,11:08:54,10.87,--,15,16304,卖盘
2121,11:08:48,10.87,-0.01,227,246748,卖盘
2122,11:08:45,10.88,0.01,8,8704,买盘
2123,11:08:42,10.87,--,3,3260,卖盘
2124,11:08:39,10.87,--,57,61958,卖盘
2125,11:08:36,10.87,-0.01,27,29348,卖盘
2126,11:08:33,10.88,--,52,56576,买盘
2127,11:08:30,10.88,--,275,299200,买盘
2128,11:08:27,10.88,0.01,13,14144,买盘
2129,11:08:21,10.87,--,15,16304,卖盘
2130,11:08:18,10.87,--,1555,1690284,卖盘
2131,11:08:12,10.87,--,3,3260,卖盘
2132,11:08:09,10.87,--,10,10870,卖盘
2133,11:08:06,10.87,-0.01,30,32609,卖盘
2134,11:08:03,10.88,--,45,48960,买盘
2135,11:07:57,10.88,0.01,295,320960,买盘
2136,11:07:54,10.87,0.01,12,13043,买盘
2137,11:07:51,10.86,-0.01,9,9774,卖盘
2138,11:07:48,10.87,--,286,310882,买盘
2139,11:07:42,10.87,--,26,28261,买盘
2140,11:07:39,10.87,0.01,100,108699,买盘
2141,11:07:36,10.86,--,116,125976,卖盘
2142,11:07:30,10.86,-0.01,293,318198,卖盘
2143,11:07:27,10.87,0.01,38,41306,买盘
2144,11:07:24,10.86,--,20,21720,卖盘
2145,11:07:21,10.86,-0.01,16,17376,卖盘
2146,11:07:18,10.87,0.01,229,248922,买盘
2147,11:07:15,10.86,-0.01,17,18462,卖盘
2148,11:07:12,10.87,0.01,31,33697,买盘
2149,11:07:09,10.86,--,46,49956,卖盘
2150,11:07:06,10.86,--,13,14118,卖盘
2151,11:07:03,10.86,--,108,117288,卖盘
2152,11:07:00,10.86,--,286,310596,卖盘
2153,11:06:57,10.86,--,23,24978,卖盘
2154,11:06:54,10.86,--,308,334488,卖盘
2155,11:06:48,10.86,-0.01,77,83622,卖盘
2156,11:06:45,10.87,--,74,80438,买盘
2157,11:06:42,10.87,0.01,38,41306,买盘
2158,11:06:36,10.86,--,7,7602,卖盘
2159,11:06:33,10.86,-0.01,138,149868,卖盘
2160,11:06:27,10.87,--,260,282620,买盘
2161,11:06:24,10.87,0.01,79,85873,买盘
2162,11:06:21,10.86,--,24,26064,卖盘
2163,11:06:18,10.86,-0.01,5,5430,卖盘
2164,11:06:15,10.87,--,185,201095,买盘
2165,11:06:12,10.87,--,1051,1142437,买盘
2166,11:06:06,10.87,--,45,48915,买盘
2167,11:06:00,10.87,--,238,258705,买盘
2168,11:05:57,10.87,--,113,122830,买盘
2169,11:05:54,10.87,--,69,75003,卖盘
2170,11:05:51,10.87,--,83,90221,卖盘
2171,11:05:45,10.87,--,23,25001,卖盘
2172,11:05:39,10.87,--,8,8696,卖盘
2173,11:05:36,10.87,--,36,39132,卖盘
2174,11:05:33,10.87,--,146,158702,卖盘
2175,11:05:30,10.87,-0.01,18,19566,卖盘
2176,11:05:27,10.88,0.01,372,404736,买盘
2177,11:05:24,10.87,--,71,77177,卖盘
2178,11:05:21,10.87,--,329,357623,卖盘
2179,11:05:18,10.87,--,243,264141,卖盘
2180,11:05:15,10.87,--,60,65219,卖盘
2181,11:05:12,10.87,--,282,306534,卖盘
2182,11:05:09,10.87,--,255,277185,卖盘
2183,11:05:06,10.87,--,3,3260,卖盘
2184,11:05:03,10.87,-0.01,55,59784,卖盘
2185,11:05:00,10.88,0.01,233,253504,买盘
2186,11:04:57,10.87,--,44,47828,卖盘
2187,11:04:54,10.87,-0.01,13,14130,卖盘
2188,11:04:48,10.88,--,2,2176,买盘
2189,11:04:45,10.88,--,101,109888,买盘
2190,11:04:39,10.88,--,45,49438,卖盘
2191,11:04:36,10.88,--,234,254592,卖盘
2192,11:04:30,10.88,--,100,108800,卖盘
2193,11:04:27,10.88,--,531,577728,卖盘
2194,11:04:24,10.88,--,104,113152,卖盘
2195,11:04:21,10.88,--,143,155584,卖盘
2196,11:04:18,10.88,-0.01,127,138176,卖盘
2197,11:04:15,10.89,0.01,140,152460,买盘
2198,11:04:12,10.88,--,1554,1690752,卖盘
2199,11:04:09,10.88,--,3,3264,卖盘
2200,11:04:06,10.88,--,144,156672,卖盘
2201,11:04:00,10.88,--,91,99008,卖盘
2202,11:03:57,10.88,--,301,327488,卖盘
2203,11:03:54,10.88,-0.01,50,54400,卖盘
2204,11:03:48,10.89,0.01,22,23958,买盘
2205,11:03:45,10.88,--,1,1088,卖盘
2206,11:03:33,10.88,-0.01,100,108800,卖盘
2207,11:03:30,10.89,--,1,1089,买盘
2208,11:03:27,10.89,-0.01,246,268373,卖盘
2209,11:03:21,10.9,0.01,98,107866,买盘
2210,11:03:18,10.89,--,301,327832,卖盘
2211,11:03:15,10.89,--,244,266761,卖盘
2212,11:03:12,10.89,--,379,412774,卖盘
2213,11:03:09,10.89,--,334,364771,卖盘
2214,11:03:06,10.89,--,78,85595,卖盘
2215,11:03:03,10.89,--,281,306009,卖盘
2216,11:03:00,10.89,0.01,4825,5254425,买盘
2217,11:02:56,10.88,--,58,63104,卖盘
2218,11:02:53,10.88,--,273,297024,卖盘
2219,11:02:50,10.88,--,36,39168,卖盘
2220,11:02:47,10.88,--,150,163200,卖盘
2221,11:02:44,10.88,--,135,146880,卖盘
2222,11:02:41,10.88,-0.01,141,153408,卖盘
2223,11:02:38,10.89,0.01,168,182952,买盘
2224,11:02:35,10.88,--,26,28288,卖盘
2225,11:02:32,10.88,-0.01,80,87040,卖盘
2226,11:02:26,10.89,0.01,150,163350,买盘
2227,11:02:23,10.88,-0.01,2,2176,卖盘
2228,11:02:20,10.89,0.01,255,277695,买盘
2229,11:02:17,10.88,--,10,10880,卖盘
2230,11:02:11,10.88,-0.01,10,10880,卖盘
2231,11:02:08,10.89,0.01,102,111078,买盘
2232,11:02:05,10.88,--,30,32640,卖盘
2233,11:01:59,10.88,-0.01,10,10880,卖盘
2234,11:01:56,10.89,--,266,289674,买盘
2235,11:01:53,10.89,0.01,121,131769,买盘
2236,11:01:50,10.88,--,66,71808,卖盘
2237,11:01:47,10.88,--,130,141440,卖盘
2238,11:01:44,10.88,--,21,22848,卖盘
2239,11:01:41,10.88,--,17,18496,卖盘
2240,11:01:38,10.88,--,36,39168,卖盘
2241,11:01:35,10.88,-0.01,195,212160,卖盘
2242,11:01:32,10.89,--,54,58806,买盘
2243,11:01:29,10.89,--,1859,2024494,买盘
2244,11:01:26,10.89,--,100,108900,买盘
2245,11:01:17,10.89,--,256,278784,买盘
2246,11:01:14,10.89,0.01,54,58806,买盘
2247,11:01:11,10.88,--,87,94656,卖盘
2248,11:01:02,10.88,-0.01,160,174080,卖盘
2249,11:00:59,10.89,0.01,127,138303,买盘
2250,11:00:56,10.88,-0.01,7,7616,卖盘
2251,11:00:53,10.89,--,5,5445,买盘
2252,11:00:50,10.89,--,503,547767,买盘
2253,11:00:47,10.89,0.01,1060,1154340,买盘
2254,11:00:41,10.88,--,20,21760,卖盘
2255,11:00:38,10.88,-0.01,15,16320,卖盘
2256,11:00:35,10.89,--,7,7623,买盘
2257,11:00:32,10.89,--,510,555390,买盘
2258,11:00:29,10.89,--,586,638154,买盘
2259,11:00:26,10.89,0.01,1,1089,买盘
2260,11:00:23,10.88,--,6,6528,卖盘
2261,11:00:20,10.88,--,17,18496,卖盘
2262,11:00:17,10.88,--,29,31552,卖盘
2263,11:00:14,10.88,--,10,10880,卖盘
2264,11:00:11,10.88,-0.01,191,207808,卖盘
2265,11:00:05,10.89,0.01,720,784080,买盘
2266,11:00:02,10.88,-0.01,578,628864,卖盘
2267,10:59:56,10.89,--,376,409464,买盘
2268,10:59:53,10.89,--,7,7623,买盘
2269,10:59:47,10.89,0.01,105,114345,买盘
2270,10:59:41,10.88,-0.01,112,121856,卖盘
2271,10:59:35,10.89,--,53,57717,买盘
2272,10:59:32,10.89,0.01,283,308187,买盘
2273,10:59:29,10.88,-0.01,104,113152,卖盘
2274,10:59:23,10.89,--,35,38115,买盘
2275,10:59:20,10.89,--,8,8712,买盘
2276,10:59:17,10.89,--,14,15246,买盘
2277,10:59:14,10.89,0.01,20,21780,买盘
2278,10:59:11,10.88,-0.01,35,38080,卖盘
2279,10:59:08,10.89,--,23,25047,买盘
2280,10:59:05,10.89,0.01,163,177507,买盘
2281,10:59:02,10.88,--,11,11968,卖盘
2282,10:58:59,10.88,--,44,47872,卖盘
2283,10:58:56,10.88,-0.01,100,108800,卖盘
2284,10:58:47,10.89,0.01,10,10890,买盘
2285,10:58:44,10.88,--,182,198016,卖盘
2286,10:58:41,10.88,-0.01,33,35904,卖盘
2287,10:58:38,10.89,--,527,573903,买盘
2288,10:58:35,10.89,0.01,1742,1897038,买盘
2289,10:58:32,10.88,--,6,6528,卖盘
2290,10:58:26,10.88,--,3,3264,卖盘
2291,10:58:23,10.88,-0.01,6,6528,卖盘
2292,10:58:20,10.89,0.01,129,140481,买盘
2293,10:58:17,10.88,--,60,65280,卖盘
2294,10:58:14,10.88,--,57,62016,卖盘
2295,10:58:11,10.88,-0.01,344,374576,卖盘
2296,10:58:08,10.89,--,27,29403,买盘
2297,10:58:05,10.89,0.01,41,44649,买盘
2298,10:58:02,10.88,-0.01,13,14405,卖盘
2299,10:57:59,10.89,0.01,54,58806,买盘
2300,10:57:56,10.88,-0.01,19,20672,卖盘
2301,10:57:53,10.89,--,169,184041,买盘
2302,10:57:50,10.89,0.01,81,88209,买盘
2303,10:57:44,10.88,-0.01,208,226304,卖盘
2304,10:57:35,10.89,--,22,23958,买盘
2305,10:57:32,10.89,0.01,650,707850,买盘
2306,10:57:29,10.88,--,441,479808,卖盘
2307,10:57:23,10.88,--,173,188224,卖盘
2308,10:57:20,10.88,-0.01,10,10880,卖盘
2309,10:57:17,10.89,--,223,242847,买盘
2310,10:57:11,10.89,0.01,160,174240,买盘
2311,10:57:08,10.88,--,70,76160,卖盘
2312,10:57:05,10.88,-0.01,311,338368,卖盘
2313,10:57:02,10.89,0.01,220,239580,买盘
2314,10:56:56,10.88,-0.01,184,200192,卖盘
2315,10:56:53,10.89,--,39,42471,买盘
2316,10:56:50,10.89,0.01,266,289674,买盘
2317,10:56:44,10.88,--,1000,1088000,卖盘
2318,10:56:41,10.88,-0.01,558,607104,卖盘
2319,10:56:35,10.89,--,76,82764,买盘
2320,10:56:29,10.89,0.01,96,104544,买盘
2321,10:56:26,10.88,-0.01,230,250240,卖盘
2322,10:56:23,10.89,--,153,166617,买盘
2323,10:56:20,10.89,--,60,65340,买盘
2324,10:56:17,10.89,--,52,56628,买盘
2325,10:56:14,10.89,0.01,51,55539,买盘
2326,10:56:11,10.88,--,65,70720,卖盘
2327,10:56:08,10.88,-0.01,35,38080,卖盘
2328,10:56:05,10.89,--,117,127413,买盘
2329,10:56:02,10.89,0.01,73,79497,买盘
2330,10:55:59,10.88,--,1,1088,卖盘
2331,10:55:56,10.88,-0.01,251,273088,卖盘
2332,10:55:53,10.89,0.01,26,28314,买盘
2333,10:55:50,10.88,-0.01,33,35904,卖盘
2334,10:55:47,10.89,0.01,747,813483,买盘
2335,10:55:41,10.88,-0.01,34,36992,卖盘
2336,10:55:35,10.89,--,10,10890,买盘
2337,10:55:32,10.89,--,195,212355,买盘
2338,10:55:29,10.89,0.01,205,223245,买盘
2339,10:55:26,10.88,-0.01,104,113152,卖盘
2340,10:55:20,10.89,--,87,94743,买盘
2341,10:55:17,10.89,--,62,67518,买盘
2342,10:55:14,10.89,0.01,49,53361,买盘
2343,10:55:11,10.88,--,234,254592,卖盘
2344,10:55:08,10.88,--,298,324224,卖盘
2345,10:55:05,10.88,--,159,172992,卖盘
2346,10:55:02,10.88,-0.01,62,67456,卖盘
2347,10:54:59,10.89,0.01,155,168795,买盘
2348,10:54:56,10.88,-0.01,310,337280,卖盘
2349,10:54:50,10.89,0.01,50,54450,买盘
2350,10:54:47,10.88,--,575,625600,卖盘
2351,10:54:44,10.88,--,293,318784,卖盘
2352,10:54:41,10.88,-0.01,48,52224,卖盘
2353,10:54:38,10.89,0.01,210,228690,买盘
2354,10:54:35,10.88,--,181,196928,卖盘
2355,10:54:32,10.88,--,16,17408,卖盘
2356,10:54:29,10.88,--,1922,2091136,卖盘
2357,10:54:26,10.88,--,75,81600,卖盘
2358,10:54:23,10.88,--,60,65280,卖盘
2359,10:54:20,10.88,--,235,255680,卖盘
2360,10:54:17,10.88,--,95,103360,卖盘
2361,10:54:11,10.88,--,126,137088,卖盘
2362,10:54:08,10.88,--,34,36992,卖盘
2363,10:54:05,10.88,--,145,157760,卖盘
2364,10:53:59,10.88,-0.01,561,610368,卖盘
2365,10:53:53,10.89,0.01,170,185130,买盘
2366,10:53:50,10.88,-0.01,435,473280,卖盘
2367,10:53:47,10.89,--,146,158994,买盘
2368,10:53:44,10.89,0.01,40,43560,买盘
2369,10:53:41,10.88,--,598,650624,卖盘
2370,10:53:35,10.88,-0.01,15,16320,卖盘
2371,10:53:32,10.89,--,240,261360,买盘
2372,10:53:26,10.89,0.01,571,621819,买盘
2373,10:53:23,10.88,-0.01,171,186048,卖盘
2374,10:53:20,10.89,--,35,38115,买盘
2375,10:53:17,10.89,0.01,3,3267,买盘
2376,10:53:14,10.88,-0.01,23,25024,卖盘
2377,10:53:11,10.89,--,990,1078110,买盘
2378,10:53:08,10.89,--,473,515097,买盘
2379,10:53:02,10.89,--,48,52272,买盘
2380,10:52:59,10.89,--,20,21780,买盘
2381,10:52:56,10.89,--,780,849420,买盘
2382,10:52:53,10.89,0.01,223,242847,买盘
2383,10:52:50,10.88,-0.01,7,7616,卖盘
2384,10:52:47,10.89,--,2883,3139587,买盘
2385,10:52:44,10.89,0.01,100,108900,买盘
2386,10:52:41,10.88,-0.01,695,756160,卖盘
2387,10:52:38,10.89,--,76,82764,买盘
2388,10:52:35,10.89,0.01,92,100188,买盘
2389,10:52:32,10.88,--,317,344896,卖盘
2390,10:52:29,10.88,-0.01,33,35904,卖盘
2391,10:52:26,10.89,--,253,275517,买盘
2392,10:52:23,10.89,--,91,99099,买盘
2393,10:52:20,10.89,--,821,894069,买盘
2394,10:52:17,10.89,0.01,59,64251,买盘
2395,10:52:14,10.88,-0.01,366,398208,卖盘
2396,10:52:08,10.89,0.01,663,722007,买盘
2397,10:52:05,10.88,--,153,166464,卖盘
2398,10:52:02,10.88,--,72,78336,卖盘
2399,10:51:56,10.88,--,2,2176,卖盘
2400,10:51:53,10.88,--,10,10880,卖盘
2401,10:51:50,10.88,-0.01,105,114240,卖盘
2402,10:51:47,10.89,0.01,28,30492,买盘
2403,10:51:44,10.88,--,87,94656,买盘
2404,10:51:41,10.88,0.01,87,94656,卖盘
2405,10:51:38,10.87,-0.01,752,817423,卖盘
2406,10:51:32,10.88,--,221,241013,买盘
2407,10:51:29,10.88,0.01,1450,1577600,买盘
2408,10:51:26,10.87,--,256,278272,卖盘
2409,10:51:23,10.87,-0.01,238,258705,卖盘
2410,10:51:20,10.88,--,435,473280,买盘
2411,10:51:17,10.88,--,330,359040,买盘
2412,10:51:14,10.88,--,570,620160,买盘
2413,10:51:11,10.88,0.01,330,359040,买盘
2414,10:51:08,10.87,--,602,654374,卖盘
2415,10:51:05,10.87,-0.01,423,459800,卖盘
2416,10:51:02,10.88,--,150,163200,买盘
2417,10:50:59,10.88,0.01,60,65280,买盘
2418,10:50:56,10.87,--,105,114134,卖盘
2419,10:50:53,10.87,-0.01,261,283707,卖盘
2420,10:50:47,10.88,--,37,40256,买盘
2421,10:50:44,10.88,--,20,21760,买盘
2422,10:50:41,10.88,0.01,10,10880,买盘
2423,10:50:38,10.87,--,35,38045,卖盘
2424,10:50:35,10.87,--,56,60871,卖盘
2425,10:50:29,10.87,-0.01,4,4348,卖盘
2426,10:50:26,10.88,--,100,108800,买盘
2427,10:50:23,10.88,0.01,58,63104,买盘
2428,10:50:20,10.87,--,533,579371,卖盘
2429,10:50:17,10.87,-0.01,419,455452,卖盘
2430,10:50:14,10.88,0.01,275,299200,买盘
2431,10:50:11,10.87,--,34,36958,买盘
2432,10:50:08,10.87,-0.01,24,26087,买盘
2433,10:50:05,10.88,0.01,550,598400,买盘
2434,10:49:59,10.87,--,45,48915,卖盘
2435,10:49:56,10.87,-0.01,100,108699,买盘
2436,10:49:53,10.88,--,232,252416,买盘
2437,10:49:50,10.88,0.01,358,389504,买盘
2438,10:49:47,10.87,--,62,67394,卖盘
2439,10:49:44,10.87,--,12,13043,卖盘
2440,10:49:38,10.87,0.01,41,44567,买盘
2441,10:49:35,10.86,-0.01,2,2172,卖盘
2442,10:49:32,10.87,-0.01,10,10870,买盘
2443,10:49:29,10.88,0.01,210,228480,买盘
2444,10:49:26,10.87,--,2,2174,卖盘
2445,10:49:23,10.87,--,68,73916,卖盘
2446,10:49:20,10.87,0.01,252,273924,买盘
2447,10:49:17,10.86,-0.01,29,31494,卖盘
2448,10:49:11,10.87,--,41,45523,卖盘
2449,10:49:08,10.87,0.01,13,14261,买盘
2450,10:49:05,10.86,-0.02,426,463591,卖盘
2451,10:49:02,10.88,0.02,210,228480,买盘
2452,10:48:59,10.86,-0.01,158,171588,卖盘
2453,10:48:53,10.87,0.01,46,50002,买盘
2454,10:48:50,10.86,--,311,337746,卖盘
2455,10:48:47,10.86,-0.01,547,594042,卖盘
2456,10:48:44,10.87,0.01,210,228269,买盘
2457,10:48:41,10.86,--,141,153126,卖盘
2458,10:48:38,10.86,-0.01,69,74934,卖盘
2459,10:48:35,10.87,0.01,10,10870,买盘
2460,10:48:29,10.86,--,3,3258,卖盘
2461,10:48:26,10.86,-0.01,84,91224,卖盘
2462,10:48:20,10.87,--,87,94569,买盘
2463,10:48:17,10.87,0.01,233,253270,买盘
2464,10:48:14,10.86,--,49,53214,卖盘
2465,10:48:11,10.86,-0.01,15,16290,卖盘
2466,10:48:08,10.87,--,151,164137,买盘
2467,10:48:05,10.87,--,153,166311,买盘
2468,10:48:02,10.87,0.01,529,575023,买盘
2469,10:47:56,10.86,-0.01,124,134664,卖盘
2470,10:47:53,10.87,0.01,309,335883,买盘
2471,10:47:50,10.86,-0.01,202,219372,卖盘
2472,10:47:47,10.87,--,490,532630,买盘
2473,10:47:44,10.87,0.01,208,226095,买盘
2474,10:47:41,10.86,--,803,872058,卖盘
2475,10:47:38,10.86,-0.01,30,33144,卖盘
2476,10:47:32,10.87,0.01,75,81525,买盘
2477,10:47:26,10.86,--,181,196566,卖盘
2478,10:47:20,10.86,--,151,163986,卖盘
2479,10:47:17,10.86,--,478,519108,卖盘
2480,10:47:14,10.86,-0.01,148,160728,卖盘
2481,10:47:11,10.87,0.02,1362,1481146,买盘
2482,10:47:08,10.85,-0.01,86,93310,卖盘
2483,10:47:05,10.86,0.01,470,510420,买盘
2484,10:47:02,10.85,-0.01,16,17360,卖盘
2485,10:46:56,10.86,--,15,16290,买盘
2486,10:46:53,10.86,--,391,424626,买盘
2487,10:46:50,10.86,0.01,76,82536,买盘
2488,10:46:47,10.85,--,439,476315,卖盘
2489,10:46:44,10.85,-0.01,11,11935,卖盘
2490,10:46:41,10.86,--,50,54300,买盘
2491,10:46:29,10.86,--,35,38010,买盘
2492,10:46:26,10.86,--,35,38010,卖盘
2493,10:46:23,10.86,--,4,4344,卖盘
2494,10:46:20,10.86,--,455,494130,卖盘
2495,10:46:17,10.86,-0.01,745,809070,卖盘
2496,10:46:11,10.87,0.01,28,30435,买盘
2497,10:46:08,10.86,--,207,224802,卖盘
2498,10:46:05,10.86,--,40,43440,卖盘
2499,10:46:02,10.86,--,192,208512,卖盘
2500,10:45:59,10.86,--,40,43440,卖盘
2501,10:45:56,10.86,--,410,445260,卖盘
2502,10:45:53,10.86,-0.01,5,5430,卖盘
2503,10:45:50,10.87,0.01,45,48915,买盘
2504,10:45:47,10.86,--,541,587526,卖盘
2505,10:45:44,10.86,-0.01,301,326886,卖盘
2506,10:45:41,10.87,--,1037,1127219,买盘
2507,10:45:38,10.87,0.01,24,26087,买盘
2508,10:45:32,10.86,-0.01,120,130320,卖盘
2509,10:45:29,10.87,--,88,95656,买盘
2510,10:45:26,10.87,0.01,59,64132,买盘
2511,10:45:23,10.86,--,2,2172,卖盘
2512,10:45:20,10.86,-0.01,70,76020,卖盘
2513,10:45:17,10.87,0.01,235,255444,买盘
2514,10:45:13,10.86,--,77,83622,卖盘
2515,10:45:10,10.86,--,42,45612,卖盘
2516,10:45:04,10.86,--,201,218286,卖盘
2517,10:44:58,10.86,-0.01,117,127062,卖盘
2518,10:44:52,10.87,0.01,18,19566,买盘
2519,10:44:49,10.86,-0.01,15,16290,卖盘
2520,10:44:46,10.87,0.01,278,302186,买盘
2521,10:44:43,10.86,-0.01,55,59730,卖盘
2522,10:44:40,10.87,0.01,27,29348,买盘
2523,10:44:37,10.86,-0.01,165,179190,卖盘
2524,10:44:25,10.87,0.01,3,3260,买盘
2525,10:44:22,10.86,-0.02,5,5430,卖盘
2526,10:44:19,10.88,--,45,48960,买盘
2527,10:44:16,10.88,0.01,3233,3517504,买盘
2528,10:44:13,10.87,--,73,79351,卖盘
2529,10:44:10,10.87,-0.01,215,233704,卖盘
2530,10:44:07,10.88,0.01,71,77248,买盘
2531,10:44:04,10.87,--,10,10870,卖盘
2532,10:44:01,10.87,--,55,59784,卖盘
2533,10:43:55,10.87,--,4,4348,卖盘
2534,10:43:52,10.87,--,38,41306,卖盘
2535,10:43:49,10.87,--,75,81525,卖盘
2536,10:43:46,10.87,-0.01,55,59784,中性盘
2537,10:43:43,10.88,0.01,236,256768,买盘
2538,10:43:40,10.87,--,30,32609,买盘
2539,10:43:37,10.87,--,25,27174,买盘
2540,10:43:31,10.87,--,330,358710,买盘
2541,10:43:28,10.87,--,66,71742,卖盘
2542,10:43:25,10.87,--,115,125004,卖盘
2543,10:43:22,10.87,-0.01,17,18479,卖盘
2544,10:43:19,10.88,--,101,109888,买盘
2545,10:43:16,10.88,--,233,253504,买盘
2546,10:43:13,10.88,--,1637,1781056,买盘
2547,10:43:10,10.88,0.01,190,206720,买盘
2548,10:43:07,10.87,-0.01,11,11957,卖盘
2549,10:43:04,10.88,--,54,58752,买盘
2550,10:43:01,10.88,0.01,8,8704,买盘
2551,10:42:58,10.87,-0.01,158,171746,买盘
2552,10:42:49,10.88,--,45,48960,买盘
2553,10:42:43,10.88,0.01,483,525504,买盘
2554,10:42:40,10.87,--,438,476236,卖盘
2555,10:42:37,10.87,--,484,526108,卖盘
2556,10:42:31,10.87,-0.01,2,2174,卖盘
2557,10:42:28,10.88,0.01,368,400384,买盘
2558,10:42:22,10.87,--,30,32609,卖盘
2559,10:42:16,10.87,--,310,336970,卖盘
2560,10:42:13,10.87,-0.01,10,10870,卖盘
2561,10:42:10,10.88,--,300,327444,买盘
2562,10:42:07,10.88,0.01,30,32640,买盘
2563,10:42:04,10.87,--,3,3304,卖盘
2564,10:42:01,10.87,--,10,10870,卖盘
2565,10:41:58,10.87,--,64,70611,卖盘
2566,10:41:55,10.87,--,15,16348,卖盘
2567,10:41:52,10.87,--,16,18435,卖盘
2568,10:41:49,10.87,--,284,309708,买盘
2569,10:41:46,10.87,--,299,325013,卖盘
2570,10:41:43,10.87,--,77,83699,卖盘
2571,10:41:37,10.87,0.01,835,907644,买盘
2572,10:41:25,10.86,-0.01,20,21720,卖盘
2573,10:41:22,10.87,--,70,76090,卖盘
2574,10:41:19,10.87,-0.01,115,125004,中性盘
2575,10:41:13,10.88,0.01,252,274176,买盘
2576,10:41:10,10.87,0.01,96,104351,买盘
2577,10:41:07,10.86,--,243,263898,卖盘
2578,10:41:04,10.86,-0.01,292,317112,卖盘
2579,10:41:01,10.87,--,400,434799,买盘
2580,10:40:58,10.87,0.01,49,53262,买盘
2581,10:40:55,10.86,--,28,30408,卖盘
2582,10:40:52,10.86,--,406,440916,卖盘
2583,10:40:49,10.86,-0.01,157,170502,卖盘
2584,10:40:46,10.87,--,232,252183,买盘
2585,10:40:43,10.87,0.01,149,161963,买盘
2586,10:40:40,10.86,-0.01,801,869886,卖盘
2587,10:40:37,10.87,0.01,208,226095,买盘
2588,10:40:28,10.86,-0.01,12,13032,卖盘
2589,10:40:25,10.87,0.01,3,3260,买盘
2590,10:40:22,10.86,--,33,35838,卖盘
2591,10:40:19,10.86,--,60,65160,卖盘
2592,10:40:16,10.86,-0.01,335,363810,卖盘
2593,10:40:13,10.87,0.01,312,339144,买盘
2594,10:40:10,10.86,-0.01,44,47784,卖盘
2595,10:40:07,10.87,0.01,29,31522,买盘
2596,10:40:04,10.86,--,170,184620,卖盘
2597,10:40:01,10.86,-0.01,58,62988,卖盘
2598,10:39:52,10.87,--,736,800553,卖盘
2599,10:39:46,10.87,--,142,154354,卖盘
2600,10:39:43,10.87,-0.01,498,541326,卖盘
2601,10:39:40,10.88,0.01,68,75028,买盘
2602,10:39:37,10.87,--,283,307664,卖盘
2603,10:39:34,10.87,--,724,788031,卖盘
2604,10:39:31,10.87,--,442,480453,卖盘
2605,10:39:28,10.87,--,95,103308,卖盘
2606,10:39:22,10.87,--,708,769596,卖盘
2607,10:39:13,10.87,-0.01,1378,1497886,卖盘
2608,10:39:10,10.88,0.01,88,95744,买盘
2609,10:39:07,10.87,--,50,55393,卖盘
2610,10:39:04,10.87,--,239,259836,卖盘
2611,10:39:01,10.87,--,532,579327,卖盘
2612,10:38:58,10.87,--,105,114178,卖盘
2613,10:38:55,10.87,--,288,314099,卖盘
2614,10:38:52,10.87,--,29,31566,卖盘
2615,10:38:49,10.87,--,106,115221,卖盘
2616,10:38:46,10.87,--,66,72785,卖盘
2617,10:38:43,10.87,--,356,386972,卖盘
2618,10:38:40,10.87,0.01,1141,1240875,买盘
2619,10:38:37,10.86,-0.01,80,86880,卖盘
2620,10:38:34,10.87,--,31,33697,买盘
2621,10:38:22,10.87,--,4490,4881151,卖盘
2622,10:38:16,10.87,--,20,21740,卖盘
2623,10:38:13,10.87,--,54,59741,卖盘
2624,10:38:10,10.87,--,326,354362,卖盘
2625,10:38:07,10.87,--,316,343492,卖盘
2626,10:38:01,10.87,--,10,10870,卖盘
2627,10:37:58,10.87,--,36,39132,卖盘
2628,10:37:55,10.87,--,26,28261,卖盘
2629,10:37:52,10.87,-0.01,4,4348,卖盘
2630,10:37:49,10.88,--,14,15232,买盘
2631,10:37:46,10.88,0.01,20,21760,买盘
2632,10:37:43,10.87,-0.01,416,452191,卖盘
2633,10:37:37,10.88,--,101,109931,买盘
2634,10:37:34,10.88,--,26,28288,买盘
2635,10:37:31,10.88,0.01,284,310036,买盘
2636,10:37:28,10.87,--,3,3304,卖盘
2637,10:37:25,10.87,-0.01,72,78264,卖盘
2638,10:37:22,10.88,0.01,12,13056,买盘
2639,10:37:19,10.87,-0.01,32,35827,卖盘
2640,10:37:16,10.88,0.01,5,5483,买盘
2641,10:37:13,10.87,--,352,382624,卖盘
2642,10:37:07,10.87,-0.01,44,47828,卖盘
2643,10:37:04,10.88,0.01,42,46740,买盘
2644,10:37:01,10.87,--,20,21740,卖盘
2645,10:36:58,10.87,--,821,892470,卖盘
2646,10:36:55,10.87,--,232,253227,卖盘
2647,10:36:52,10.87,-0.01,934,1015257,卖盘
2648,10:36:46,10.88,--,232,252416,卖盘
2649,10:36:43,10.88,--,154,167552,卖盘
2650,10:36:40,10.88,--,1817,1977505,买盘
2651,10:36:34,10.88,0.01,129,140352,买盘
2652,10:36:31,10.87,--,37,40219,卖盘
2653,10:36:28,10.87,--,77,83699,卖盘
2654,10:36:25,10.87,--,39,42393,卖盘
2655,10:36:22,10.87,--,192,208703,卖盘
2656,10:36:19,10.87,-0.01,2145,2331615,卖盘
2657,10:36:16,10.88,0.01,434,472192,买盘
2658,10:36:13,10.87,--,8,8696,卖盘
2659,10:36:10,10.87,--,1353,1470711,卖盘
2660,10:36:07,10.87,--,1155,1255485,卖盘
2661,10:36:04,10.87,--,34,36958,卖盘
2662,10:36:01,10.87,-0.01,33,35871,卖盘
2663,10:35:55,10.88,--,1065,1158720,买盘
2664,10:35:52,10.88,0.01,23,25024,买盘
2665,10:35:49,10.87,-0.01,88,95656,卖盘
2666,10:35:46,10.88,0.01,1025,1115200,买盘
2667,10:35:43,10.87,--,482,523933,卖盘
2668,10:35:40,10.87,-0.01,100,108699,卖盘
2669,10:35:37,10.88,--,325,353600,买盘
2670,10:35:34,10.88,--,1259,1369792,买盘
2671,10:35:31,10.88,--,17,18496,买盘
2672,10:35:28,10.88,0.01,285,310080,买盘
2673,10:35:25,10.87,-0.01,1549,1684219,卖盘
2674,10:35:22,10.88,--,1030,1120640,卖盘
2675,10:35:19,10.88,--,396,431152,卖盘
2676,10:35:16,10.88,--,240,261120,卖盘
2677,10:35:13,10.88,--,142,154496,卖盘
2678,10:35:10,10.88,--,279,303552,卖盘
2679,10:35:07,10.88,--,291,316608,卖盘
2680,10:35:04,10.88,--,123,133824,卖盘
2681,10:35:01,10.88,--,68,73984,卖盘
2682,10:34:58,10.88,--,44,47872,卖盘
2683,10:34:55,10.88,--,67,72896,卖盘
2684,10:34:49,10.88,--,80,87040,卖盘
2685,10:34:46,10.88,--,147,159936,卖盘
2686,10:34:43,10.88,--,33,35904,卖盘
2687,10:34:40,10.88,-0.01,8,9726,卖盘
2688,10:34:37,10.89,0.01,298,324522,买盘
2689,10:34:31,10.88,--,1562,1699456,卖盘
2690,10:34:28,10.88,--,25,27200,卖盘
2691,10:34:25,10.88,--,206,224128,卖盘
2692,10:34:22,10.88,--,1024,1114112,卖盘
2693,10:34:19,10.88,-0.01,1124,1222912,卖盘
2694,10:34:13,10.89,0.01,837,911493,买盘
2695,10:34:10,10.88,--,124,134912,卖盘
2696,10:34:07,10.88,-0.01,141,153408,卖盘
2697,10:34:04,10.89,--,1000,1089000,买盘
2698,10:34:01,10.89,0.01,204,222156,买盘
2699,10:33:58,10.88,--,321,349248,卖盘
2700,10:33:55,10.88,--,56,60928,卖盘
2701,10:33:52,10.88,--,32,34816,卖盘
2702,10:33:49,10.88,--,399,434112,卖盘
2703,10:33:40,10.88,-0.01,28,30464,卖盘
2704,10:33:37,10.89,--,1479,1610631,买盘
2705,10:33:34,10.89,0.01,5,5445,买盘
2706,10:33:31,10.88,--,115,125120,卖盘
2707,10:33:28,10.88,--,367,399296,卖盘
2708,10:33:25,10.88,--,3,3264,卖盘
2709,10:33:22,10.88,--,22,23936,卖盘
2710,10:33:19,10.88,--,70,76160,卖盘
2711,10:33:16,10.88,--,50,54400,卖盘
2712,10:33:13,10.88,--,8,8704,卖盘
2713,10:33:10,10.88,--,181,196928,卖盘
2714,10:33:07,10.88,--,88,95744,卖盘
2715,10:33:04,10.88,--,116,126425,卖盘
2716,10:33:01,10.88,0.01,393,427758,买盘
2717,10:32:55,10.87,--,2,2174,卖盘
2718,10:32:52,10.87,--,6,6521,卖盘
2719,10:32:49,10.87,--,41,44567,卖盘
2720,10:32:46,10.87,--,177,192399,买盘
2721,10:32:43,10.87,0.01,41,44567,中性盘
2722,10:32:40,10.86,-0.01,8751,9503586,卖盘
2723,10:32:34,10.87,--,274,297838,买盘
2724,10:32:31,10.87,--,2327,2529449,买盘
2725,10:32:28,10.87,0.01,321,349318,买盘
2726,10:32:25,10.86,--,17,18462,卖盘
2727,10:32:22,10.86,0.01,239,260249,买盘
2728,10:32:16,10.85,-0.01,30,32550,卖盘
2729,10:32:13,10.86,0.01,173,187878,买盘
2730,10:32:10,10.85,-0.01,32,34720,卖盘
2731,10:32:07,10.86,--,302,327972,买盘
2732,10:32:04,10.86,--,127,137922,买盘
2733,10:32:01,10.86,--,96,104256,卖盘
2734,10:31:55,10.86,-0.01,33,35838,卖盘
2735,10:31:52,10.87,0.01,833,905470,买盘
2736,10:31:49,10.86,0.01,773,839478,买盘
2737,10:31:46,10.85,--,118,128030,卖盘
2738,10:31:43,10.85,--,17,18445,卖盘
2739,10:31:40,10.85,-0.01,50,54250,卖盘
2740,10:31:37,10.86,--,283,307338,买盘
2741,10:31:34,10.86,0.01,121,131406,买盘
2742,10:31:31,10.85,--,1431,1552635,卖盘
2743,10:31:25,10.85,--,67,72695,卖盘
2744,10:31:22,10.85,--,25,27125,卖盘
2745,10:31:19,10.85,-0.01,60,65100,卖盘
2746,10:31:16,10.86,0.01,1003,1089258,买盘
2747,10:31:13,10.85,-0.01,323,350455,卖盘
2748,10:31:07,10.86,--,424,460464,买盘
2749,10:31:04,10.86,--,163,177018,买盘
2750,10:31:01,10.86,--,183,198738,买盘
2751,10:30:58,10.86,--,139,150954,买盘
2752,10:30:55,10.86,--,1220,1324920,买盘
2753,10:30:52,10.86,0.01,254,275844,买盘
2754,10:30:49,10.85,-0.01,149,161665,卖盘
2755,10:30:46,10.86,0.01,135,146610,买盘
2756,10:30:43,10.85,--,60,65100,卖盘
2757,10:30:40,10.85,--,7,7595,卖盘
2758,10:30:37,10.85,--,387,419895,买盘
2759,10:30:34,10.85,--,121,131285,买盘
2760,10:30:31,10.85,--,39,42315,买盘
2761,10:30:28,10.85,--,28,30380,买盘
2762,10:30:25,10.85,--,443,480655,买盘
2763,10:30:22,10.85,--,27,29295,买盘
2764,10:30:16,10.85,0.01,708,768180,买盘
2765,10:30:13,10.84,--,129,139836,卖盘
2766,10:30:10,10.84,-0.01,123,133332,卖盘
2767,10:30:07,10.85,--,66,71610,买盘
