,time,price,change,volume,amount,type
0,15:00:00,11.04,--,0,0,卖盘
1,15:00:00,11.04,--,135,149040,买盘
2,14:59:58,11.04,--,44,48575,买盘
3,14:59:53,11.04,0.01,9,9936,买盘
4,14:59:47,11.03,-0.01,24,26472,卖盘
5,14:59:43,11.04,-0.01,323,356592,卖盘
6,14:59:38,11.05,--,30,33150,买盘
7,14:59:32,11.05,0.01,44,48620,买盘
8,14:59:28,11.04,--,262,289248,卖盘
9,14:59:23,11.04,0.01,91,100762,买盘
10,14:59:17,11.03,-0.01,73,80519,卖盘
11,14:59:13,11.04,0.02,287,316848,买盘
12,14:59:08,11.02,--,23,25346,卖盘
13,14:59:02,11.02,-0.01,28,30856,卖盘
14,14:58:58,11.03,0.01,21,23163,买盘
15,14:58:53,11.02,-0.01,35,38570,卖盘
16,14:58:47,11.03,-0.01,33,36399,卖盘
17,14:58:43,11.04,0.02,245,270480,买盘
18,14:58:38,11.02,-0.01,140,154280,卖盘
19,14:58:32,11.03,0.01,347,382741,中性盘
20,14:58:28,11.02,--,595,655690,卖盘
21,14:58:23,11.02,--,26,28652,卖盘
22,14:58:17,11.02,0.01,54,59508,卖盘
23,14:58:13,11.01,-0.01,260,286260,卖盘
24,14:58:08,11.02,--,107,117914,买盘
25,14:58:02,11.02,--,62,68324,买盘
26,14:57:58,11.02,--,68,74936,买盘
27,14:57:53,11.02,--,36,39672,买盘
28,14:57:47,11.02,--,118,130036,卖盘
29,14:57:43,11.02,--,58,63916,卖盘
30,14:57:38,11.02,0.01,21,23142,卖盘
31,14:57:32,11.01,-0.01,132,145332,卖盘
32,14:57:28,11.02,--,91,100282,买盘
33,14:57:23,11.02,0.01,43,47386,中性盘
34,14:57:17,11.01,-0.01,193,213043,卖盘
35,14:57:13,11.02,--,65,71630,买盘
36,14:57:08,11.02,0.01,35,38570,买盘
37,14:57:02,11.01,-0.01,192,211392,卖盘
38,14:56:58,11.02,--,32,35264,买盘
39,14:56:53,11.02,--,38,41876,买盘
40,14:56:47,11.02,--,54,59508,买盘
41,14:56:43,11.02,-0.01,103,113506,卖盘
42,14:56:38,11.03,--,10,11030,买盘
43,14:56:32,11.03,0.01,97,106991,买盘
44,14:56:27,11.02,-0.01,366,403332,卖盘
45,14:56:23,11.03,0.02,4,4412,买盘
46,14:56:17,11.01,-0.01,75,82575,卖盘
47,14:56:13,11.02,--,48,52896,卖盘
48,14:56:08,11.02,-0.01,7,7714,卖盘
49,14:56:02,11.03,0.01,102,112506,买盘
50,14:55:58,11.02,--,418,460746,买盘
51,14:55:53,11.02,--,14,15428,买盘
52,14:55:47,11.02,--,72,79344,买盘
53,14:55:41,11.02,0.01,277,305254,买盘
54,14:55:37,11.01,--,56,61656,卖盘
55,14:55:32,11.01,-0.01,639,703539,卖盘
56,14:55:26,11.02,--,197,217094,买盘
57,14:55:22,11.02,--,192,211584,买盘
58,14:55:17,11.02,0.01,348,383496,买盘
59,14:55:11,11.01,-0.01,72,79272,卖盘
60,14:55:07,11.02,--,41,45182,买盘
61,14:55:02,11.02,-0.01,265,293021,卖盘
62,14:54:56,11.03,0.01,111,122433,买盘
63,14:54:52,11.02,--,13,14326,卖盘
64,14:54:47,11.02,--,201,221502,卖盘
65,14:54:41,11.02,--,1068,1176936,卖盘
66,14:54:37,11.02,--,32,35264,卖盘
67,14:54:32,11.02,-0.01,67,73834,卖盘
68,14:54:26,11.03,0.01,34,37502,买盘
69,14:54:22,11.02,-0.01,213,234726,卖盘
70,14:54:17,11.03,0.01,2,2206,买盘
71,14:54:11,11.02,-0.01,35,38570,卖盘
72,14:54:07,11.03,0.01,43,47429,买盘
73,14:54:02,11.02,--,258,284426,买盘
74,14:53:56,11.02,-0.01,146,161883,卖盘
75,14:53:52,11.03,--,290,319870,买盘
76,14:53:47,11.03,0.01,41,45223,买盘
77,14:53:41,11.02,-0.01,525,578550,卖盘
78,14:53:37,11.03,0.01,13,14339,买盘
79,14:53:32,11.02,-0.01,85,93670,卖盘
80,14:53:26,11.03,0.01,114,125741,买盘
81,14:53:22,11.02,-0.01,68,74936,卖盘
82,14:53:11,11.03,--,124,136772,买盘
83,14:53:07,11.03,--,716,789748,买盘
84,14:53:02,11.03,--,47,51841,买盘
85,14:52:56,11.03,--,122,134566,买盘
86,14:52:52,11.03,--,82,90446,买盘
87,14:52:47,11.03,--,30,33090,买盘
88,14:52:41,11.03,-0.01,558,615474,卖盘
89,14:52:37,11.04,--,13,14351,买盘
90,14:52:32,11.04,--,13,14351,买盘
91,14:52:26,11.04,0.01,197,217487,买盘
92,14:52:22,11.03,-0.01,173,190819,卖盘
93,14:52:17,11.04,--,25,27710,买盘
94,14:52:11,11.04,0.01,70,77280,买盘
95,14:52:07,11.03,--,100,110300,卖盘
96,14:52:02,11.03,-0.01,30,33090,卖盘
97,14:51:56,11.04,0.01,86,94943,买盘
98,14:51:52,11.03,-0.01,463,510688,卖盘
99,14:51:47,11.04,--,440,485759,买盘
100,14:51:41,11.04,--,38,41952,买盘
101,14:51:37,11.04,--,46,50783,买盘
102,14:51:32,11.04,--,50,55199,买盘
103,14:51:26,11.04,--,7,7727,买盘
104,14:51:22,11.04,-0.01,155,171925,卖盘
105,14:51:17,11.05,--,80,88400,买盘
106,14:51:11,11.05,0.01,52,57460,买盘
107,14:51:07,11.04,-0.01,157,173328,卖盘
108,14:51:02,11.05,0.01,3,3315,买盘
109,14:50:56,11.04,--,63,69552,卖盘
110,14:50:52,11.04,-0.01,71,78384,卖盘
111,14:50:46,11.05,-0.01,15,16575,中性盘
112,14:50:41,11.06,0.01,71,78526,买盘
113,14:50:37,11.05,--,106,117130,卖盘
114,14:50:32,11.05,--,30,33150,卖盘
115,14:50:26,11.05,-0.01,66,72930,卖盘
116,14:50:22,11.06,--,2,2212,买盘
117,14:50:17,11.06,0.01,4,4424,买盘
118,14:50:11,11.05,--,46,50830,卖盘
119,14:50:07,11.05,--,3,3315,卖盘
120,14:50:02,11.05,--,50,55250,卖盘
121,14:49:56,11.05,0.01,31,34553,买盘
122,14:49:51,11.04,--,105,115919,买盘
123,14:49:47,11.04,-0.01,530,585925,卖盘
124,14:49:41,11.05,0.01,11,12155,买盘
125,14:49:36,11.04,-0.01,102,112607,卖盘
126,14:49:32,11.05,-0.01,10,11050,中性盘
127,14:49:26,11.06,0.01,56,61936,买盘
128,14:49:22,11.05,--,321,354705,卖盘
129,14:49:16,11.05,-0.01,156,172380,卖盘
130,14:49:11,11.06,--,14,15484,买盘
131,14:49:06,11.06,--,160,176960,买盘
132,14:49:01,11.06,--,17,18802,买盘
133,14:48:55,11.06,--,365,403690,卖盘
134,14:48:52,11.06,-0.01,40,44240,卖盘
135,14:48:46,11.07,--,6,6642,买盘
136,14:48:41,11.07,--,20,22140,买盘
137,14:48:36,11.07,--,20,22140,卖盘
138,14:48:31,11.07,--,10,11070,卖盘
139,14:48:26,11.07,--,82,90774,卖盘
140,14:48:20,11.07,-0.01,3,3321,卖盘
141,14:48:16,11.08,--,30,33240,卖盘
142,14:48:11,11.08,--,27,29916,卖盘
143,14:48:05,11.08,--,83,91964,卖盘
144,14:48:01,11.08,0.02,310,343480,买盘
145,14:47:56,11.06,--,132,145992,卖盘
146,14:47:50,11.06,--,225,248850,卖盘
147,14:47:46,11.06,--,15,16590,卖盘
148,14:47:35,11.06,--,70,77420,买盘
149,14:47:31,11.06,--,12,13272,中性盘
150,14:47:25,11.06,--,12,13272,买盘
151,14:47:20,11.06,--,13,14378,买盘
152,14:47:16,11.06,--,255,282328,买盘
153,14:47:10,11.06,0.01,8,8848,中性盘
154,14:47:05,11.05,-0.01,436,481780,卖盘
155,14:47:01,11.06,--,19,21014,卖盘
156,14:46:55,11.06,--,76,84056,卖盘
157,14:46:50,11.06,--,10,11060,卖盘
158,14:46:46,11.06,--,226,249956,买盘
159,14:46:40,11.06,--,27,29862,买盘
160,14:46:35,11.06,--,183,202398,买盘
161,14:46:31,11.06,--,145,160370,买盘
162,14:46:20,11.06,--,8,8848,买盘
163,14:46:16,11.06,--,20,22120,买盘
164,14:46:10,11.06,--,37,40922,买盘
165,14:46:05,11.06,--,17,18802,买盘
166,14:46:01,11.06,--,38,42028,卖盘
167,14:45:55,11.06,--,2,2212,卖盘
168,14:45:50,11.06,--,54,59724,卖盘
169,14:45:46,11.06,-0.01,170,188020,卖盘
170,14:45:40,11.07,0.01,1,1107,买盘
171,14:45:35,11.06,-0.01,342,378252,卖盘
172,14:45:31,11.07,--,21,23247,买盘
173,14:45:20,11.07,--,12,13284,买盘
174,14:45:16,11.07,--,20,22140,卖盘
175,14:45:10,11.07,--,18,19926,卖盘
176,14:45:05,11.07,--,139,153873,买盘
177,14:45:01,11.07,--,42,46494,买盘
178,14:44:55,11.07,--,5,5535,买盘
179,14:44:50,11.07,--,33,37084,卖盘
180,14:44:46,11.07,--,64,70848,卖盘
181,14:44:40,11.07,--,21,23247,买盘
182,14:44:35,11.07,--,79,87453,卖盘
183,14:44:31,11.07,-0.01,15,16605,卖盘
184,14:44:25,11.08,0.01,146,161768,买盘
185,14:44:20,11.07,--,109,120663,卖盘
186,14:44:10,11.07,-0.01,5,5535,卖盘
187,14:44:05,11.08,0.01,108,119664,买盘
188,14:44:01,11.07,--,8,8856,买盘
189,14:43:50,11.07,0.01,4,4428,买盘
190,14:43:46,11.06,--,8,8848,卖盘
191,14:43:40,11.06,0.01,77,85526,买盘
192,14:43:35,11.05,-0.01,8,8840,卖盘
193,14:43:31,11.06,--,57,63042,买盘
194,14:43:25,11.06,--,126,139356,买盘
195,14:43:20,11.06,--,31,34286,买盘
196,14:43:15,11.06,0.01,11,12166,买盘
197,14:43:05,11.05,--,29,32045,卖盘
198,14:43:01,11.05,--,42,46410,买盘
199,14:42:55,11.05,--,8,8840,买盘
200,14:42:50,11.05,0.01,64,70720,买盘
201,14:42:35,11.04,--,109,120335,买盘
202,14:42:30,11.04,--,196,216383,买盘
203,14:42:25,11.04,--,150,165600,买盘
204,14:42:20,11.04,--,224,247295,买盘
205,14:42:15,11.04,--,250,276000,买盘
206,14:42:10,11.04,--,35,38640,买盘
207,14:42:05,11.04,--,244,269376,买盘
208,14:42:00,11.04,--,86,94943,买盘
209,14:41:55,11.04,--,23,25391,买盘
210,14:41:50,11.04,--,215,237359,买盘
211,14:41:45,11.04,--,127,140208,买盘
212,14:41:40,11.04,--,11,12143,买盘
213,14:41:35,11.04,--,17,18768,买盘
214,14:41:29,11.04,--,60,66240,买盘
215,14:41:25,11.04,--,8,8832,买盘
216,14:41:20,11.04,0.01,146,161184,买盘
217,14:41:15,11.03,-0.01,21,23163,卖盘
218,14:41:10,11.04,0.01,138,152352,买盘
219,14:41:04,11.03,--,107,118021,买盘
220,14:41:00,11.03,--,98,108094,买盘
221,14:40:55,11.03,--,56,61768,买盘
222,14:40:49,11.03,0.01,93,102579,买盘
223,14:40:44,11.02,-0.01,414,456228,卖盘
224,14:40:40,11.03,--,47,51841,买盘
225,14:40:34,11.03,--,5,5515,买盘
226,14:40:29,11.03,--,65,71695,买盘
227,14:40:25,11.03,--,406,447818,买盘
228,14:40:19,11.03,--,231,254792,买盘
229,14:40:14,11.03,0.01,29,31986,买盘
230,14:40:10,11.02,-0.01,33,36366,卖盘
231,14:40:04,11.03,--,34,37502,买盘
232,14:39:59,11.03,-0.01,123,135669,卖盘
233,14:39:55,11.04,--,62,68448,买盘
234,14:39:49,11.04,0.01,36,39744,买盘
235,14:39:44,11.03,-0.01,175,193025,卖盘
236,14:39:40,11.04,--,574,633696,买盘
237,14:39:34,11.04,0.01,114,125855,买盘
238,14:39:29,11.03,--,223,245969,卖盘
239,14:39:25,11.03,-0.01,218,240454,卖盘
240,14:39:19,11.04,--,38,41952,买盘
241,14:39:14,11.04,--,787,868847,买盘
242,14:39:10,11.04,--,61,67344,买盘
243,14:39:04,11.04,--,47,51887,买盘
244,14:38:59,11.04,--,221,243983,买盘
245,14:38:55,11.04,-0.02,1246,1375584,卖盘
246,14:38:49,11.06,0.01,341,377201,买盘
247,14:38:44,11.05,--,465,513825,卖盘
248,14:38:40,11.05,--,16,17680,卖盘
249,14:38:34,11.05,--,110,121550,卖盘
250,14:38:29,11.05,--,17,18785,卖盘
251,14:38:25,11.05,-0.01,77,85085,卖盘
252,14:38:19,11.06,--,34,37604,买盘
253,14:38:14,11.06,--,84,92904,买盘
254,14:38:10,11.06,0.01,214,236684,买盘
255,14:38:04,11.05,-0.01,1029,1137045,卖盘
256,14:37:59,11.06,0.01,20,22120,买盘
257,14:37:55,11.05,--,225,248625,卖盘
258,14:37:49,11.05,-0.01,5,5525,卖盘
259,14:37:44,11.06,--,21,23226,买盘
260,14:37:40,11.06,--,35,38710,买盘
261,14:37:29,11.06,--,11,12166,买盘
262,14:37:25,11.06,--,17,18802,买盘
263,14:37:19,11.06,--,276,305941,卖盘
264,14:37:14,11.06,--,550,608300,卖盘
265,14:37:10,11.06,-0.01,7,7742,卖盘
266,14:37:04,11.07,--,131,145017,卖盘
267,14:36:59,11.07,--,69,76383,卖盘
268,14:36:55,11.07,-0.01,42,46494,卖盘
269,14:36:49,11.08,0.01,1,1108,买盘
270,14:36:44,11.07,--,38,42066,卖盘
271,14:36:40,11.07,-0.01,106,117342,卖盘
272,14:36:34,11.08,--,32,35456,买盘
273,14:36:29,11.08,0.01,2,2216,买盘
274,14:36:24,11.07,--,86,95202,卖盘
275,14:36:19,11.07,--,35,38745,卖盘
276,14:36:14,11.07,--,33,36531,卖盘
277,14:36:10,11.07,-0.01,157,173799,卖盘
278,14:36:04,11.08,--,17,18836,买盘
279,14:35:59,11.08,--,3,3324,买盘
280,14:35:55,11.08,--,20,22160,买盘
281,14:35:49,11.08,-0.01,284,314672,卖盘
282,14:35:44,11.09,0.01,14,15526,买盘
283,14:35:39,11.08,--,27,29916,卖盘
284,14:35:34,11.08,--,27,29916,卖盘
285,14:35:29,11.08,--,80,88640,卖盘
286,14:35:25,11.08,--,4,4432,卖盘
287,14:35:19,11.08,--,0,0,中性盘
288,14:35:14,11.08,--,27,29916,买盘
289,14:34:59,11.08,--,35,38780,买盘
290,14:34:54,11.08,--,24,26592,买盘
291,14:34:49,11.08,--,12,13296,买盘
292,14:34:44,11.08,0.01,31,34348,买盘
293,14:34:39,11.07,--,55,60885,卖盘
294,14:34:29,11.07,-0.01,35,38745,卖盘
295,14:34:24,11.08,--,13,14404,买盘
296,14:34:19,11.08,0.01,5,5540,买盘
297,14:34:13,11.07,--,22,24354,卖盘
298,14:34:09,11.07,-0.01,29,32103,卖盘
299,14:34:04,11.08,--,36,39888,买盘
300,14:33:58,11.08,--,10,11080,买盘
301,14:33:54,11.08,-0.01,152,168416,卖盘
302,14:33:49,11.09,--,18,19962,买盘
303,14:33:43,11.09,0.01,11,12199,买盘
304,14:33:39,11.08,-0.01,5,5540,卖盘
305,14:33:34,11.09,--,7,7763,买盘
306,14:33:28,11.09,0.01,8,8872,买盘
307,14:33:24,11.08,-0.01,17,18836,卖盘
308,14:33:19,11.09,--,102,113118,卖盘
309,14:33:13,11.09,--,12,13308,卖盘
310,14:33:08,11.09,--,10,11090,卖盘
311,14:33:04,11.09,-0.01,45,49905,卖盘
312,14:32:58,11.1,--,48,53280,买盘
313,14:32:49,11.1,0.01,9,9990,买盘
314,14:32:34,11.09,0.01,147,163023,买盘
315,14:32:23,11.08,--,67,74236,买盘
316,14:32:19,11.08,0.01,23,25484,买盘
317,14:32:13,11.07,--,9,9963,卖盘
318,14:32:08,11.07,--,29,32103,卖盘
319,14:32:04,11.07,--,4,4428,卖盘
320,14:31:58,11.07,--,8,8856,买盘
321,14:31:53,11.07,0.01,60,66420,买盘
322,14:31:49,11.06,-0.01,24,26544,卖盘
323,14:31:38,11.07,0.01,2,2214,买盘
324,14:31:34,11.06,--,56,61936,卖盘
325,14:31:23,11.06,--,47,52402,买盘
326,14:31:19,11.06,--,62,68572,买盘
327,14:31:13,11.06,--,3,3318,买盘
328,14:31:08,11.06,0.01,204,226232,买盘
329,14:31:04,11.05,-0.01,55,60775,卖盘
330,14:30:58,11.06,--,106,117236,买盘
331,14:30:53,11.06,--,107,118342,买盘
332,14:30:49,11.06,--,110,121660,买盘
333,14:30:43,11.06,0.01,120,132720,买盘
334,14:30:38,11.05,-0.01,10,11050,卖盘
335,14:30:34,11.06,--,48,53088,买盘
336,14:30:28,11.06,--,20,22120,买盘
337,14:30:23,11.06,--,356,394421,卖盘
338,14:30:13,11.06,-0.02,308,340648,卖盘
339,14:30:08,11.08,--,21,23268,买盘
340,14:30:04,11.08,0.01,29,32132,买盘
341,14:29:58,11.07,--,7,7749,买盘
342,14:29:53,11.07,--,93,102951,买盘
343,14:29:49,11.07,-0.01,196,217957,卖盘
344,14:29:43,11.08,0.01,2,2216,买盘
345,14:29:38,11.07,-0.01,32,35424,卖盘
346,14:29:34,11.08,--,13,14404,买盘
347,14:29:28,11.08,--,11,12188,买盘
348,14:29:23,11.08,--,48,53184,卖盘
349,14:29:19,11.08,-0.01,53,58724,卖盘
350,14:29:13,11.09,0.02,3,3327,买盘
351,14:29:08,11.07,-0.02,157,174097,卖盘
352,14:29:03,11.09,0.01,5,5545,买盘
353,14:28:58,11.08,--,32,36386,买盘
354,14:28:53,11.08,--,15,16620,买盘
355,14:28:49,11.08,--,231,256779,卖盘
356,14:28:43,11.08,-0.01,2,2216,卖盘
357,14:28:38,11.09,0.01,120,133080,买盘
358,14:28:33,11.08,-0.01,50,55400,卖盘
359,14:28:28,11.09,0.01,26,28834,买盘
360,14:28:23,11.08,--,304,336832,卖盘
361,14:28:18,11.08,--,251,278108,卖盘
362,14:28:13,11.08,-0.01,65,72020,卖盘
363,14:28:08,11.09,0.01,36,39924,买盘
364,14:28:03,11.08,-0.01,10,11080,卖盘
365,14:27:58,11.09,--,16,17744,买盘
366,14:27:52,11.09,--,21,23289,卖盘
367,14:27:48,11.09,-0.01,202,224018,卖盘
368,14:27:43,11.1,0.01,8,8880,买盘
369,14:27:33,11.09,-0.01,86,95374,卖盘
370,14:27:28,11.1,--,9,9990,买盘
371,14:27:22,11.1,--,15,16650,买盘
372,14:27:13,11.1,-0.02,98,108780,卖盘
373,14:27:07,11.12,--,45,50040,买盘
374,14:26:58,11.12,0.03,20,22240,买盘
375,14:26:52,11.09,-0.01,10,11090,卖盘
376,14:26:48,11.1,--,2,2220,卖盘
377,14:26:37,11.1,--,8,9157,买盘
378,14:26:33,11.1,--,24,26640,买盘
379,14:26:28,11.1,0.01,120,133200,买盘
380,14:26:18,11.09,-0.01,4,4436,卖盘
381,14:26:13,11.1,--,57,63270,买盘
382,14:26:03,11.1,--,140,156232,卖盘
383,14:25:57,11.1,--,61,67710,卖盘
384,14:25:52,11.1,-0.01,47,52170,卖盘
385,14:25:47,11.11,0.01,68,75548,买盘
386,14:25:43,11.1,-0.01,3,3330,卖盘
387,14:25:33,11.11,0.01,5,5555,买盘
388,14:25:28,11.1,--,8,8880,卖盘
389,14:25:17,11.1,-0.01,19,21090,卖盘
390,14:25:13,11.11,0.01,7,7777,买盘
391,14:25:02,11.1,--,25,27750,卖盘
392,14:24:57,11.1,--,8,8880,卖盘
393,14:24:52,11.1,-0.01,1,1110,卖盘
394,14:24:47,11.11,0.01,1,1111,买盘
395,14:24:42,11.1,--,171,189810,卖盘
396,14:24:37,11.1,--,1,1110,卖盘
397,14:24:32,11.1,-0.01,90,99900,卖盘
398,14:24:27,11.11,0.01,11,12221,买盘
399,14:24:22,11.1,-0.01,1,1110,卖盘
400,14:24:17,11.11,0.01,94,104800,买盘
401,14:24:12,11.1,-0.01,35,39782,卖盘
402,14:24:07,11.11,0.01,9,9999,买盘
403,14:24:02,11.1,-0.01,4,4440,卖盘
404,14:23:57,11.11,0.01,580,644380,买盘
405,14:23:47,11.1,--,50,55821,卖盘
406,14:23:37,11.1,-0.01,22,24420,卖盘
407,14:23:27,11.11,--,4,4444,买盘
408,14:23:17,11.11,0.01,1,1111,买盘
409,14:23:12,11.1,-0.01,38,43156,卖盘
410,14:23:07,11.11,--,10,11110,买盘
411,14:23:02,11.11,--,10,11110,买盘
412,14:22:57,11.11,--,10,11110,买盘
413,14:22:52,11.11,--,15,16665,买盘
414,14:22:47,11.11,--,25,27775,买盘
415,14:22:37,11.11,--,63,70626,卖盘
416,14:22:32,11.11,--,2,2222,卖盘
417,14:22:27,11.11,--,44,48884,卖盘
418,14:22:22,11.11,--,30,33330,卖盘
419,14:22:17,11.11,--,40,44440,卖盘
420,14:22:12,11.11,--,70,77958,卖盘
421,14:22:07,11.11,-0.01,5,5555,卖盘
422,14:22:02,11.12,0.01,12,13343,买盘
423,14:21:52,11.11,--,20,22508,卖盘
424,14:21:42,11.11,-0.01,14,15554,卖盘
425,14:21:27,11.12,--,4,4448,买盘
426,14:21:22,11.12,0.02,1,1112,买盘
427,14:21:17,11.1,-0.01,27,30980,卖盘
428,14:21:12,11.11,-0.01,28,31108,卖盘
429,14:21:02,11.12,--,55,61159,买盘
430,14:20:57,11.12,--,12,13343,买盘
431,14:20:46,11.12,--,0,0,买盘
432,14:20:42,11.12,0.02,1,1112,买盘
433,14:20:37,11.1,-0.02,4,4440,卖盘
434,14:20:31,11.12,--,50,55599,买盘
435,14:20:27,11.12,0.01,10,11120,买盘
436,14:20:22,11.11,--,70,78269,卖盘
437,14:20:16,11.11,-0.01,380,422180,卖盘
438,14:20:12,11.12,0.01,15,16680,买盘
439,14:20:07,11.11,-0.01,48,53516,卖盘
440,14:20:01,11.12,--,6,6671,买盘
441,14:19:46,11.12,--,2,3069,卖盘
442,14:19:42,11.12,-0.01,24,26943,卖盘
443,14:19:37,11.13,0.01,10,11141,买盘
444,14:19:31,11.12,--,15,16680,卖盘
445,14:19:27,11.12,--,4,4448,卖盘
446,14:19:22,11.12,0.01,13,14455,中性盘
447,14:19:16,11.11,-0.02,27,31041,卖盘
448,14:19:01,11.13,0.01,20,22260,买盘
449,14:18:57,11.12,0.01,6,6671,卖盘
450,14:18:46,11.11,--,0,0,卖盘
451,14:18:42,11.11,-0.01,302,335522,卖盘
452,14:18:37,11.12,-0.01,1,1112,卖盘
453,14:18:31,11.13,0.02,13,14469,买盘
454,14:18:27,11.11,-0.02,149,165539,卖盘
455,14:18:22,11.13,0.02,332,369516,买盘
456,14:18:16,11.11,-0.01,4,4444,卖盘
457,14:18:12,11.12,0.01,28,31135,买盘
458,14:18:07,11.11,-0.01,57,63515,卖盘
459,14:18:01,11.12,-0.01,42,46704,卖盘
460,14:17:57,11.13,0.01,50,55650,买盘
461,14:17:51,11.12,-0.01,127,141224,卖盘
462,14:17:42,11.13,0.01,16,17808,买盘
463,14:17:37,11.12,-0.01,25,28100,卖盘
464,14:17:31,11.13,0.01,5,5565,买盘
465,14:17:26,11.12,--,40,44480,卖盘
466,14:17:16,11.12,--,27,31024,卖盘
467,14:17:11,11.12,--,11,12232,卖盘
468,14:17:06,11.12,--,7,7783,卖盘
469,14:17:01,11.12,0.01,41,45970,买盘
470,14:16:56,11.11,-0.01,17,18887,卖盘
471,14:16:51,11.12,--,12,13343,买盘
472,14:16:46,11.12,--,5,5560,买盘
473,14:16:41,11.12,--,52,57823,买盘
474,14:16:31,11.12,--,4,4448,买盘
475,14:16:26,11.12,--,68,76349,卖盘
476,14:16:21,11.12,-0.01,60,66720,卖盘
477,14:16:11,11.13,0.01,1,1113,买盘
478,14:16:06,11.12,--,5,5560,卖盘
479,14:16:01,11.12,--,50,55789,卖盘
480,14:15:56,11.12,-0.01,38,42256,卖盘
481,14:15:51,11.13,0.01,102,113526,买盘
482,14:15:41,11.12,--,33,36885,卖盘
483,14:15:36,11.12,--,20,22240,卖盘
484,14:15:21,11.12,--,135,150120,买盘
485,14:15:11,11.12,0.01,9,10008,买盘
486,14:15:06,11.11,-0.01,13,14443,卖盘
487,14:15:01,11.12,--,5,5560,买盘
488,14:14:56,11.12,0.01,105,116759,买盘
489,14:14:51,11.11,--,6,6666,卖盘
490,14:14:41,11.11,-0.01,32,35552,卖盘
491,14:14:36,11.12,0.01,10,11120,买盘
492,14:14:25,11.11,-0.02,13,14443,卖盘
493,14:14:21,11.13,0.02,5,5565,买盘
494,14:14:01,11.11,--,56,62404,买盘
495,14:13:55,11.11,0.01,40,44440,买盘
496,14:13:46,11.1,--,50,55500,卖盘
497,14:13:40,11.1,--,27,30314,卖盘
498,14:13:36,11.1,--,0,0,卖盘
499,14:13:31,11.1,-0.01,100,111000,卖盘
500,14:13:21,11.11,--,81,90746,买盘
501,14:13:16,11.11,0.01,32,35552,买盘
502,14:13:10,11.1,-0.01,60,66600,卖盘
503,14:13:06,11.11,0.01,266,295526,买盘
504,14:13:01,11.1,--,538,598134,卖盘
505,14:12:51,11.1,-0.01,36,39960,卖盘
506,14:12:46,11.11,--,195,216645,买盘
507,14:12:40,11.11,--,124,137764,买盘
508,14:12:36,11.11,0.01,14,15554,买盘
509,14:12:31,11.1,-0.01,4,4440,卖盘
510,14:12:21,11.11,0.01,76,84436,买盘
511,14:12:16,11.1,-0.01,10,11100,卖盘
512,14:12:06,11.11,0.01,5,5555,买盘
513,14:12:01,11.1,-0.01,220,244444,卖盘
514,14:11:55,11.11,--,30,34385,买盘
515,14:11:51,11.11,-0.01,266,295881,卖盘
516,14:11:46,11.12,0.01,1,1112,买盘
517,14:11:40,11.11,-0.01,9,9999,卖盘
518,14:11:36,11.12,--,27,30023,买盘
519,14:11:31,11.12,--,65,72457,卖盘
520,14:11:25,11.12,0.01,9,10008,中性盘
521,14:11:21,11.11,-0.02,4,4444,卖盘
522,14:11:16,11.13,--,221,245973,买盘
523,14:11:06,11.13,--,8,8904,买盘
524,14:11:01,11.13,0.01,36,40068,中性盘
525,14:10:55,11.12,-0.01,28,31147,卖盘
526,14:10:46,11.13,-0.01,1,1113,卖盘
527,14:10:36,11.14,0.02,8,8912,买盘
528,14:10:31,11.12,-0.01,31,34472,卖盘
529,14:10:25,11.13,--,39,43407,买盘
530,14:10:20,11.13,--,10,11130,卖盘
531,14:10:15,11.13,0.01,4,4452,中性盘
532,14:10:10,11.12,-0.01,198,220175,卖盘
533,14:10:05,11.13,0.01,66,73458,卖盘
534,14:10:00,11.12,--,0,0,卖盘
535,14:09:55,11.12,-0.02,20,22595,卖盘
536,14:09:50,11.14,0.02,37,42164,买盘
537,14:09:40,11.12,--,0,0,卖盘
538,14:09:35,11.12,-0.01,25,27799,卖盘
539,14:09:30,11.13,--,2,2226,卖盘
540,14:09:25,11.13,--,20,22582,卖盘
541,14:09:20,11.13,--,1,1113,卖盘
542,14:09:10,11.13,0.01,89,99057,买盘
543,14:09:05,11.12,--,10,11120,卖盘
544,14:09:00,11.12,--,5,5560,卖盘
545,14:08:55,11.12,-0.01,47,53242,卖盘
546,14:08:50,11.13,0.01,2,2226,买盘
547,14:08:45,11.12,--,185,205720,卖盘
548,14:08:30,11.12,-0.01,5,5560,卖盘
549,14:08:20,11.13,--,5,5565,买盘
550,14:08:15,11.13,--,18,20034,买盘
551,14:08:10,11.13,0.01,24,26712,买盘
552,14:08:05,11.12,-0.01,53,58935,卖盘
553,14:08:00,11.13,0.01,24,26712,买盘
554,14:07:55,11.12,--,4,4448,卖盘
555,14:07:50,11.12,--,48,53565,卖盘
556,14:07:45,11.12,-0.01,12,13343,卖盘
557,14:07:40,11.13,--,14,15582,买盘
558,14:07:34,11.13,0.01,11,12243,买盘
559,14:07:30,11.12,-0.01,4,4448,卖盘
560,14:07:25,11.13,--,11,12243,买盘
561,14:07:19,11.13,--,9,10017,买盘
562,14:07:15,11.13,--,46,51198,买盘
563,14:07:10,11.13,--,11,12243,卖盘
564,14:07:04,11.13,-0.01,54,60102,卖盘
565,14:07:00,11.14,0.01,2,2228,卖盘
566,14:06:55,11.13,--,25,27825,卖盘
567,14:06:49,11.13,-0.01,40,44520,卖盘
568,14:06:45,11.14,-0.01,6,6684,卖盘
569,14:06:40,11.15,--,2,2230,买盘
570,14:06:34,11.15,--,2,2230,买盘
571,14:06:30,11.15,0.02,2,2230,买盘
572,14:06:19,11.13,-0.02,70,77910,卖盘
573,14:06:15,11.15,--,15,17806,卖盘
574,14:06:10,11.15,--,328,365720,卖盘
575,14:06:04,11.15,--,76,84740,卖盘
576,14:06:00,11.15,--,46,51290,卖盘
577,14:05:49,11.15,--,50,55750,卖盘
578,14:05:45,11.15,--,95,105925,卖盘
579,14:05:40,11.15,--,58,64670,卖盘
580,14:05:30,11.15,--,27,30105,卖盘
581,14:05:25,11.15,--,51,56865,卖盘
582,14:05:19,11.15,--,134,149410,卖盘
583,14:05:10,11.15,--,53,59128,买盘
584,14:04:49,11.15,--,27,30105,买盘
585,14:04:45,11.15,--,150,167250,买盘
586,14:04:34,11.15,0.01,14,15610,买盘
587,14:04:30,11.14,--,10,11140,卖盘
588,14:04:15,11.14,--,26,28964,买盘
589,14:04:10,11.14,0.01,3,3342,买盘
590,14:04:00,11.13,--,26,28938,卖盘
591,14:03:49,11.13,-0.01,17,18921,卖盘
592,14:03:45,11.14,0.01,62,69068,买盘
593,14:03:40,11.13,--,8,8904,卖盘
594,14:03:34,11.13,-0.01,23,25599,卖盘
595,14:03:30,11.14,0.01,13,14482,买盘
596,14:03:25,11.13,--,99,110187,卖盘
597,14:03:19,11.13,--,12,13356,卖盘
598,14:03:15,11.13,--,25,27825,卖盘
599,14:03:10,11.13,-0.01,15,16695,卖盘
600,14:03:04,11.14,--,30,33420,买盘
601,14:02:54,11.14,--,31,34534,买盘
602,14:02:45,11.14,--,5,5570,买盘
603,14:02:40,11.14,0.01,11,12254,买盘
604,14:02:34,11.13,--,3,3339,卖盘
605,14:02:29,11.13,--,5,5565,卖盘
606,14:02:25,11.13,-0.01,36,40068,卖盘
607,14:02:19,11.14,--,5,5570,买盘
608,14:02:14,11.14,0.01,100,111400,买盘
609,14:02:09,11.13,-0.01,4,4452,卖盘
610,14:02:04,11.14,0.01,30,33420,买盘
611,14:01:59,11.13,-0.02,10,11130,卖盘
612,14:01:54,11.15,--,104,115960,买盘
613,14:01:49,11.15,--,5,5575,买盘
614,14:01:39,11.15,--,29,32335,买盘
615,14:01:29,11.15,--,131,146065,卖盘
616,14:01:24,11.15,--,120,133800,卖盘
617,14:01:13,11.15,-0.01,22,24530,卖盘
618,14:01:09,11.16,--,145,161820,买盘
619,14:01:04,11.16,--,54,60264,买盘
620,14:00:58,11.16,--,9,10044,买盘
621,14:00:54,11.16,--,373,416268,卖盘
622,14:00:49,11.16,--,127,141732,卖盘
623,14:00:42,11.16,--,10,11160,卖盘
624,14:00:39,11.16,--,99,110484,卖盘
625,14:00:34,11.16,--,3,3348,卖盘
626,14:00:28,11.16,--,5,5580,卖盘
627,14:00:24,11.16,-0.01,22,24552,卖盘
628,14:00:19,11.17,0.01,71,79307,买盘
629,14:00:13,11.16,-0.01,18,20088,卖盘
630,14:00:09,11.17,--,77,86009,买盘
631,14:00:04,11.17,--,28,31276,买盘
632,13:59:58,11.17,0.01,44,49148,买盘
633,13:59:54,11.16,-0.01,58,64728,卖盘
634,13:59:49,11.17,--,5,5585,买盘
635,13:59:39,11.17,0.01,174,194358,买盘
636,13:59:34,11.16,-0.01,9,10044,卖盘
637,13:59:28,11.17,0.01,10,11170,买盘
638,13:59:24,11.16,-0.01,2,2232,卖盘
639,13:59:19,11.17,--,139,155263,买盘
640,13:59:09,11.17,--,0,0,买盘
641,13:59:04,11.17,0.01,179,199943,买盘
642,13:58:57,11.16,--,12,13392,买盘
643,13:58:54,11.16,--,14,15624,买盘
644,13:58:49,11.16,0.01,225,251100,买盘
645,13:58:43,11.15,-0.01,4,4460,卖盘
646,13:58:39,11.16,0.01,35,39060,买盘
647,13:58:34,11.15,-0.01,598,666770,卖盘
648,13:58:28,11.16,0.01,1,1116,买盘
649,13:58:24,11.15,-0.01,60,66900,卖盘
650,13:58:18,11.16,--,73,81468,买盘
651,13:58:12,11.16,--,52,58032,买盘
652,13:58:09,11.16,0.01,66,73656,买盘
653,13:58:03,11.15,--,538,599870,卖盘
654,13:57:57,11.15,--,15,16725,卖盘
655,13:57:49,11.15,--,36,40140,卖盘
656,13:57:39,11.15,0.02,121,134915,买盘
657,13:57:33,11.13,-0.02,21,23373,卖盘
658,13:57:24,11.15,--,37,41255,买盘
659,13:57:19,11.15,--,113,125995,买盘
660,13:57:12,11.15,--,3,3345,买盘
661,13:57:09,11.15,--,55,61325,买盘
662,13:56:48,11.15,0.02,68,75820,买盘
663,13:56:38,11.13,--,2,2226,卖盘
664,13:56:33,11.13,0.01,19,21147,买盘
665,13:56:27,11.12,--,10,11120,卖盘
666,13:56:24,11.12,-0.01,7,7783,卖盘
667,13:56:18,11.13,0.01,3,3339,买盘
668,13:56:12,11.12,-0.01,15,16680,卖盘
669,13:56:08,11.13,--,27,30051,买盘
670,13:56:03,11.13,--,23,25599,买盘
671,13:55:53,11.13,0.01,2,2226,买盘
672,13:55:38,11.12,--,5,5560,卖盘
673,13:55:33,11.12,-0.01,51,56711,卖盘
674,13:55:27,11.13,--,13,14469,买盘
675,13:55:23,11.13,0.01,13,14469,买盘
676,13:55:18,11.12,-0.01,16,17792,卖盘
677,13:55:12,11.13,0.01,6,6678,中性盘
678,13:55:07,11.12,-0.01,30,33360,卖盘
679,13:55:03,11.13,--,0,0,中性盘
680,13:54:57,11.13,--,0,0,买盘
681,13:54:53,11.13,0.01,34,37842,买盘
682,13:54:48,11.12,-0.01,23,25576,卖盘
683,13:54:42,11.13,--,1,1113,买盘
684,13:54:37,11.13,--,69,76797,买盘
685,13:54:33,11.13,--,8,8904,买盘
686,13:54:27,11.13,-0.02,145,162464,卖盘
687,13:54:21,11.15,0.01,6,6690,买盘
688,13:54:18,11.14,0.01,8,8912,买盘
689,13:54:12,11.13,--,0,0,卖盘
690,13:54:06,11.13,-0.02,4,4452,卖盘
691,13:54:03,11.15,0.01,6,6690,买盘
692,13:53:57,11.14,-0.01,4,4456,中性盘
693,13:53:51,11.15,0.02,30,33450,买盘
694,13:53:48,11.13,--,182,202599,买盘
695,13:53:42,11.13,-0.01,79,87927,卖盘
696,13:53:33,11.14,-0.01,10,11140,中性盘
697,13:53:27,11.15,0.02,216,240840,买盘
698,13:53:03,11.13,--,15,16695,卖盘
699,13:52:57,11.13,-0.01,11,12243,中性盘
700,13:52:51,11.14,--,20,22280,买盘
701,13:52:48,11.14,0.01,23,25622,买盘
702,13:52:42,11.13,--,55,61693,卖盘
703,13:52:36,11.13,-0.01,24,26712,卖盘
704,13:52:33,11.14,--,6,6684,买盘
705,13:52:27,11.14,--,5,5570,买盘
706,13:52:12,11.14,--,38,43323,卖盘
707,13:52:03,11.14,-0.01,62,69068,卖盘
708,13:51:57,11.15,--,56,62440,买盘
709,13:51:51,11.15,0.01,14,15610,买盘
710,13:51:48,11.14,--,10,11140,卖盘
711,13:51:42,11.14,-0.01,33,36762,卖盘
712,13:51:36,11.15,--,7,7805,买盘
713,13:51:33,11.15,--,35,39025,买盘
714,13:51:27,11.15,0.01,2,2230,买盘
715,13:51:21,11.14,-0.01,5,5570,卖盘
716,13:51:18,11.15,--,67,74705,买盘
717,13:51:12,11.15,0.01,57,63555,买盘
718,13:51:03,11.14,--,180,200642,买盘
719,13:50:57,11.14,-0.01,92,102488,卖盘
720,13:50:51,11.15,--,161,179515,买盘
721,13:50:48,11.15,0.01,14,15610,买盘
722,13:50:42,11.14,--,4,4456,卖盘
723,13:50:36,11.14,-0.01,6,6684,卖盘
724,13:50:33,11.15,0.01,267,297705,买盘
725,13:50:21,11.14,--,1,1114,买盘
726,13:50:18,11.14,--,276,307464,买盘
727,13:50:12,11.14,0.01,150,167100,买盘
728,13:50:02,11.13,0.01,20,22894,买盘
729,13:49:57,11.12,--,51,56711,卖盘
730,13:49:47,11.12,0.01,10,11120,买盘
731,13:49:42,11.11,-0.01,169,187759,卖盘
732,13:49:36,11.12,--,27,30023,买盘
733,13:49:33,11.12,--,69,76728,买盘
734,13:49:27,11.12,--,68,75616,买盘
735,13:49:17,11.12,--,27,30023,买盘
736,13:49:12,11.12,--,26,28911,买盘
737,13:49:06,11.12,--,174,193488,买盘
738,13:49:02,11.12,--,13,14455,买盘
739,13:48:57,11.12,--,30,33360,买盘
740,13:48:51,11.12,--,46,51152,买盘
741,13:48:47,11.12,--,7,7783,买盘
742,13:48:42,11.12,--,78,86736,买盘
743,13:48:36,11.12,--,270,300240,买盘
744,13:48:32,11.12,0.01,75,83400,买盘
745,13:48:27,11.11,-0.01,5,5555,卖盘
746,13:48:21,11.12,--,10,11120,买盘
747,13:48:17,11.12,0.01,2,2224,买盘
748,13:48:12,11.11,--,3,3333,卖盘
749,13:47:57,11.11,--,44,48884,买盘
750,13:47:51,11.11,--,30,33330,买盘
751,13:47:45,11.11,--,5,5555,买盘
752,13:47:42,11.11,--,42,46662,买盘
753,13:47:27,11.11,0.02,70,77770,买盘
754,13:47:21,11.09,-0.01,40,44360,卖盘
755,13:47:15,11.1,--,51,56610,卖盘
756,13:47:12,11.1,0.01,11,12210,买盘
757,13:47:06,11.09,-0.01,102,113118,卖盘
758,13:47:00,11.1,--,20,22200,卖盘
759,13:46:51,11.1,--,40,44400,买盘
760,13:46:45,11.1,--,3,3330,买盘
761,13:46:42,11.1,0.01,2,2220,买盘
762,13:46:36,11.09,-0.01,3,3327,卖盘
763,13:46:30,11.1,--,5,5550,卖盘
764,13:46:27,11.1,0.01,17,18870,买盘
765,13:46:21,11.09,-0.01,37,41033,卖盘
766,13:46:12,11.1,0.01,104,115440,买盘
767,13:46:06,11.09,-0.01,47,52123,卖盘
768,13:46:00,11.1,0.01,1,1110,买盘
769,13:45:57,11.09,--,46,51014,卖盘
770,13:45:45,11.09,--,104,115336,买盘
771,13:45:42,11.09,--,3,3327,买盘
772,13:45:36,11.09,0.01,747,828423,买盘
773,13:45:30,11.08,--,10,11080,卖盘
774,13:45:27,11.08,-0.01,166,183928,卖盘
775,13:45:21,11.09,--,11,12199,买盘
776,13:45:15,11.09,--,3,3327,买盘
777,13:45:12,11.09,0.01,3,3327,买盘
778,13:44:57,11.08,-0.01,40,44320,卖盘
779,13:44:45,11.09,--,10,11090,买盘
780,13:44:42,11.09,0.01,3,3327,买盘
781,13:44:36,11.08,-0.01,20,22160,卖盘
782,13:44:30,11.09,--,1,1109,买盘
783,13:44:27,11.09,0.01,1,1109,买盘
784,13:44:15,11.08,--,19,21052,卖盘
785,13:44:12,11.08,--,3,3324,卖盘
786,13:44:06,11.08,--,20,22160,卖盘
787,13:44:00,11.08,--,10,11080,卖盘
788,13:43:57,11.08,0.01,13,14404,买盘
789,13:43:51,11.07,--,29,32103,卖盘
790,13:43:45,11.07,--,6,6642,卖盘
791,13:43:36,11.07,-0.01,33,36531,卖盘
792,13:43:30,11.08,--,5,5540,买盘
793,13:43:26,11.08,--,5,5540,买盘
794,13:43:21,11.08,--,17,18836,卖盘
795,13:43:11,11.08,--,20,22160,卖盘
796,13:43:06,11.08,-0.01,37,40996,卖盘
797,13:43:00,11.09,0.01,25,27725,买盘
798,13:42:56,11.08,-0.01,12,13296,卖盘
799,13:42:51,11.09,--,13,14417,买盘
800,13:42:41,11.09,--,17,18853,买盘
801,13:42:36,11.09,--,92,102028,买盘
802,13:42:26,11.09,--,129,143061,买盘
803,13:42:21,11.09,--,10,11090,买盘
804,13:42:11,11.09,--,3,3327,买盘
805,13:42:06,11.09,--,257,285013,买盘
806,13:42:00,11.09,--,15,16635,买盘
807,13:41:56,11.09,0.01,21,23289,买盘
808,13:41:41,11.08,-0.01,10,11080,卖盘
809,13:41:36,11.09,0.01,10,11090,买盘
810,13:41:30,11.08,--,19,21052,卖盘
811,13:41:06,11.08,0.01,139,154012,买盘
812,13:41:00,11.07,-0.01,9,9963,卖盘
813,13:40:56,11.08,--,13,14404,买盘
814,13:40:51,11.08,--,51,56508,买盘
815,13:40:36,11.08,--,89,98612,买盘
816,13:40:30,11.08,--,4,4432,买盘
817,13:40:25,11.08,0.01,13,14404,买盘
818,13:40:21,11.07,-0.01,5,5535,卖盘
819,13:40:15,11.08,--,50,55400,买盘
820,13:40:11,11.08,--,1,1108,买盘
821,13:40:06,11.08,--,148,163984,买盘
822,13:40:00,11.08,--,13,14404,买盘
823,13:39:51,11.08,--,5,5540,买盘
824,13:39:45,11.08,--,127,140716,买盘
825,13:39:39,11.08,--,50,55400,买盘
826,13:39:36,11.08,0.01,41,45428,买盘
827,13:39:21,11.07,--,14,15498,卖盘
828,13:39:15,11.07,-0.01,14,15498,卖盘
829,13:39:06,11.08,0.01,80,88640,买盘
830,13:39:00,11.07,--,3,3321,卖盘
831,13:38:54,11.07,0.01,3,3321,买盘
832,13:38:51,11.06,--,96,106596,买盘
833,13:38:45,11.06,--,37,40922,买盘
834,13:38:39,11.06,--,15,16590,买盘
835,13:38:36,11.06,--,149,165479,卖盘
836,13:38:30,11.06,-0.01,40,44240,卖盘
837,13:38:21,11.07,--,113,125511,买盘
838,13:38:15,11.07,0.02,1,1107,买盘
839,13:38:06,11.05,-0.02,209,230945,卖盘
840,13:38:00,11.07,0.01,239,264573,买盘
841,13:37:54,11.06,--,11,12166,买盘
842,13:37:51,11.06,--,151,167006,买盘
843,13:37:45,11.06,-0.01,221,244426,卖盘
844,13:37:36,11.07,--,277,306639,买盘
845,13:37:21,11.07,--,29,32103,买盘
846,13:37:15,11.07,--,14,15498,买盘
847,13:37:09,11.07,--,4,4428,买盘
848,13:37:06,11.07,--,15,16605,买盘
849,13:37:00,11.07,0.01,19,21033,买盘
850,13:36:54,11.06,-0.01,4,4424,卖盘
851,13:36:51,11.07,--,12,13284,买盘
852,13:36:45,11.07,--,11,12177,买盘
853,13:36:39,11.07,--,20,22140,买盘
854,13:36:30,11.07,0.01,10,11070,买盘
855,13:36:20,11.06,0.01,11,12166,卖盘
856,13:36:09,11.05,-0.01,80,88400,卖盘
857,13:36:05,11.06,0.01,11,12608,买盘
858,13:36:00,11.05,--,70,77350,卖盘
859,13:35:54,11.05,0.01,5,5525,卖盘
860,13:35:45,11.04,-0.01,54,59615,卖盘
861,13:35:35,11.05,0.01,55,60775,买盘
862,13:35:30,11.04,--,112,123647,卖盘
863,13:35:24,11.04,--,44,48575,买盘
864,13:35:20,11.04,--,52,57407,买盘
865,13:35:15,11.04,--,136,150144,买盘
866,13:35:09,11.04,--,87,96047,买盘
867,13:35:05,11.04,--,42,46368,买盘
868,13:35:00,11.04,--,64,70656,买盘
869,13:34:54,11.04,--,85,93840,买盘
870,13:34:50,11.04,--,320,353280,买盘
871,13:34:45,11.04,--,70,77280,买盘
872,13:34:39,11.04,--,38,41952,买盘
873,13:34:35,11.04,--,15,16560,买盘
874,13:34:30,11.04,-0.01,629,694416,卖盘
875,13:34:24,11.05,0.01,23,25415,买盘
876,13:34:15,11.04,-0.01,33,36432,卖盘
877,13:34:09,11.05,--,1,1105,买盘
878,13:34:05,11.05,0.01,11,12155,买盘
879,13:34:00,11.04,-0.02,96,106646,卖盘
880,13:33:54,11.06,0.01,1,1106,买盘
881,13:33:50,11.05,--,31,34255,卖盘
882,13:33:45,11.05,-0.01,265,292825,卖盘
883,13:33:30,11.06,--,9,9954,买盘
884,13:33:24,11.06,--,3,3318,买盘
885,13:33:15,11.06,--,210,232260,卖盘
886,13:33:09,11.06,-0.01,41,45346,卖盘
887,13:33:05,11.07,0.01,4,4428,买盘
888,13:32:59,11.06,-0.01,2030,2245180,卖盘
889,13:32:54,11.07,0.01,5,5535,买盘
890,13:32:48,11.06,0.01,14,15484,买盘
891,13:32:45,11.05,-0.01,1387,1532635,卖盘
892,13:32:39,11.06,--,663,733831,卖盘
893,13:32:33,11.06,-0.01,10,11060,中性盘
894,13:32:29,11.07,0.01,67,74169,买盘
895,13:32:24,11.06,0.01,584,645904,买盘
896,13:32:18,11.05,-0.01,47,51935,卖盘
897,13:32:14,11.06,--,22,24332,买盘
898,13:32:09,11.06,--,95,105070,买盘
899,13:32:03,11.06,--,5,5530,买盘
900,13:31:59,11.06,--,14,15484,买盘
901,13:31:54,11.06,0.01,17,18802,买盘
902,13:31:48,11.05,-0.01,78,86190,卖盘
903,13:31:45,11.06,--,126,139356,买盘
904,13:31:39,11.06,0.01,10,11060,买盘
905,13:31:33,11.05,-0.01,63,69615,卖盘
906,13:31:29,11.06,--,526,581756,买盘
907,13:31:24,11.06,--,37,40922,买盘
908,13:31:18,11.06,--,31,34286,卖盘
909,13:31:09,11.06,--,24,26544,卖盘
910,13:31:03,11.06,-0.01,24,26544,卖盘
911,13:30:59,11.07,0.01,1,1107,买盘
912,13:30:54,11.06,0.01,24,26544,卖盘
913,13:30:44,11.05,-0.01,130,143738,卖盘
914,13:30:39,11.06,--,94,103964,买盘
915,13:30:33,11.06,--,31,34286,买盘
916,13:30:29,11.06,--,8,9865,卖盘
917,13:30:24,11.06,-0.01,58,64148,卖盘
918,13:30:18,11.07,--,5,5535,买盘
919,13:30:14,11.07,--,717,793719,买盘
920,13:30:09,11.07,--,17,18819,买盘
921,13:30:03,11.07,--,25,27675,买盘
922,13:29:59,11.07,--,5,5535,买盘
923,13:29:54,11.07,--,34,37638,买盘
924,13:29:48,11.07,--,5,5535,买盘
925,13:29:44,11.07,--,3,3321,买盘
926,13:29:39,11.07,--,31,34317,买盘
927,13:29:33,11.07,--,77,85239,买盘
928,13:29:29,11.07,-0.01,120,132840,卖盘
929,13:29:18,11.08,--,50,55400,买盘
930,13:29:14,11.08,0.01,48,53184,买盘
931,13:28:59,11.07,-0.01,56,61992,卖盘
932,13:28:54,11.08,--,24,26592,买盘
933,13:28:48,11.08,0.01,10,11080,买盘
934,13:28:44,11.07,-0.01,10,11070,卖盘
935,13:28:39,11.08,0.01,16,17728,买盘
936,13:28:33,11.07,-0.01,152,168264,卖盘
937,13:28:29,11.08,0.01,5,5540,买盘
938,13:28:24,11.07,-0.01,36,39852,卖盘
939,13:28:18,11.08,0.01,44,48752,买盘
940,13:28:09,11.07,--,51,56457,买盘
941,13:28:03,11.07,--,60,66420,买盘
942,13:27:59,11.07,--,105,116235,买盘
943,13:27:54,11.07,--,33,36531,买盘
944,13:27:48,11.07,0.01,1110,1228770,买盘
945,13:27:44,11.06,--,12,13272,卖盘
946,13:27:33,11.06,-0.01,14,15484,卖盘
947,13:27:29,11.07,--,61,67527,买盘
948,13:27:24,11.07,--,21,23247,买盘
949,13:27:18,11.07,--,23,25461,买盘
950,13:27:14,11.07,--,38,42066,买盘
951,13:27:09,11.07,--,7,7749,买盘
952,13:27:03,11.07,--,77,85239,买盘
953,13:26:59,11.07,--,31,34317,买盘
954,13:26:54,11.07,--,440,487080,买盘
955,13:26:48,11.07,0.01,23,25461,买盘
956,13:26:44,11.06,-0.01,50,55300,卖盘
957,13:26:39,11.07,0.01,35,38745,买盘
958,13:26:33,11.06,-0.01,119,131614,卖盘
959,13:26:29,11.07,0.01,22,24354,买盘
960,13:26:24,11.06,-0.02,600,663600,卖盘
961,13:26:18,11.08,--,15,16620,买盘
962,13:26:14,11.08,--,9,9972,买盘
963,13:26:09,11.08,0.01,204,226032,买盘
964,13:25:53,11.07,-0.01,36,39852,卖盘
965,13:25:48,11.08,0.01,5,5540,买盘
966,13:25:42,11.07,--,10,11070,卖盘
967,13:25:39,11.07,-0.01,5,5535,卖盘
968,13:25:33,11.08,0.01,69,76452,买盘
969,13:25:27,11.07,-0.01,14,15498,卖盘
970,13:25:23,11.08,--,35,38780,卖盘
971,13:25:18,11.08,--,13,14404,买盘
972,13:25:12,11.08,--,32,35456,买盘
973,13:25:08,11.08,--,12,13296,买盘
974,13:25:03,11.08,--,172,190576,卖盘
975,13:24:57,11.08,--,4,4432,卖盘
976,13:24:53,11.08,-0.01,403,446524,卖盘
977,13:24:48,11.09,0.01,59,65431,买盘
978,13:24:42,11.08,--,3,3324,卖盘
979,13:24:38,11.08,-0.01,1,1108,卖盘
980,13:24:33,11.09,--,102,113118,买盘
981,13:24:23,11.09,0.01,28,31052,买盘
982,13:24:18,11.08,-0.01,55,60940,卖盘
983,13:24:12,11.09,--,3,3327,买盘
984,13:24:08,11.09,--,145,160805,买盘
985,13:23:57,11.09,--,3,3327,买盘
986,13:23:53,11.09,--,11,12199,买盘
987,13:23:42,11.09,--,76,84284,买盘
988,13:23:38,11.09,--,1,1109,买盘
989,13:23:33,11.09,0.01,10,11090,买盘
990,13:23:27,11.08,-0.01,6,6648,卖盘
991,13:23:23,11.09,0.01,11,12199,买盘
992,13:23:18,11.08,-0.01,26,28808,卖盘
993,13:23:12,11.09,0.01,3,3327,买盘
994,13:23:08,11.08,-0.01,86,95288,卖盘
995,13:23:03,11.09,0.01,69,76521,买盘
996,13:22:53,11.08,-0.01,422,467576,卖盘
997,13:22:42,11.09,0.01,10,11090,买盘
998,13:22:38,11.08,--,50,55400,卖盘
999,13:22:33,11.08,-0.01,32,35456,卖盘
1000,13:22:23,11.09,--,2,2218,买盘
1001,13:22:18,11.09,--,30,33270,买盘
1002,13:22:12,11.09,0.01,49,54341,买盘
1003,13:22:08,11.08,-0.01,21,23268,卖盘
1004,13:22:03,11.09,--,5,5545,买盘
1005,13:21:57,11.09,0.01,114,126426,买盘
1006,13:21:53,11.08,-0.01,4,4432,卖盘
1007,13:21:48,11.09,--,54,59886,买盘
1008,13:21:42,11.09,--,56,62104,买盘
1009,13:21:33,11.09,--,7,7763,买盘
1010,13:21:27,11.09,-0.01,720,798480,卖盘
1011,13:21:23,11.1,--,3,3330,买盘
1012,13:21:18,11.1,0.01,7,7770,买盘
1013,13:21:12,11.09,-0.01,7,7763,卖盘
1014,13:20:57,11.1,--,68,75480,买盘
1015,13:20:53,11.1,0.01,11,12210,买盘
1016,13:20:48,11.09,-0.01,14,15526,卖盘
1017,13:20:42,11.1,--,10,11100,买盘
1018,13:20:38,11.1,--,10,11100,买盘
1019,13:20:33,11.1,--,313,347430,卖盘
1020,13:20:18,11.1,--,17,18870,买盘
1021,13:20:03,11.1,--,10,11100,买盘
1022,13:19:57,11.1,-0.02,77,85470,卖盘
1023,13:19:53,11.12,--,805,895159,买盘
1024,13:19:48,11.12,--,29,32247,买盘
1025,13:19:38,11.12,--,13,14934,卖盘
1026,13:19:33,11.12,--,1,1112,卖盘
1027,13:19:27,11.12,--,18,20016,卖盘
1028,13:19:23,11.12,--,40,45113,买盘
1029,13:19:18,11.12,0.01,45,50040,买盘
1030,13:19:12,11.11,-0.01,6,6666,卖盘
1031,13:19:03,11.12,0.01,3,3335,买盘
1032,13:18:57,11.11,--,76,84436,卖盘
1033,13:18:53,11.11,-0.01,3,3333,卖盘
1034,13:18:48,11.12,0.01,1,1112,买盘
1035,13:18:42,11.11,-0.01,15,16665,卖盘
1036,13:18:33,11.12,--,21,23352,买盘
1037,13:18:27,11.12,--,254,282448,买盘
1038,13:18:22,11.12,--,6,6671,买盘
1039,13:18:18,11.12,--,33,36696,买盘
1040,13:18:12,11.12,--,75,83400,买盘
1041,13:18:07,11.12,--,2,2224,买盘
1042,13:18:02,11.12,0.01,50,55599,买盘
1043,13:17:57,11.11,--,165,183315,卖盘
1044,13:17:36,11.11,--,87,96657,买盘
1045,13:17:32,11.11,--,52,57772,买盘
1046,13:17:27,11.11,--,88,97768,买盘
1047,13:17:21,11.11,--,8,8888,买盘
1048,13:17:17,11.11,0.01,9,9999,买盘
1049,13:17:12,11.1,-0.01,69,76590,卖盘
1050,13:17:06,11.11,--,10,11110,买盘
1051,13:17:02,11.11,--,3,3333,买盘
1052,13:16:57,11.11,--,156,173316,买盘
1053,13:16:47,11.11,--,42,46662,买盘
1054,13:16:42,11.11,--,9,9999,买盘
1055,13:16:36,11.11,--,110,122210,买盘
1056,13:16:32,11.11,--,10,11110,买盘
1057,13:16:27,11.11,--,13,14443,买盘
1058,13:16:21,11.11,--,210,233310,买盘
1059,13:16:17,11.11,0.01,20,22220,买盘
1060,13:16:12,11.1,--,5,5550,卖盘
1061,13:16:06,11.1,--,100,111000,卖盘
1062,13:15:51,11.1,--,5,5550,卖盘
1063,13:15:47,11.1,--,1,1687,买盘
1064,13:15:42,11.1,--,11,12210,买盘
1065,13:15:36,11.1,--,83,92130,买盘
1066,13:15:32,11.1,--,92,102120,买盘
1067,13:15:27,11.1,--,51,56610,买盘
1068,13:15:21,11.1,--,20,22200,买盘
1069,13:15:17,11.1,--,2,2220,买盘
1070,13:15:12,11.1,--,340,377932,卖盘
1071,13:15:06,11.1,-0.01,4,4440,卖盘
1072,13:14:51,11.11,0.01,50,56127,买盘
1073,13:14:47,11.1,--,17,18870,买盘
1074,13:14:42,11.1,-0.01,42,47152,卖盘
1075,13:14:36,11.11,0.01,7,7777,买盘
1076,13:14:26,11.1,--,119,132667,买盘
1077,13:14:21,11.1,--,141,156510,卖盘
1078,13:14:17,11.1,--,20,22200,卖盘
1079,13:14:12,11.1,--,38,42180,卖盘
1080,13:14:06,11.1,--,42,46620,买盘
1081,13:14:02,11.1,--,149,165390,买盘
1082,13:13:57,11.1,--,44,48840,买盘
1083,13:13:47,11.1,--,44,48840,买盘
1084,13:13:36,11.1,0.01,35,38850,买盘
1085,13:13:32,11.09,--,12,13308,买盘
1086,13:13:26,11.09,--,188,208492,买盘
1087,13:13:21,11.09,-0.01,540,598860,卖盘
1088,13:13:12,11.1,--,22,24420,买盘
1089,13:13:06,11.1,--,114,126540,买盘
1090,13:13:02,11.1,--,79,87690,卖盘
1091,13:12:57,11.1,--,18,19980,卖盘
1092,13:12:51,11.1,--,90,99900,卖盘
1093,13:12:47,11.1,--,4,4440,卖盘
1094,13:12:42,11.1,0.01,16,17760,买盘
1095,13:12:35,11.09,-0.01,29,32161,卖盘
1096,13:12:27,11.1,0.01,5,5550,买盘
1097,13:12:21,11.09,-0.01,45,49905,卖盘
1098,13:12:12,11.1,0.02,3,3330,中性盘
1099,13:12:06,11.08,-0.01,505,559540,卖盘
1100,13:11:57,11.09,--,0,0,卖盘
1101,13:11:51,11.09,-0.01,75,83175,卖盘
1102,13:11:47,11.1,--,187,207570,买盘
1103,13:11:36,11.1,--,24,26640,买盘
1104,13:11:32,11.1,--,42,46620,买盘
1105,13:11:27,11.1,--,37,41070,买盘
1106,13:11:21,11.1,--,30,33300,买盘
1107,13:11:15,11.1,--,11,12210,买盘
1108,13:11:12,11.1,--,0,0,中性盘
1109,13:11:06,11.1,--,0,0,卖盘
1110,13:10:56,11.1,0.01,46,51060,买盘
1111,13:10:51,11.09,--,26,28834,卖盘
1112,13:10:45,11.09,--,64,70976,卖盘
1113,13:10:41,11.09,--,44,48796,卖盘
1114,13:10:36,11.09,--,137,151933,卖盘
1115,13:10:26,11.09,-0.01,6,6654,卖盘
1116,13:10:21,11.1,--,7,7770,买盘
1117,13:10:15,11.1,--,78,86580,买盘
1118,13:10:05,11.1,--,42,46620,买盘
1119,13:10:00,11.1,0.01,27,29970,买盘
1120,13:09:56,11.09,--,21,23289,卖盘
1121,13:09:51,11.09,-0.01,10,11090,卖盘
1122,13:09:41,11.1,0.01,14,15540,买盘
1123,13:09:36,11.09,-0.01,52,57668,卖盘
1124,13:09:30,11.1,--,108,119880,买盘
1125,13:09:26,11.1,--,4,4440,买盘
1126,13:09:20,11.1,--,1,1110,买盘
1127,13:09:15,11.1,--,92,102120,卖盘
1128,13:09:11,11.1,--,10,11100,卖盘
1129,13:09:06,11.1,--,86,95460,卖盘
1130,13:09:00,11.1,-0.01,2,2220,卖盘
1131,13:08:50,11.11,0.01,27,29997,买盘
1132,13:08:45,11.1,-0.01,5,5550,卖盘
1133,13:08:26,11.11,0.01,58,64438,买盘
1134,13:08:20,11.1,--,20,22200,买盘
1135,13:08:15,11.1,--,13,14430,卖盘
1136,13:08:11,11.1,-0.01,8,8880,卖盘
1137,13:08:05,11.11,--,16,17776,买盘
1138,13:07:59,11.11,--,627,696597,买盘
1139,13:07:51,11.11,0.01,109,121099,买盘
1140,13:07:45,11.1,-0.01,6,6660,卖盘
1141,13:07:41,11.11,--,5,5555,买盘
1142,13:07:36,11.11,--,38,42218,买盘
1143,13:07:26,11.11,-0.01,202,224955,卖盘
1144,13:07:20,11.12,--,20,22240,买盘
1145,13:07:14,11.12,0.01,53,58935,买盘
1146,13:07:05,11.11,--,7,7777,卖盘
1147,13:07:00,11.11,--,8,8888,卖盘
1148,13:06:56,11.11,--,4,4444,卖盘
1149,13:06:51,11.11,--,1,1111,卖盘
1150,13:06:41,11.11,--,20,22220,卖盘
1151,13:06:35,11.11,-0.01,36,39996,卖盘
1152,13:06:29,11.12,0.01,55,61159,买盘
1153,13:06:11,11.11,-0.01,1,1111,卖盘
1154,13:06:05,11.12,--,10,11120,买盘
1155,13:05:59,11.12,--,5,5560,买盘
1156,13:05:50,11.12,-0.02,200,222878,卖盘
1157,13:05:44,11.14,0.02,50,55700,买盘
1158,13:05:14,11.12,-0.01,5,5560,卖盘
1159,13:05:05,11.13,0.01,3,3339,买盘
1160,13:04:59,11.12,-0.01,37,41144,卖盘
1161,13:04:56,11.13,0.01,10,11130,买盘
1162,13:04:44,11.12,-0.01,10,11120,卖盘
1163,13:04:40,11.13,--,2,2226,卖盘
1164,13:04:35,11.13,--,8,8904,卖盘
1165,13:04:20,11.13,0.01,31,35137,买盘
1166,13:04:14,11.12,-0.01,2,2224,卖盘
1167,13:04:05,11.13,--,5,5565,买盘
1168,13:03:50,11.13,--,29,32755,卖盘
1169,13:03:44,11.13,--,7,7791,卖盘
1170,13:03:35,11.13,0.01,52,58510,买盘
1171,13:03:29,11.12,0.01,1,1112,中性盘
1172,13:03:24,11.11,-0.01,10,11110,卖盘
1173,13:03:20,11.12,--,11,12232,买盘
1174,13:03:14,11.12,0.01,37,41144,买盘
1175,13:03:05,11.11,-0.01,25,27775,卖盘
1176,13:02:38,11.12,0.01,5,5560,卖盘
1177,13:02:29,11.11,--,0,0,卖盘
1178,13:02:23,11.11,-0.03,7,7777,卖盘
1179,13:02:14,11.14,0.02,5,5570,买盘
1180,13:02:08,11.12,0.01,5,5560,卖盘
1181,13:02:05,11.11,--,0,0,卖盘
1182,13:01:59,11.11,--,5,5555,卖盘
1183,13:01:38,11.11,--,9,9999,卖盘
1184,13:01:29,11.11,--,10,11110,卖盘
1185,13:01:23,11.11,--,30,33330,卖盘
1186,13:01:20,11.11,-0.01,90,99990,卖盘
1187,13:01:14,11.12,-0.02,4,4448,中性盘
1188,13:01:08,11.14,--,132,147048,买盘
1189,13:01:05,11.14,--,21,23394,买盘
1190,13:00:59,11.14,--,3,3342,买盘
1191,13:00:53,11.14,--,31,34534,买盘
1192,13:00:44,11.14,0.01,8,10014,买盘
1193,13:00:38,11.13,-0.01,365,406245,卖盘
1194,13:00:23,11.14,--,10,11140,卖盘
1195,13:00:20,11.14,--,40,44560,卖盘
1196,13:00:08,11.14,--,156,173951,买盘
1197,13:00:05,11.14,0.01,255,284070,买盘
1198,11:30:00,11.13,--,0,0,中性盘
1199,11:29:59,11.13,--,0,0,中性盘
1200,11:29:52,11.13,0.02,11,12243,买盘
1201,11:29:41,11.11,-0.01,8,8888,卖盘
1202,11:29:37,11.12,-0.01,16,17792,买盘
1203,11:29:26,11.13,0.01,31,34503,买盘
1204,11:29:21,11.12,-0.01,385,428119,卖盘
1205,11:29:11,11.13,0.01,16,17808,买盘
1206,11:29:06,11.12,--,9,10008,卖盘
1207,11:28:51,11.12,-0.01,65,72280,卖盘
1208,11:28:41,11.13,-0.01,6,6678,中性盘
1209,11:28:36,11.14,--,19,21166,买盘
1210,11:28:30,11.14,--,10,11140,买盘
1211,11:28:21,11.14,--,5,5570,买盘
1212,11:28:11,11.14,--,0,0,买盘
1213,11:28:06,11.14,0.02,12,13368,买盘
1214,11:28:01,11.12,-0.01,79,87848,卖盘
1215,11:27:54,11.13,--,5,5565,买盘
1216,11:27:46,11.13,--,14,15582,买盘
1217,11:27:39,11.13,-0.01,64,71232,卖盘
1218,11:27:36,11.14,--,4,4456,买盘
1219,11:27:21,11.14,--,4,4456,买盘
1220,11:27:15,11.14,0.02,3,3342,买盘
1221,11:27:06,11.12,--,53,58935,买盘
1222,11:27:01,11.12,--,26,28911,买盘
1223,11:26:55,11.12,--,96,106751,买盘
1224,11:26:51,11.12,-0.02,28,31135,卖盘
1225,11:26:40,11.14,--,173,192722,买盘
1226,11:26:36,11.14,--,17,18938,买盘
1227,11:26:30,11.14,--,1,1114,买盘
1228,11:26:24,11.14,0.02,2,2228,买盘
1229,11:26:00,11.12,--,0,0,卖盘
1230,11:25:51,11.12,--,12,13343,卖盘
1231,11:25:45,11.12,-0.03,6,6671,卖盘
1232,11:25:39,11.15,0.03,17,18955,买盘
1233,11:25:30,11.12,-0.03,10,11120,卖盘
1234,11:25:24,11.15,--,4,4460,买盘
1235,11:25:15,11.15,--,0,0,买盘
1236,11:25:09,11.15,--,21,23415,买盘
1237,11:25:06,11.15,--,0,0,买盘
1238,11:25:00,11.15,0.04,10,11150,买盘
1239,11:24:51,11.11,--,0,0,卖盘
1240,11:24:25,11.11,--,72,80569,买盘
1241,11:24:21,11.11,--,65,72215,买盘
1242,11:24:15,11.11,--,77,85547,买盘
1243,11:24:09,11.11,--,19,21109,买盘
1244,11:24:06,11.11,0.01,33,36663,买盘
1245,11:24:00,11.1,-0.06,179,199222,卖盘
1246,11:23:54,11.16,0.01,23,25668,买盘
1247,11:23:51,11.15,--,29,32335,卖盘
1248,11:23:45,11.15,--,10,11150,卖盘
1249,11:23:40,11.15,0.04,112,125459,买盘
1250,11:23:36,11.11,-0.04,40,44440,卖盘
1251,11:23:30,11.15,--,2,2230,买盘
1252,11:23:21,11.15,--,8,8920,买盘
1253,11:23:15,11.15,--,19,21185,买盘
1254,11:23:05,11.15,--,18,20070,买盘
1255,11:22:54,11.15,--,13,14495,买盘
1256,11:22:51,11.15,--,20,22300,买盘
1257,11:22:45,11.15,0.01,90,100350,买盘
1258,11:22:35,11.14,-0.01,27,30078,卖盘
1259,11:22:30,11.15,0.01,54,60210,买盘
1260,11:22:24,11.14,--,0,0,买盘
1261,11:22:20,11.14,0.02,20,22280,买盘
1262,11:22:15,11.12,-0.02,3,3335,卖盘
1263,11:22:09,11.14,0.02,506,563684,买盘
1264,11:22:05,11.12,0.01,15,16680,买盘
1265,11:22:00,11.11,--,6,6666,买盘
1266,11:21:54,11.11,-0.01,38,42218,卖盘
1267,11:21:51,11.12,--,10,11120,买盘
1268,11:21:39,11.12,0.01,50,55599,买盘
1269,11:21:35,11.11,--,20,22220,卖盘
1270,11:21:30,11.11,-0.01,17,18887,卖盘
1271,11:21:24,11.12,0.01,19,21128,买盘
1272,11:21:21,11.11,--,23,25553,买盘
1273,11:21:15,11.11,0.01,82,91102,买盘
1274,11:21:05,11.1,-0.02,36,39960,卖盘
1275,11:21:00,11.12,--,2,2224,买盘
1276,11:20:39,11.12,--,0,0,买盘
1277,11:20:33,11.12,0.05,21,23352,买盘
1278,11:20:30,11.07,-0.04,252,278964,卖盘
1279,11:20:24,11.11,0.01,414,459954,买盘
1280,11:20:15,11.1,--,54,60028,卖盘
1281,11:20:09,11.1,-0.01,8,8880,卖盘
1282,11:20:00,11.11,0.02,20,22220,买盘
1283,11:19:54,11.09,--,24,27170,买盘
1284,11:19:48,11.09,-0.01,175,194629,卖盘
1285,11:19:45,11.1,--,180,200355,买盘
1286,11:19:39,11.1,--,25,27750,买盘
1287,11:19:30,11.1,--,37,41070,买盘
1288,11:19:24,11.1,--,24,26640,买盘
1289,11:19:18,11.1,--,5,5550,买盘
1290,11:19:15,11.1,--,61,67710,买盘
1291,11:19:09,11.1,-0.01,205,228105,卖盘
1292,11:19:03,11.11,--,35,38885,买盘
1293,11:19:00,11.11,--,207,229977,买盘
1294,11:18:54,11.11,--,11,12221,买盘
1295,11:18:48,11.11,--,21,23331,买盘
1296,11:18:45,11.11,--,61,67771,买盘
1297,11:18:39,11.11,-0.01,249,276639,卖盘
1298,11:18:24,11.12,--,6,6671,买盘
1299,11:18:15,11.12,--,138,153456,买盘
1300,11:18:09,11.12,-0.01,94,104527,卖盘
1301,11:18:03,11.13,0.01,20,22260,买盘
1302,11:18:00,11.12,--,10,11120,卖盘
1303,11:17:54,11.12,-0.01,27,30023,卖盘
1304,11:17:48,11.13,--,9,10017,买盘
1305,11:17:45,11.13,--,35,38955,买盘
1306,11:17:39,11.13,0.01,29,32277,买盘
1307,11:17:33,11.12,--,10,11120,卖盘
1308,11:17:30,11.12,-0.01,2,2224,卖盘
1309,11:17:18,11.13,--,4,4452,买盘
1310,11:17:15,11.13,--,44,48972,买盘
1311,11:17:03,11.13,--,20,22260,买盘
1312,11:17:00,11.13,--,10,11130,买盘
1313,11:16:54,11.13,--,55,61215,买盘
1314,11:16:45,11.13,0.01,68,75684,买盘
1315,11:16:39,11.12,-0.01,116,128991,卖盘
1316,11:16:33,11.13,--,18,20034,买盘
1317,11:16:30,11.13,--,2,2226,买盘
1318,11:16:24,11.13,--,61,67893,买盘
1319,11:16:15,11.13,--,30,33390,买盘
1320,11:16:09,11.13,--,19,21147,买盘
1321,11:16:03,11.13,--,11,12243,买盘
1322,11:16:00,11.13,--,194,215922,卖盘
1323,11:15:54,11.13,--,55,61215,卖盘
1324,11:15:39,11.13,0.01,7,7791,买盘
1325,11:15:24,11.12,--,12,13343,买盘
1326,11:15:18,11.12,--,11,12232,买盘
1327,11:15:14,11.12,--,53,58935,买盘
1328,11:15:09,11.12,--,50,55599,买盘
1329,11:15:03,11.12,--,88,97856,买盘
1330,11:14:59,11.12,--,62,68944,买盘
1331,11:14:54,11.12,--,45,50040,买盘
1332,11:14:48,11.12,-0.01,137,152344,卖盘
1333,11:14:44,11.13,--,5,5565,买盘
1334,11:14:39,11.13,0.01,40,44520,买盘
1335,11:14:33,11.12,--,35,38920,买盘
1336,11:14:29,11.12,--,57,63383,买盘
1337,11:14:24,11.12,-0.01,75,83400,卖盘
1338,11:14:18,11.13,--,30,33390,买盘
1339,11:14:09,11.13,--,5,5565,买盘
1340,11:14:03,11.13,--,5,5565,买盘
1341,11:13:59,11.13,--,3,3339,买盘
1342,11:13:54,11.13,--,93,103509,买盘
1343,11:13:39,11.13,0.01,44,48972,买盘
1344,11:13:33,11.12,0.02,24,26687,买盘
1345,11:13:29,11.1,-0.01,60,66600,卖盘
1346,11:13:18,11.11,--,27,29997,买盘
1347,11:13:12,11.11,--,50,55550,买盘
1348,11:13:09,11.11,--,25,27775,买盘
1349,11:13:03,11.11,-0.01,72,79992,卖盘
1350,11:12:54,11.12,0.01,10,11120,买盘
1351,11:12:48,11.11,-0.01,2,2222,卖盘
1352,11:12:42,11.12,0.01,21,23352,买盘
1353,11:12:33,11.11,-0.01,26,28886,卖盘
1354,11:12:24,11.12,--,19,21128,买盘
1355,11:12:12,11.12,0.01,8,8896,买盘
1356,11:12:09,11.11,--,5,5555,卖盘
1357,11:12:03,11.11,--,13,14443,卖盘
1358,11:11:57,11.11,--,27,29997,买盘
1359,11:11:48,11.11,--,20,22220,买盘
1360,11:11:42,11.11,--,10,11110,买盘
1361,11:11:39,11.11,--,13,14443,买盘
1362,11:11:24,11.11,--,1,1111,买盘
1363,11:11:18,11.11,--,55,61105,买盘
1364,11:11:12,11.11,-0.02,119,132209,卖盘
1365,11:11:09,11.13,--,26,28938,买盘
1366,11:11:03,11.13,--,0,0,买盘
1367,11:10:54,11.13,0.01,27,30051,买盘
1368,11:10:48,11.12,--,19,21128,卖盘
1369,11:10:42,11.12,--,81,90072,买盘
1370,11:10:39,11.12,--,35,38920,买盘
1371,11:10:33,11.12,--,4,4448,买盘
1372,11:10:24,11.12,--,7,7783,买盘
1373,11:10:03,11.12,--,19,21128,买盘
1374,11:09:57,11.12,0.01,29,32247,买盘
1375,11:09:54,11.11,-0.01,3,3333,卖盘
1376,11:09:42,11.12,--,10,11120,买盘
1377,11:09:39,11.12,--,1,1112,买盘
1378,11:09:33,11.12,--,10,11120,买盘
1379,11:09:24,11.12,0.01,83,92296,买盘
1380,11:09:18,11.11,-0.01,16,17776,卖盘
1381,11:09:12,11.12,0.01,18,20016,买盘
1382,11:09:09,11.11,--,82,91102,卖盘
1383,11:09:03,11.11,--,3,3333,卖盘
1384,11:08:57,11.11,-0.01,5,5555,卖盘
1385,11:08:54,11.12,--,10,11120,买盘
1386,11:08:42,11.12,--,4,4448,买盘
1387,11:08:33,11.12,--,6,6671,买盘
1388,11:08:23,11.12,0.01,18,20016,买盘
1389,11:08:12,11.11,-0.01,11,12221,卖盘
1390,11:08:08,11.12,--,40,44480,买盘
1391,11:08:03,11.12,0.01,10,11120,买盘
1392,11:07:57,11.11,-0.01,46,51106,卖盘
1393,11:07:53,11.12,0.01,1,1112,买盘
1394,11:07:38,11.11,-0.01,10,11110,卖盘
1395,11:07:33,11.12,0.01,42,46704,买盘
1396,11:07:18,11.11,--,18,19998,卖盘
1397,11:07:12,11.11,--,28,31108,卖盘
1398,11:07:08,11.11,0.01,5,5555,买盘
1399,11:06:57,11.1,-0.01,48,53280,卖盘
1400,11:06:53,11.11,--,4,4444,买盘
1401,11:06:48,11.11,0.01,28,31108,买盘
1402,11:06:42,11.1,-0.01,16,17760,卖盘
1403,11:06:38,11.11,--,2,2222,买盘
1404,11:06:33,11.11,--,12,13332,买盘
1405,11:06:18,11.11,-0.01,29,32219,卖盘
1406,11:06:12,11.12,0.01,10,11120,买盘
1407,11:06:03,11.11,-0.01,11,12221,卖盘
1408,11:05:57,11.12,0.01,74,82288,买盘
1409,11:05:48,11.11,--,12,13887,买盘
1410,11:05:42,11.11,0.01,20,22220,买盘
1411,11:05:33,11.1,--,5,5550,卖盘
1412,11:05:21,11.1,--,0,0,中性盘
1413,11:05:18,11.1,0.01,8,8880,买盘
1414,11:05:12,11.09,-0.01,51,57113,卖盘
1415,11:05:06,11.1,--,218,242535,买盘
1416,11:05:03,11.1,--,8,8880,买盘
1417,11:04:57,11.1,0.02,10,11100,买盘
1418,11:04:48,11.08,-0.02,20,22160,卖盘
1419,11:04:42,11.1,0.02,1,1110,买盘
1420,11:04:33,11.08,--,5,5540,卖盘
1421,11:04:27,11.08,--,3,3324,卖盘
1422,11:04:21,11.08,-0.02,53,58724,卖盘
1423,11:04:12,11.1,0.02,21,23310,买盘
1424,11:04:06,11.08,--,23,25484,买盘
1425,11:04:03,11.08,0.02,10,11080,买盘
1426,11:03:51,11.06,-0.01,30,33180,卖盘
1427,11:03:48,11.07,--,32,35424,买盘
1428,11:03:42,11.07,--,19,21033,买盘
1429,11:03:33,11.07,--,64,70848,买盘
1430,11:03:27,11.07,0.01,36,39852,买盘
1431,11:03:18,11.06,--,120,132720,卖盘
1432,11:03:12,11.06,--,83,91798,买盘
1433,11:03:06,11.06,--,25,27650,买盘
1434,11:03:03,11.06,-0.01,2,2212,中性盘
1435,11:02:57,11.07,0.02,22,24354,买盘
1436,11:02:51,11.05,-0.01,183,202215,卖盘
1437,11:02:48,11.06,-0.01,46,50876,卖盘
1438,11:02:42,11.07,0.01,62,69541,买盘
1439,11:02:36,11.06,--,15,16590,卖盘
1440,11:02:33,11.06,-0.01,72,79632,卖盘
1441,11:02:27,11.07,0.01,34,37638,买盘
1442,11:02:21,11.06,0.01,20,22120,买盘
1443,11:02:17,11.05,-0.01,62,68510,卖盘
1444,11:02:12,11.06,-0.01,99,109494,中性盘
1445,11:02:06,11.07,0.02,55,60885,买盘
1446,11:02:03,11.05,--,91,100555,卖盘
1447,11:01:57,11.05,--,551,608855,卖盘
1448,11:01:51,11.05,-0.01,512,565760,卖盘
1449,11:01:47,11.06,--,10,11060,买盘
1450,11:01:42,11.06,--,152,168112,买盘
1451,11:01:36,11.06,0.01,25,27650,买盘
1452,11:01:32,11.05,-0.01,107,118235,卖盘
1453,11:01:27,11.06,--,25,27650,买盘
1454,11:01:21,11.06,--,33,36498,买盘
1455,11:01:17,11.06,-0.01,710,785260,卖盘
1456,11:01:12,11.07,--,26,28782,买盘
1457,11:01:06,11.07,0.01,11,12177,买盘
1458,11:01:02,11.06,-0.02,457,505442,卖盘
1459,11:00:57,11.08,--,115,127420,买盘
1460,11:00:51,11.08,--,10,11080,买盘
1461,11:00:47,11.08,--,148,163984,卖盘
1462,11:00:42,11.08,--,11,12188,卖盘
1463,11:00:36,11.08,-0.01,30,33240,卖盘
1464,11:00:32,11.09,0.01,44,48796,买盘
1465,11:00:27,11.08,-0.01,76,84208,卖盘
1466,11:00:21,11.09,--,58,64322,买盘
1467,11:00:17,11.09,--,40,44360,买盘
1468,11:00:12,11.09,--,88,97592,买盘
1469,11:00:06,11.09,--,55,60995,买盘
1470,11:00:02,11.09,--,35,38815,买盘
1471,10:59:57,11.09,--,65,72085,卖盘
1472,10:59:51,11.09,-0.01,141,156369,卖盘
1473,10:59:47,11.1,--,15,16650,买盘
1474,10:59:42,11.1,0.01,242,268620,买盘
1475,10:59:36,11.09,-0.01,45,49905,卖盘
1476,10:59:32,11.1,--,12,13320,买盘
1477,10:59:27,11.1,--,21,23310,买盘
1478,10:59:21,11.1,--,23,25530,买盘
1479,10:59:16,11.1,--,20,22200,买盘
1480,10:59:12,11.1,--,20,22200,买盘
1481,10:59:06,11.1,--,90,99900,买盘
1482,10:59:02,11.1,--,50,55500,买盘
1483,10:58:57,11.1,--,2797,3105225,买盘
1484,10:58:47,11.1,--,5,5550,买盘
1485,10:58:42,11.1,--,5,5550,买盘
1486,10:58:36,11.1,--,51,56610,买盘
1487,10:58:30,11.1,--,15,16650,卖盘
1488,10:58:27,11.1,-0.02,355,394050,卖盘
1489,10:58:12,11.12,0.01,18,20016,买盘
1490,10:58:06,11.11,--,11,12221,买盘
1491,10:58:00,11.11,--,22,24442,卖盘
1492,10:57:57,11.11,-0.01,83,92213,卖盘
1493,10:57:51,11.12,--,30,33360,买盘
1494,10:57:41,11.12,--,1,1112,买盘
1495,10:57:36,11.12,--,5,5560,买盘
1496,10:57:27,11.12,0.01,6,6671,买盘
1497,10:57:21,11.11,--,29,32219,卖盘
1498,10:57:15,11.11,--,13,14443,卖盘
1499,10:57:11,11.11,--,6,6666,卖盘
1500,10:57:06,11.11,-0.01,8,8888,卖盘
1501,10:56:57,11.12,0.01,136,151232,买盘
1502,10:56:41,11.11,--,25,27775,卖盘
1503,10:56:36,11.11,--,3,3333,卖盘
1504,10:56:30,11.11,-0.01,52,57772,卖盘
1505,10:56:27,11.12,0.01,23,25576,买盘
1506,10:56:21,11.11,--,28,31108,买盘
1507,10:56:06,11.11,--,10,11110,买盘
1508,10:56:00,11.11,0.01,22,24442,中性盘
1509,10:55:56,11.1,-0.01,52,57720,卖盘
1510,10:55:51,11.11,-0.01,54,59994,卖盘
1511,10:55:45,11.12,--,13,14455,买盘
1512,10:55:41,11.12,--,8,8896,买盘
1513,10:55:36,11.12,-0.01,50,55599,卖盘
1514,10:55:30,11.13,0.01,10,11130,买盘
1515,10:55:26,11.12,-0.01,55,61159,卖盘
1516,10:55:11,11.13,--,1005,1118565,买盘
1517,10:55:06,11.13,--,3,3339,买盘
1518,10:54:51,11.13,--,14,15582,买盘
1519,10:54:45,11.13,--,3,3339,买盘
1520,10:54:41,11.13,--,215,239295,买盘
1521,10:54:36,11.13,--,18,20034,买盘
1522,10:54:30,11.13,--,10,11130,买盘
1523,10:54:26,11.13,--,33,36729,买盘
1524,10:54:21,11.13,--,10,11130,买盘
1525,10:54:11,11.13,0.01,48,53424,买盘
1526,10:54:06,11.12,-0.01,7,7783,卖盘
1527,10:53:51,11.13,0.01,20,22260,买盘
1528,10:53:45,11.12,-0.01,10,11120,卖盘
1529,10:53:41,11.13,--,35,38955,买盘
1530,10:53:36,11.13,--,13,14469,买盘
1531,10:53:26,11.13,0.01,17,18921,买盘
1532,10:53:21,11.12,--,12,13343,卖盘
1533,10:53:15,11.12,-0.01,7,7783,卖盘
1534,10:53:06,11.13,0.01,82,91266,买盘
1535,10:53:00,11.12,-0.01,25,27799,卖盘
1536,10:52:56,11.13,--,1,1113,买盘
1537,10:52:51,11.13,--,2,2226,买盘
1538,10:52:45,11.13,0.02,1,1113,买盘
1539,10:52:41,11.11,-0.02,59,65549,卖盘
1540,10:52:36,11.13,--,82,91266,买盘
1541,10:52:21,11.13,0.02,81,90153,买盘
1542,10:52:15,11.11,-0.02,135,149985,卖盘
1543,10:52:11,11.13,0.01,18,20034,买盘
1544,10:52:06,11.12,--,33,36696,卖盘
1545,10:52:00,11.12,--,67,74504,卖盘
1546,10:51:51,11.12,--,35,38920,买盘
1547,10:51:45,11.12,--,10,11120,买盘
1548,10:51:36,11.12,--,10,11120,买盘
1549,10:51:30,11.12,--,4,4448,买盘
1550,10:51:26,11.12,0.01,2,2224,中性盘
1551,10:51:21,11.11,-0.02,219,243309,卖盘
1552,10:51:15,11.13,--,20,22260,买盘
1553,10:51:11,11.13,0.01,25,27825,买盘
1554,10:51:06,11.12,--,5,5560,买盘
1555,10:51:00,11.12,--,10,11120,买盘
1556,10:50:54,11.12,--,102,113423,买盘
1557,10:50:51,11.12,--,12,13343,买盘
1558,10:50:45,11.12,--,8,8896,卖盘
1559,10:50:39,11.12,--,17,18904,买盘
1560,10:50:36,11.12,--,15,16680,买盘
1561,10:50:30,11.12,--,21,23352,买盘
1562,10:50:24,11.12,--,47,52263,卖盘
1563,10:50:21,11.12,--,17,18904,卖盘
1564,10:50:15,11.12,-0.01,70,77840,卖盘
1565,10:50:09,11.13,--,23,25599,买盘
1566,10:50:05,11.13,0.01,26,28938,买盘
1567,10:50:00,11.12,-0.01,40,44480,卖盘
1568,10:49:54,11.13,--,51,56763,买盘
1569,10:49:50,11.13,--,26,28938,买盘
1570,10:49:45,11.13,--,1,1113,买盘
1571,10:49:39,11.13,--,5,5565,买盘
1572,10:49:30,11.13,--,9,10017,买盘
1573,10:49:20,11.13,--,30,33390,买盘
1574,10:49:15,11.13,0.01,23,25599,买盘
1575,10:49:09,11.12,-0.01,6,6671,卖盘
1576,10:49:05,11.13,--,56,62328,买盘
1577,10:49:00,11.13,0.02,1,1113,买盘
1578,10:48:54,11.11,--,0,0,卖盘
1579,10:48:50,11.11,-0.02,40,44440,卖盘
1580,10:48:45,11.13,-0.01,10,11130,卖盘
1581,10:48:39,11.14,--,19,21166,买盘
1582,10:48:35,11.14,0.01,20,22280,买盘
1583,10:48:30,11.13,-0.01,36,40068,卖盘
1584,10:48:20,11.14,--,2,2228,买盘
1585,10:48:15,11.14,--,15,16710,买盘
1586,10:48:05,11.14,--,12,13368,买盘
1587,10:48:00,11.14,-0.02,18,20052,卖盘
1588,10:47:50,11.16,--,17,18972,买盘
1589,10:47:45,11.16,0.05,17,18972,买盘
1590,10:47:39,11.11,-0.05,30,33330,卖盘
1591,10:47:30,11.16,0.05,512,571392,买盘
1592,10:47:24,11.11,0.01,528,586608,买盘
1593,10:47:20,11.1,-0.01,45,49950,卖盘
1594,10:47:15,11.11,--,98,108878,买盘
1595,10:47:09,11.11,--,12,13332,买盘
1596,10:47:05,11.11,--,12,13332,买盘
1597,10:47:00,11.11,--,105,116655,卖盘
1598,10:46:50,11.11,--,30,33330,卖盘
1599,10:46:45,11.11,--,30,33330,卖盘
1600,10:46:39,11.11,--,19,21109,买盘
1601,10:46:35,11.11,--,25,27775,买盘
1602,10:46:30,11.11,--,6,6666,买盘
1603,10:46:24,11.11,-0.04,10,11110,卖盘
1604,10:46:15,11.15,--,0,0,买盘
1605,10:46:09,11.15,0.01,58,64670,买盘
1606,10:46:00,11.14,0.05,4,4456,中性盘
1607,10:45:54,11.09,--,36,39924,卖盘
1608,10:45:45,11.09,--,92,102028,卖盘
1609,10:45:39,11.09,-0.01,132,146942,卖盘
1610,10:45:35,11.1,--,36,39960,买盘
1611,10:45:29,11.1,--,67,74370,买盘
1612,10:45:24,11.1,--,16,17760,买盘
1613,10:45:20,11.1,0.01,71,78810,买盘
1614,10:45:15,11.09,--,582,645438,卖盘
1615,10:45:09,11.09,-0.01,39,43251,卖盘
1616,10:45:05,11.1,0.01,36,39960,买盘
1617,10:45:00,11.09,-0.01,57,63213,卖盘
1618,10:44:54,11.1,0.01,512,568320,买盘
1619,10:44:50,11.09,--,658,730254,卖盘
1620,10:44:45,11.09,-0.01,80,88720,卖盘
1621,10:44:39,11.1,0.01,17,18870,中性盘
1622,10:44:35,11.09,-0.01,110,121990,卖盘
1623,10:44:30,11.1,--,83,92130,买盘
1624,10:44:24,11.1,--,49,54390,买盘
1625,10:44:20,11.1,0.01,10,11100,买盘
1626,10:44:15,11.09,--,2,2794,卖盘
1627,10:44:09,11.09,--,10,11090,卖盘
1628,10:44:05,11.09,--,20,22180,卖盘
1629,10:44:00,11.09,--,18,19962,卖盘
1630,10:43:54,11.09,-0.01,23,25507,卖盘
1631,10:43:45,11.1,--,17,18870,买盘
1632,10:43:39,11.1,-0.01,66,73260,卖盘
1633,10:43:35,11.11,--,1,1111,买盘
1634,10:43:30,11.11,0.01,26,28886,买盘
1635,10:43:24,11.1,-0.01,25,27750,卖盘
1636,10:43:19,11.11,0.01,4,4444,买盘
1637,10:43:15,11.1,--,72,79920,卖盘
1638,10:43:09,11.1,--,8,8880,买盘
1639,10:43:03,11.1,--,53,58830,买盘
1640,10:43:00,11.1,--,32,35520,买盘
1641,10:42:54,11.1,0.01,82,91020,买盘
1642,10:42:48,11.09,-0.01,6,6654,卖盘
1643,10:42:45,11.1,--,42,46620,买盘
1644,10:42:39,11.1,0.01,216,239760,买盘
1645,10:42:33,11.09,-0.01,54,59886,卖盘
1646,10:42:30,11.1,--,10,11100,买盘
1647,10:42:24,11.1,-0.02,19,21090,中性盘
1648,10:42:18,11.12,0.03,123,136776,买盘
1649,10:42:14,11.09,-0.01,34,37706,卖盘
1650,10:42:09,11.1,--,50,55500,买盘
1651,10:42:03,11.1,--,16,17760,买盘
1652,10:41:59,11.1,--,55,61050,买盘
1653,10:41:54,11.1,--,358,397690,卖盘
1654,10:41:48,11.1,--,0,0,卖盘
1655,10:41:44,11.1,-0.01,937,1040070,卖盘
1656,10:41:39,11.11,-0.01,64,71104,卖盘
1657,10:41:33,11.12,0.01,3,3335,买盘
1658,10:41:24,11.11,-0.01,12,13332,卖盘
1659,10:41:14,11.12,--,56,62271,买盘
1660,10:41:09,11.12,--,135,150120,卖盘
1661,10:40:59,11.12,--,24,26687,卖盘
1662,10:40:54,11.12,--,45,50040,卖盘
1663,10:40:48,11.12,-0.01,10,11120,卖盘
1664,10:40:44,11.13,0.01,11,12243,买盘
1665,10:40:39,11.12,-0.01,10,11120,卖盘
1666,10:40:33,11.13,-0.01,28,31164,卖盘
1667,10:40:29,11.14,-0.01,10,11140,买盘
1668,10:40:24,11.15,--,31,34565,卖盘
1669,10:40:18,11.15,0.02,17,18955,买盘
1670,10:40:14,11.13,--,0,0,卖盘
1671,10:40:09,11.13,-0.02,23,25599,卖盘
1672,10:40:03,11.15,--,38,42370,买盘
1673,10:39:59,11.15,0.01,9,10035,买盘
1674,10:39:54,11.14,0.01,5,5570,中性盘
1675,10:39:48,11.13,-0.01,31,34503,卖盘
1676,10:39:44,11.14,--,17,19049,买盘
1677,10:39:39,11.14,--,57,63498,买盘
1678,10:39:33,11.14,--,6,6684,买盘
1679,10:39:18,11.14,0.01,29,32306,买盘
1680,10:39:14,11.13,0.01,10,11130,买盘
1681,10:39:09,11.12,-0.01,41,45592,卖盘
1682,10:39:02,11.13,--,7,7791,买盘
1683,10:38:54,11.13,-0.01,274,305963,卖盘
1684,10:38:48,11.14,-0.01,10,11140,买盘
1685,10:38:32,11.15,--,0,0,买盘
1686,10:38:24,11.15,0.01,67,74705,买盘
1687,10:38:18,11.14,--,48,53472,买盘
1688,10:38:14,11.14,-0.01,35,38990,卖盘
1689,10:38:08,11.15,0.01,2,2230,买盘
1690,10:38:03,11.14,--,5,5570,卖盘
1691,10:37:53,11.14,-0.01,6,6684,卖盘
1692,10:37:48,11.15,0.01,5,5575,买盘
1693,10:37:44,11.14,-0.01,5,5570,卖盘
1694,10:37:39,11.15,0.01,20,22300,买盘
1695,10:37:33,11.14,-0.01,4,4456,中性盘
1696,10:37:29,11.15,0.02,10,11150,买盘
1697,10:37:18,11.13,--,10,11130,卖盘
1698,10:37:09,11.13,--,4,4452,卖盘
1699,10:36:59,11.13,-0.02,200,222600,卖盘
1700,10:36:54,11.15,0.02,2,2230,买盘
1701,10:36:48,11.13,--,0,0,卖盘
1702,10:36:44,11.13,--,26,28938,卖盘
1703,10:36:39,11.13,--,9,10017,卖盘
1704,10:36:33,11.13,-0.04,57,63552,卖盘
1705,10:36:23,11.17,-0.01,16,17872,中性盘
1706,10:36:18,11.18,0.05,115,128570,买盘
1707,10:36:14,11.13,--,0,0,卖盘
1708,10:36:09,11.13,-0.04,416,463008,卖盘
1709,10:36:02,11.17,--,21,23457,卖盘
1710,10:35:53,11.17,0.01,31,34627,买盘
1711,10:35:48,11.16,0.02,15,16740,中性盘
1712,10:35:43,11.14,--,4,4456,卖盘
1713,10:35:32,11.14,0.01,12,13368,买盘
1714,10:35:27,11.13,--,3,3339,卖盘
1715,10:35:24,11.13,-0.01,12,13356,卖盘
1716,10:35:18,11.14,0.01,36,40104,买盘
1717,10:35:12,11.13,--,0,0,卖盘
1718,10:35:08,11.13,-0.05,64,71232,卖盘
1719,10:35:03,11.18,0.05,20,22360,买盘
1720,10:34:57,11.13,--,0,0,中性盘
1721,10:34:53,11.13,0.01,103,114639,中性盘
1722,10:34:42,11.12,--,0,0,卖盘
1723,10:34:38,11.12,--,11,12232,卖盘
1724,10:34:33,11.12,--,6,6671,买盘
1725,10:34:27,11.12,0.01,20,22240,买盘
1726,10:34:23,11.11,-0.01,206,228866,卖盘
1727,10:34:18,11.12,--,14,15567,卖盘
1728,10:34:08,11.12,0.01,22,24464,卖盘
1729,10:34:03,11.11,--,12,13332,卖盘
1730,10:33:57,11.11,0.01,1012,1124576,买盘
1731,10:33:53,11.1,-0.01,33,36630,卖盘
1732,10:33:48,11.11,--,71,78881,买盘
1733,10:33:42,11.11,0.01,39,43329,买盘
1734,10:33:38,11.1,--,2,2220,卖盘
1735,10:33:32,11.1,--,64,71595,买盘
1736,10:33:27,11.1,0.01,62,68820,买盘
1737,10:33:23,11.09,-0.01,1,1109,卖盘
1738,10:33:18,11.1,--,240,266400,买盘
1739,10:33:12,11.1,--,154,170940,买盘
1740,10:33:08,11.1,0.01,16,17760,买盘
1741,10:33:02,11.09,--,84,93156,卖盘
1742,10:32:56,11.09,-0.01,27,29943,卖盘
1743,10:32:53,11.1,--,3,3330,买盘
1744,10:32:47,11.1,--,46,51060,买盘
1745,10:32:41,11.1,-0.01,256,284715,卖盘
1746,10:32:38,11.11,--,92,102212,买盘
1747,10:32:33,11.11,--,88,97768,买盘
1748,10:32:27,11.11,--,6,6666,买盘
1749,10:32:23,11.11,0.01,83,92213,中性盘
1750,10:32:17,11.1,--,5,5550,卖盘
1751,10:32:12,11.1,-0.01,1699,1886589,卖盘
1752,10:32:08,11.11,-0.01,15,16665,卖盘
1753,10:32:03,11.12,0.01,316,351392,买盘
1754,10:31:56,11.11,-0.01,29,32219,卖盘
1755,10:31:47,11.12,--,20,22240,中性盘
1756,10:31:41,11.12,0.01,19,21128,卖盘
1757,10:31:32,11.11,--,28,31108,卖盘
1758,10:31:26,11.11,--,61,67771,卖盘
1759,10:31:23,11.11,--,10,11110,卖盘
1760,10:31:17,11.11,-0.01,250,277750,卖盘
1761,10:31:11,11.12,0.01,5,5560,买盘
1762,10:31:08,11.11,--,7,7777,卖盘
1763,10:30:56,11.11,-0.01,87,96657,卖盘
1764,10:30:53,11.12,0.01,30,33360,中性盘
1765,10:30:47,11.11,-0.01,308,342188,卖盘
1766,10:30:41,11.12,-0.04,157,174584,卖盘
1767,10:30:38,11.16,0.04,16,17856,买盘
1768,10:30:32,11.12,-0.01,938,1043055,卖盘
1769,10:30:26,11.13,0.01,50,55650,买盘
1770,10:30:23,11.12,--,30,33360,卖盘
1771,10:30:11,11.12,-0.01,60,66720,卖盘
1772,10:30:08,11.13,--,7,7791,买盘
1773,10:30:02,11.13,--,14,15582,卖盘
1774,10:29:56,11.13,--,7,7791,卖盘
1775,10:29:53,11.13,-0.01,32,35616,卖盘
1776,10:29:47,11.14,0.01,20,22280,买盘
1777,10:29:41,11.13,--,18,20034,卖盘
1778,10:29:26,11.13,0.01,462,514206,买盘
1779,10:29:22,11.12,--,13,14455,卖盘
1780,10:29:17,11.12,-0.01,34,37808,卖盘
1781,10:29:11,11.13,0.01,24,26712,买盘
1782,10:29:08,11.12,-0.01,8,8896,卖盘
1783,10:29:02,11.13,--,84,93492,买盘
1784,10:28:56,11.13,-0.01,144,161262,卖盘
1785,10:28:53,11.14,0.01,22,24508,买盘
1786,10:28:47,11.13,-0.01,107,119091,卖盘
1787,10:28:41,11.14,0.01,20,22280,买盘
1788,10:28:32,11.13,-0.01,39,43407,卖盘
1789,10:28:26,11.14,--,5,5570,买盘
1790,10:28:22,11.14,--,10,11140,买盘
1791,10:28:17,11.14,0.01,53,59042,卖盘
1792,10:28:11,11.13,-0.01,217,241521,卖盘
1793,10:28:07,11.14,--,50,55700,买盘
1794,10:28:02,11.14,--,36,40104,买盘
1795,10:27:56,11.14,--,4,4456,买盘
1796,10:27:47,11.14,-0.01,72,80208,卖盘
1797,10:27:41,11.15,0.01,17,18955,买盘
1798,10:27:32,11.14,--,70,77980,卖盘
1799,10:27:26,11.14,--,20,22280,卖盘
1800,10:27:20,11.14,-0.01,33,36762,卖盘
1801,10:27:11,11.15,-0.01,35,39025,中性盘
1802,10:27:05,11.16,0.01,25,27900,买盘
1803,10:27:02,11.15,--,5,5575,卖盘
1804,10:26:56,11.15,--,0,0,中性盘
1805,10:26:50,11.15,-0.01,17,18955,卖盘
1806,10:26:35,11.16,-0.01,3,3348,中性盘
1807,10:26:26,11.17,--,0,0,买盘
1808,10:26:20,11.17,0.02,39,43563,买盘
1809,10:26:11,11.15,0.01,26,28990,买盘
1810,10:26:05,11.14,0.01,26,28964,买盘
1811,10:25:56,11.13,-0.01,1,1113,卖盘
1812,10:25:50,11.14,0.01,10,11140,买盘
1813,10:25:47,11.13,-0.01,30,33390,卖盘
1814,10:25:41,11.14,--,47,52358,买盘
1815,10:25:35,11.14,--,6,6684,买盘
1816,10:25:32,11.14,--,19,21166,买盘
1817,10:25:26,11.14,0.01,20,22280,中性盘
1818,10:25:20,11.13,-0.01,15,16695,卖盘
1819,10:25:11,11.14,0.01,22,24630,买盘
1820,10:25:05,11.13,--,20,22260,买盘
1821,10:25:02,11.13,--,25,27825,卖盘
1822,10:24:56,11.13,--,10,11130,卖盘
1823,10:24:50,11.13,--,21,23373,卖盘
1824,10:24:41,11.13,--,48,53424,买盘
1825,10:24:35,11.13,--,31,34503,买盘
1826,10:24:32,11.13,--,25,27825,买盘
1827,10:24:26,11.13,0.01,22,24486,卖盘
1828,10:24:20,11.12,--,1,1112,卖盘
1829,10:24:17,11.12,-0.01,17,18904,卖盘
1830,10:24:11,11.13,0.01,19,22115,买盘
1831,10:24:05,11.12,-0.01,28,31135,卖盘
1832,10:24:02,11.13,--,2,2226,买盘
1833,10:23:56,11.13,0.01,13,14469,买盘
1834,10:23:50,11.12,-0.01,117,130103,卖盘
1835,10:23:41,11.13,0.01,92,102396,买盘
1836,10:23:35,11.12,--,10,11120,卖盘
1837,10:23:32,11.12,--,10,11120,卖盘
1838,10:23:20,11.12,--,119,132328,买盘
1839,10:23:17,11.12,--,23,25576,买盘
1840,10:23:11,11.12,--,34,37808,买盘
1841,10:23:05,11.12,-0.01,141,156792,卖盘
1842,10:23:01,11.13,0.01,52,57876,买盘
1843,10:22:56,11.12,-0.01,129,143448,卖盘
1844,10:22:50,11.13,--,20,22260,买盘
1845,10:22:46,11.13,--,6,6678,买盘
1846,10:22:41,11.13,0.01,56,62328,买盘
1847,10:22:35,11.12,-0.01,1,1112,卖盘
1848,10:22:26,11.13,0.01,15,16695,买盘
1849,10:22:16,11.12,--,2,2224,买盘
1850,10:22:11,11.12,--,77,85624,买盘
1851,10:22:05,11.12,--,60,66720,买盘
1852,10:22:01,11.12,--,37,41144,买盘
1853,10:21:56,11.12,--,81,90072,买盘
1854,10:21:50,11.12,--,353,392536,买盘
1855,10:21:46,11.12,0.01,62,68944,买盘
1856,10:21:41,11.11,--,10,11110,卖盘
1857,10:21:26,11.11,--,34,37774,买盘
1858,10:21:20,11.11,--,323,358853,买盘
1859,10:21:16,11.11,--,210,233310,买盘
1860,10:21:11,11.11,0.01,40,44440,买盘
1861,10:21:05,11.1,-0.01,67,74370,卖盘
1862,10:21:01,11.11,0.01,49,54439,买盘
1863,10:20:56,11.1,--,5,5550,卖盘
1864,10:20:50,11.1,-0.01,24,26640,卖盘
1865,10:20:46,11.11,0.01,15,16665,买盘
1866,10:20:41,11.1,--,110,122100,卖盘
1867,10:20:35,11.1,-0.01,123,136530,卖盘
1868,10:20:29,11.11,0.01,120,133320,买盘
1869,10:20:26,11.1,-0.01,19,21090,卖盘
1870,10:20:20,11.11,0.01,119,132209,买盘
1871,10:20:14,11.1,-0.01,70,77700,卖盘
1872,10:20:11,11.11,--,204,226644,买盘
1873,10:20:05,11.11,--,40,44440,买盘
1874,10:19:59,11.11,-0.01,18,19998,卖盘
1875,10:19:50,11.12,--,22,24464,买盘
1876,10:19:44,11.12,0.02,117,130103,中性盘
1877,10:19:41,11.1,--,22,24420,卖盘
1878,10:19:35,11.1,-0.03,189,209790,卖盘
1879,10:19:29,11.13,0.03,37,41181,买盘
1880,10:19:26,11.1,-0.01,2025,2247750,卖盘
1881,10:19:20,11.11,0.01,29,32219,中性盘
1882,10:19:14,11.1,-0.02,93,103230,卖盘
1883,10:19:11,11.12,-0.01,1,1112,卖盘
1884,10:19:05,11.13,0.01,41,45633,买盘
1885,10:18:59,11.12,-0.01,103,114535,买盘
1886,10:18:56,11.13,0.01,24,26712,买盘
1887,10:18:50,11.12,0.02,21,23352,中性盘
1888,10:18:44,11.1,-0.03,3325,3690750,卖盘
1889,10:18:41,11.13,--,19,21147,买盘
1890,10:18:35,11.13,--,4,4452,买盘
1891,10:18:29,11.13,--,196,218292,卖盘
1892,10:18:20,11.13,-0.01,901,1002813,卖盘
1893,10:18:14,11.14,0.01,55,61270,买盘
1894,10:18:11,11.13,-0.01,119,132447,卖盘
1895,10:18:05,11.14,--,299,334077,卖盘
1896,10:17:59,11.14,-0.01,130,144820,卖盘
1897,10:17:56,11.15,0.01,12,13380,买盘
1898,10:17:44,11.14,--,20,22280,卖盘
1899,10:17:35,11.14,--,13,14482,卖盘
1900,10:17:29,11.14,-0.01,400,445600,卖盘
1901,10:17:26,11.15,0.01,17,18955,买盘
1902,10:17:20,11.14,-0.01,318,354374,卖盘
1903,10:17:14,11.15,--,64,71360,买盘
1904,10:17:11,11.15,-0.01,109,121535,卖盘
1905,10:17:05,11.16,0.01,20,22320,买盘
1906,10:16:59,11.15,-0.01,16,17840,卖盘
1907,10:16:44,11.16,--,4,4464,买盘
1908,10:16:40,11.16,0.01,35,39060,买盘
1909,10:16:35,11.15,-0.01,322,359030,卖盘
1910,10:16:29,11.16,0.01,33,36828,买盘
1911,10:16:26,11.15,-0.01,38,42370,卖盘
1912,10:16:20,11.16,--,5,5580,买盘
1913,10:16:14,11.16,0.01,5,5580,买盘
1914,10:16:10,11.15,-0.01,5,5575,卖盘
1915,10:16:05,11.16,0.01,76,84816,买盘
1916,10:15:59,11.15,-0.01,12,13380,卖盘
1917,10:15:55,11.16,--,4,4464,买盘
1918,10:15:50,11.16,0.01,1,1116,买盘
1919,10:15:44,11.15,-0.01,2,2230,卖盘
1920,10:15:40,11.16,0.01,2,2232,买盘
1921,10:15:35,11.15,--,13,14495,卖盘
1922,10:15:29,11.15,--,22,24530,卖盘
1923,10:15:25,11.15,--,10,11150,买盘
1924,10:15:20,11.15,--,270,301050,买盘
1925,10:15:14,11.15,--,16,17840,买盘
1926,10:15:10,11.15,--,25,27875,买盘
1927,10:15:05,11.15,--,63,70245,买盘
1928,10:14:59,11.15,--,35,39025,买盘
1929,10:14:55,11.15,-0.01,240,267600,卖盘
1930,10:14:40,11.16,0.01,32,35712,卖盘
1931,10:14:35,11.15,--,3,3345,买盘
1932,10:14:29,11.15,--,42,46830,买盘
1933,10:14:25,11.15,--,127,141605,买盘
1934,10:14:20,11.15,--,68,75820,买盘
1935,10:14:14,11.15,--,217,241955,买盘
1936,10:14:10,11.15,--,11,12265,买盘
1937,10:14:05,11.15,--,2,2230,买盘
1938,10:13:59,11.15,0.01,193,215195,买盘
1939,10:13:55,11.14,-0.01,31,34534,卖盘
1940,10:13:50,11.15,--,27,30105,买盘
1941,10:13:44,11.15,0.01,77,85855,买盘
1942,10:13:40,11.14,-0.01,19,21166,卖盘
1943,10:13:35,11.15,--,18,20070,买盘
1944,10:13:29,11.15,--,93,103695,买盘
1945,10:13:23,11.15,--,178,198470,买盘
1946,10:13:20,11.15,--,22,24530,买盘
1947,10:13:14,11.15,--,8,8920,买盘
1948,10:13:08,11.15,--,44,49060,买盘
1949,10:13:05,11.15,--,519,578685,买盘
1950,10:12:59,11.15,--,61,68015,买盘
1951,10:12:53,11.15,0.01,57,63555,买盘
1952,10:12:50,11.14,--,14,15596,卖盘
1953,10:12:44,11.14,-0.01,140,155960,卖盘
1954,10:12:38,11.15,--,28,31220,买盘
1955,10:12:35,11.15,--,16,17840,买盘
1956,10:12:29,11.15,--,118,131570,买盘
1957,10:12:23,11.15,--,20,22300,买盘
1958,10:12:20,11.15,--,40,44600,买盘
1959,10:12:14,11.15,-0.03,434,483910,卖盘
1960,10:12:08,11.18,-0.01,348,389064,卖盘
1961,10:11:59,11.19,0.01,37,41403,买盘
1962,10:11:53,11.18,--,1,1118,卖盘
1963,10:11:44,11.18,--,20,22360,买盘
1964,10:11:38,11.18,0.01,52,58136,买盘
1965,10:11:35,11.17,-0.01,7,7819,卖盘
1966,10:11:29,11.18,--,28,31304,买盘
1967,10:11:23,11.18,0.03,9,10062,买盘
1968,10:11:14,11.15,-0.01,50,55750,卖盘
1969,10:11:08,11.16,--,82,91512,买盘
1970,10:11:05,11.16,--,2,2232,买盘
1971,10:10:59,11.16,--,10,11160,买盘
1972,10:10:53,11.16,0.03,10,11160,买盘
1973,10:10:44,11.13,--,0,0,卖盘
1974,10:10:38,11.13,-0.01,897,998783,卖盘
1975,10:10:35,11.14,--,38,42332,卖盘
1976,10:10:29,11.14,-0.01,362,403268,卖盘
1977,10:10:23,11.15,--,50,55750,买盘
1978,10:10:20,11.15,--,35,39025,买盘
1979,10:10:14,11.15,--,37,41255,买盘
1980,10:10:08,11.15,--,86,95890,买盘
1981,10:10:05,11.15,--,46,51290,买盘
1982,10:09:59,11.15,--,21,23415,买盘
1983,10:09:44,11.15,-0.02,319,356632,卖盘
1984,10:09:38,11.17,--,16,17872,买盘
1985,10:09:29,11.17,--,1,1117,买盘
1986,10:09:23,11.17,0.01,19,21223,买盘
1987,10:09:19,11.16,--,14,15624,买盘
1988,10:09:14,11.16,--,5,5580,买盘
1989,10:09:08,11.16,--,11,12276,买盘
1990,10:09:04,11.16,--,25,27900,卖盘
1991,10:08:53,11.16,--,19,21204,买盘
1992,10:08:49,11.16,--,5,5580,买盘
1993,10:08:44,11.16,--,1,1116,卖盘
1994,10:08:38,11.16,0.01,6,6696,中性盘
1995,10:08:34,11.15,-0.02,719,801685,卖盘
1996,10:08:29,11.17,0.01,5,5585,买盘
1997,10:08:23,11.16,--,20,22320,卖盘
1998,10:08:19,11.16,--,2,2232,卖盘
1999,10:08:14,11.16,-0.01,137,152892,卖盘
2000,10:08:08,11.17,0.01,2,2234,买盘
2001,10:08:04,11.16,-0.01,28,31248,卖盘
2002,10:07:59,11.17,--,1,1117,买盘
2003,10:07:53,11.17,--,20,22340,买盘
2004,10:07:49,11.17,-0.01,90,100530,买盘
2005,10:07:38,11.18,0.01,22,24596,买盘
2006,10:07:34,11.17,--,100,111700,买盘
2007,10:07:23,11.17,--,126,140742,卖盘
2008,10:07:19,11.17,-0.01,24,26808,卖盘
2009,10:07:08,11.18,--,89,99502,买盘
2010,10:07:04,11.18,--,30,33540,买盘
2011,10:06:59,11.18,--,9,10062,买盘
2012,10:06:53,11.18,--,86,97008,卖盘
2013,10:06:49,11.18,--,22,24596,卖盘
2014,10:06:34,11.18,--,5,5590,卖盘
2015,10:06:29,11.18,-0.02,35,39130,卖盘
2016,10:06:23,11.2,0.02,52,58239,买盘
2017,10:06:17,11.18,--,25,27950,卖盘
2018,10:06:14,11.18,--,3,4416,卖盘
2019,10:06:02,11.18,-0.02,12,13416,卖盘
2020,10:05:59,11.2,0.02,20,22400,买盘
2021,10:05:53,11.18,--,2,2236,卖盘
2022,10:05:47,11.18,-0.03,5,5590,卖盘
2023,10:05:44,11.21,--,0,0,买盘
2024,10:05:38,11.21,0.03,24,26904,买盘
2025,10:05:32,11.18,--,7,7826,卖盘
2026,10:05:23,11.18,--,0,0,卖盘
2027,10:05:17,11.18,-0.02,61,68198,卖盘
2028,10:05:14,11.2,0.02,127,142396,买盘
2029,10:05:08,11.18,--,196,219284,买盘
2030,10:05:02,11.18,--,61,68198,买盘
2031,10:04:53,11.18,0.01,155,173290,买盘
2032,10:04:47,11.17,--,47,52499,卖盘
2033,10:04:38,11.17,-0.01,10,11170,卖盘
2034,10:04:32,11.18,0.01,18,20124,买盘
2035,10:04:28,11.17,-0.01,25,27925,卖盘
2036,10:04:23,11.18,0.01,35,39130,买盘
2037,10:04:17,11.17,0.01,6,6702,买盘
2038,10:04:14,11.16,-0.01,29,32531,卖盘
2039,10:04:08,11.17,-0.01,11,12287,中性盘
2040,10:04:02,11.18,--,56,62608,买盘
2041,10:03:59,11.18,--,19,21242,买盘
2042,10:03:53,11.18,0.01,166,185588,买盘
2043,10:03:47,11.17,--,228,255636,卖盘
2044,10:03:43,11.17,-0.01,43,48031,卖盘
2045,10:03:38,11.18,--,95,106210,买盘
2046,10:03:32,11.18,--,51,57018,买盘
2047,10:03:23,11.18,0.01,31,34658,买盘
2048,10:03:17,11.17,--,46,51382,卖盘
2049,10:03:13,11.17,-0.01,7,7975,卖盘
2050,10:03:08,11.18,0.01,100,111800,买盘
2051,10:03:02,11.17,0.02,14,15638,卖盘
2052,10:02:53,11.15,-0.02,162,180630,卖盘
2053,10:02:47,11.17,0.01,80,89360,买盘
2054,10:02:38,11.16,--,10,11160,卖盘
2055,10:02:32,11.16,0.01,56,62496,买盘
2056,10:02:28,11.15,--,4,4460,卖盘
2057,10:02:23,11.15,--,15,16725,卖盘
2058,10:02:17,11.15,-0.01,8,8920,卖盘
2059,10:02:13,11.16,--,1118,1247866,买盘
2060,10:02:08,11.16,--,0,0,买盘
2061,10:02:02,11.16,0.02,88,98208,买盘
2062,10:01:58,11.14,--,52,57928,卖盘
2063,10:01:53,11.14,--,22,24508,卖盘
2064,10:01:47,11.14,--,1,1114,卖盘
2065,10:01:43,11.14,--,26,28964,卖盘
2066,10:01:32,11.14,--,227,253067,买盘
2067,10:01:28,11.14,--,12,13368,买盘
2068,10:01:17,11.14,--,23,25622,买盘
2069,10:01:13,11.14,0.01,58,64612,中性盘
2070,10:01:08,11.13,-0.02,220,244860,卖盘
2071,10:01:02,11.15,--,14,15610,买盘
2072,10:00:58,11.15,0.01,28,31220,买盘
2073,10:00:47,11.14,-0.01,76,84864,卖盘
2074,10:00:43,11.15,--,16,17840,卖盘
2075,10:00:38,11.15,-0.01,19,21185,卖盘
2076,10:00:32,11.16,--,40,44640,买盘
2077,10:00:28,11.16,--,17,18972,买盘
2078,10:00:23,11.16,0.01,50,55800,买盘
2079,10:00:17,11.15,-0.01,300,335403,卖盘
2080,10:00:13,11.16,--,26,29016,卖盘
2081,10:00:02,11.16,--,165,184140,卖盘
2082,09:59:58,11.16,--,2,2232,买盘
2083,09:59:53,11.16,--,336,374976,买盘
2084,09:59:47,11.16,--,157,175212,卖盘
2085,09:59:43,11.16,0.01,6,6696,卖盘
2086,09:59:38,11.15,-0.02,268,298820,卖盘
2087,09:59:32,11.17,--,5,5585,买盘
2088,09:59:28,11.17,0.01,85,94945,买盘
2089,09:59:17,11.16,-0.01,103,114948,卖盘
2090,09:59:13,11.17,--,78,87293,买盘
2091,09:59:08,11.17,--,20,22340,买盘
2092,09:59:02,11.17,--,20,22340,买盘
2093,09:58:56,11.17,--,30,33510,卖盘
2094,09:58:53,11.17,--,10,11170,卖盘
2095,09:58:47,11.17,--,121,135157,卖盘
2096,09:58:41,11.17,--,24,26964,买盘
2097,09:58:38,11.17,0.01,13,14521,买盘
2098,09:58:32,11.16,-0.01,192,214272,卖盘
2099,09:58:26,11.17,--,104,116168,买盘
2100,09:58:23,11.17,0.01,13,14521,买盘
2101,09:58:17,11.16,-0.01,60,66960,卖盘
2102,09:58:11,11.17,--,68,76112,买盘
2103,09:58:07,11.17,--,19,21223,买盘
2104,09:58:02,11.17,0.01,1,1117,买盘
2105,09:57:56,11.16,-0.01,44,49104,卖盘
2106,09:57:52,11.17,--,2,2234,买盘
2107,09:57:41,11.17,0.01,57,63669,买盘
2108,09:57:37,11.16,-0.01,1,1116,卖盘
2109,09:57:32,11.17,0.01,7,7819,买盘
2110,09:57:26,11.16,--,232,258912,卖盘
2111,09:57:22,11.16,--,243,271188,卖盘
2112,09:57:17,11.16,--,107,119412,卖盘
2113,09:57:11,11.16,--,168,187666,买盘
2114,09:57:02,11.16,--,42,46872,买盘
2115,09:56:56,11.16,0.01,82,91512,中性盘
2116,09:56:52,11.15,-0.01,93,103695,卖盘
2117,09:56:47,11.16,--,50,55800,买盘
2118,09:56:41,11.16,--,47,52452,买盘
2119,09:56:37,11.16,--,23,25668,买盘
2120,09:56:32,11.16,-0.01,111,124835,卖盘
2121,09:56:26,11.17,0.01,128,142976,买盘
2122,09:56:17,11.16,-0.01,48,53568,卖盘
2123,09:56:11,11.17,--,72,80580,买盘
2124,09:56:07,11.17,--,56,62552,买盘
2125,09:56:02,11.17,--,66,73722,买盘
2126,09:55:56,11.17,--,40,44680,买盘
2127,09:55:52,11.17,--,24,26808,买盘
2128,09:55:47,11.17,--,61,68137,买盘
2129,09:55:41,11.17,0.01,15,16755,买盘
2130,09:55:37,11.16,0.01,34,37944,中性盘
2131,09:55:32,11.15,-0.01,374,417500,卖盘
2132,09:55:26,11.16,0.01,38,42408,买盘
2133,09:55:22,11.15,--,1,1115,卖盘
2134,09:55:11,11.15,--,68,75998,卖盘
2135,09:55:07,11.15,--,129,143835,买盘
2136,09:55:02,11.15,0.01,152,169480,买盘
2137,09:54:56,11.14,-0.01,6,6684,卖盘
2138,09:54:52,11.15,--,130,144950,买盘
2139,09:54:47,11.15,0.01,39,43485,买盘
2140,09:54:41,11.14,-0.01,69,76866,卖盘
2141,09:54:37,11.15,--,34,37910,买盘
2142,09:54:32,11.15,--,34,37910,买盘
2143,09:54:26,11.15,--,30,33450,买盘
2144,09:54:22,11.15,0.01,94,104810,卖盘
2145,09:54:17,11.14,-0.01,147,163758,卖盘
2146,09:54:11,11.15,-0.01,22,24708,卖盘
2147,09:54:07,11.16,0.01,42,46872,买盘
2148,09:53:56,11.15,--,6,6690,卖盘
2149,09:53:52,11.15,0.01,20,22300,买盘
2150,09:53:47,11.14,-0.01,23,25622,中性盘
2151,09:53:41,11.15,0.01,275,306625,中性盘
2152,09:53:37,11.14,--,234,260676,卖盘
2153,09:53:32,11.14,--,19,21878,卖盘
2154,09:53:26,11.14,0.01,41,45674,卖盘
2155,09:53:22,11.13,--,54,60102,卖盘
2156,09:53:17,11.13,-0.01,35,38955,卖盘
2157,09:53:11,11.14,0.01,123,137400,买盘
2158,09:53:07,11.13,--,2,2226,卖盘
2159,09:53:02,11.13,-0.01,27,30051,卖盘
2160,09:52:56,11.14,0.01,81,90234,买盘
2161,09:52:52,11.13,-0.01,202,224826,卖盘
2162,09:52:47,11.14,0.01,8,9491,买盘
2163,09:52:41,11.13,--,150,166950,卖盘
2164,09:52:37,11.13,--,222,247086,卖盘
2165,09:52:32,11.13,--,52,57876,卖盘
2166,09:52:26,11.13,-0.01,129,143577,卖盘
2167,09:52:22,11.14,--,131,145934,买盘
2168,09:52:17,11.14,--,2,2228,买盘
2169,09:52:11,11.14,--,61,67954,买盘
2170,09:52:07,11.14,--,46,51244,卖盘
2171,09:52:02,11.14,-0.01,50,55700,卖盘
2172,09:51:56,11.15,--,371,413665,买盘
2173,09:51:50,11.15,--,35,39025,买盘
2174,09:51:47,11.15,--,5,5575,买盘
2175,09:51:41,11.15,--,778,867470,卖盘
2176,09:51:35,11.15,-0.01,134,150034,卖盘
2177,09:51:32,11.16,--,20,22320,卖盘
2178,09:51:26,11.16,--,15,16740,卖盘
2179,09:51:20,11.16,--,408,455328,卖盘
2180,09:51:17,11.16,--,20,22320,卖盘
2181,09:51:11,11.16,--,87,97092,卖盘
2182,09:51:05,11.16,-0.02,185,206951,卖盘
2183,09:51:02,11.18,--,155,173290,买盘
2184,09:50:56,11.18,0.01,39,43602,买盘
2185,09:50:50,11.17,--,153,170901,卖盘
2186,09:50:46,11.17,-0.01,360,402723,卖盘
2187,09:50:41,11.18,--,84,93912,卖盘
2188,09:50:35,11.18,-0.01,297,333018,卖盘
2189,09:50:31,11.19,--,25,27975,卖盘
2190,09:50:26,11.19,-0.01,202,226664,卖盘
2191,09:50:20,11.2,-0.01,199,222880,卖盘
2192,09:50:16,11.21,--,68,76228,卖盘
2193,09:50:11,11.21,--,110,123444,卖盘
2194,09:50:05,11.21,--,37,41477,买盘
2195,09:50:01,11.21,--,8,8968,买盘
2196,09:49:56,11.21,0.01,30,33630,买盘
2197,09:49:50,11.2,--,0,0,卖盘
2198,09:49:46,11.2,--,2,2240,卖盘
2199,09:49:41,11.2,--,6,6720,卖盘
2200,09:49:35,11.2,--,55,61599,卖盘
2201,09:49:31,11.2,--,96,107878,卖盘
2202,09:49:26,11.2,--,10,11200,卖盘
2203,09:49:20,11.2,--,10,11200,卖盘
2204,09:49:16,11.2,--,42,47040,买盘
2205,09:49:11,11.2,0.01,30,33745,买盘
2206,09:49:05,11.19,-0.01,76,85044,卖盘
2207,09:49:01,11.2,--,23,25760,买盘
2208,09:48:56,11.2,--,185,207200,买盘
2209,09:48:50,11.2,--,24,26880,买盘
2210,09:48:46,11.2,0.01,62,69440,买盘
2211,09:48:41,11.19,-0.01,129,144351,卖盘
2212,09:48:35,11.2,--,20,22400,买盘
2213,09:48:31,11.2,--,22,24651,买盘
2214,09:48:26,11.2,--,13,14559,买盘
2215,09:48:20,11.2,0.01,50,56000,买盘
2216,09:48:16,11.19,-0.01,58,64902,卖盘
2217,09:48:11,11.2,0.01,25,28145,买盘
2218,09:48:05,11.19,-0.01,139,155541,卖盘
2219,09:48:01,11.2,--,92,103040,买盘
2220,09:47:50,11.2,0.01,39,44038,买盘
2221,09:47:46,11.19,-0.01,158,177562,卖盘
2222,09:47:41,11.2,-0.02,37,41440,卖盘
2223,09:47:35,11.22,0.03,15,16830,卖盘
2224,09:47:31,11.19,-0.01,94,105544,卖盘
2225,09:47:26,11.2,-0.02,27,30239,卖盘
2226,09:47:20,11.22,0.02,76,85272,买盘
2227,09:47:16,11.2,--,61,68320,卖盘
2228,09:47:11,11.2,--,7,7996,卖盘
2229,09:47:05,11.2,0.02,89,99680,买盘
2230,09:47:01,11.18,-0.02,28,31304,卖盘
2231,09:46:56,11.2,0.03,2,2240,买盘
2232,09:46:50,11.17,--,416,464672,卖盘
2233,09:46:46,11.17,--,77,86009,卖盘
2234,09:46:35,11.17,--,33,37017,卖盘
2235,09:46:31,11.17,-0.01,44,49148,卖盘
2236,09:46:26,11.18,0.02,33,36894,买盘
2237,09:46:20,11.16,-0.01,149,166284,卖盘
2238,09:46:16,11.17,--,150,167550,买盘
2239,09:46:11,11.17,-0.01,59,65903,中性盘
2240,09:46:05,11.18,0.01,2850,3186389,买盘
2241,09:46:01,11.17,-0.01,133,148561,卖盘
2242,09:45:56,11.18,--,31,34658,买盘
2243,09:45:50,11.18,--,189,211302,买盘
2244,09:45:46,11.18,--,170,190060,买盘
2245,09:45:41,11.18,--,48,53664,买盘
2246,09:45:35,11.18,--,319,356642,买盘
2247,09:45:31,11.18,-0.01,867,969920,卖盘
2248,09:45:26,11.19,0.01,134,149946,买盘
2249,09:45:20,11.18,-0.01,132,147576,卖盘
2250,09:45:16,11.19,--,101,113019,买盘
2251,09:45:11,11.19,--,53,59452,买盘
2252,09:45:05,11.19,0.01,86,96234,买盘
2253,09:45:01,11.18,-0.01,66,73788,卖盘
2254,09:44:56,11.19,--,6,6714,买盘
2255,09:44:50,11.19,--,215,240585,卖盘
2256,09:44:45,11.19,-0.01,304,340176,卖盘
2257,09:44:41,11.2,--,139,155680,买盘
2258,09:44:35,11.2,--,137,153440,买盘
2259,09:44:29,11.2,--,156,174720,买盘
2260,09:44:26,11.2,-0.02,873,978308,卖盘
2261,09:44:20,11.22,0.01,51,57222,中性盘
2262,09:44:14,11.21,-0.02,68,76228,卖盘
2263,09:44:10,11.23,0.02,1,1123,买盘
2264,09:44:05,11.21,--,27,30401,卖盘
2265,09:43:59,11.21,-0.02,14,15694,卖盘
2266,09:43:55,11.23,--,35,39305,买盘
2267,09:43:50,11.23,0.03,99,111177,中性盘
2268,09:43:44,11.2,-0.04,1536,1720320,卖盘
2269,09:43:40,11.24,--,13,14612,买盘
2270,09:43:35,11.24,-0.03,301,338796,卖盘
2271,09:43:29,11.27,0.01,114,128838,买盘
2272,09:43:25,11.26,--,81,91206,卖盘
2273,09:43:20,11.26,-0.02,9,10134,卖盘
2274,09:43:14,11.28,0.02,68,76704,买盘
2275,09:43:10,11.26,0.01,8,9098,买盘
2276,09:43:05,11.25,--,40,45000,卖盘
2277,09:42:59,11.25,-0.01,108,121500,卖盘
2278,09:42:55,11.26,0.01,70,79022,买盘
2279,09:42:44,11.25,0.01,52,58500,买盘
2280,09:42:40,11.24,-0.01,184,206816,卖盘
2281,09:42:29,11.25,0.01,69,77625,买盘
2282,09:42:25,11.24,0.01,14,15736,卖盘
2283,09:42:20,11.23,-0.01,15,16845,卖盘
2284,09:42:14,11.24,0.04,44,49456,买盘
2285,09:42:10,11.2,-0.04,1678,1879471,卖盘
2286,09:42:04,11.24,0.01,27,30348,买盘
2287,09:41:59,11.23,-0.01,33,37059,卖盘
2288,09:41:55,11.24,0.01,151,169724,买盘
2289,09:41:50,11.23,--,78,87594,卖盘
2290,09:41:44,11.23,-0.01,22,24706,中性盘
2291,09:41:40,11.24,0.03,105,118020,买盘
2292,09:41:35,11.21,--,0,0,卖盘
2293,09:41:29,11.21,-0.01,423,474183,卖盘
2294,09:41:25,11.22,0.01,137,154039,买盘
2295,09:41:19,11.21,-0.01,35,39235,卖盘
2296,09:41:14,11.22,-0.01,135,152468,卖盘
2297,09:41:10,11.23,0.01,240,269643,买盘
2298,09:41:04,11.22,-0.01,308,345576,卖盘
2299,09:40:59,11.23,0.01,59,66257,买盘
2300,09:40:55,11.22,-0.01,124,139128,卖盘
2301,09:40:49,11.23,0.01,222,249306,买盘
2302,09:40:44,11.22,--,60,67320,买盘
2303,09:40:40,11.22,--,101,113479,卖盘
2304,09:40:29,11.22,--,177,198594,卖盘
2305,09:40:25,11.22,-0.01,576,646272,卖盘
2306,09:40:14,11.23,-0.01,532,597436,卖盘
2307,09:40:10,11.24,--,67,75420,卖盘
2308,09:40:04,11.24,-0.01,30,33720,卖盘
2309,09:39:59,11.25,-0.01,18,20250,中性盘
2310,09:39:55,11.26,0.01,11,12386,买盘
2311,09:39:49,11.25,--,50,56250,卖盘
2312,09:39:44,11.25,--,7,7875,卖盘
2313,09:39:40,11.25,-0.01,60,67500,卖盘
2314,09:39:34,11.26,0.01,32,36032,买盘
2315,09:39:29,11.25,0.01,59,66375,买盘
2316,09:39:25,11.24,-0.02,95,106937,卖盘
2317,09:39:19,11.26,0.01,25,28150,买盘
2318,09:39:14,11.25,--,67,75375,卖盘
2319,09:39:10,11.25,--,12,13612,卖盘
2320,09:38:59,11.25,--,238,268211,买盘
2321,09:38:55,11.25,--,60,67500,买盘
2322,09:38:49,11.25,--,12,13500,买盘
2323,09:38:44,11.25,0.02,91,102375,买盘
2324,09:38:39,11.23,--,13,14599,卖盘
2325,09:38:34,11.23,--,10,11230,卖盘
2326,09:38:29,11.23,--,428,480644,买盘
2327,09:38:25,11.23,--,22,24706,买盘
2328,09:38:19,11.23,0.01,21,23583,买盘
2329,09:38:14,11.22,-0.01,53,59466,卖盘
2330,09:38:10,11.23,0.01,88,98947,买盘
2331,09:38:04,11.22,--,44,49368,买盘
2332,09:37:59,11.22,--,178,199716,买盘
2333,09:37:55,11.22,-0.01,137,153714,卖盘
2334,09:37:49,11.23,0.01,18,20214,买盘
2335,09:37:44,11.22,--,58,65076,卖盘
2336,09:37:39,11.22,-0.01,620,695640,卖盘
2337,09:37:34,11.23,--,40,44920,买盘
2338,09:37:29,11.23,--,33,37059,买盘
2339,09:37:23,11.23,-0.02,693,778239,卖盘
2340,09:37:19,11.25,--,80,90000,买盘
2341,09:37:14,11.25,--,128,144000,买盘
2342,09:37:08,11.25,--,257,289125,卖盘
2343,09:37:04,11.25,--,3,3375,卖盘
2344,09:36:59,11.25,-0.01,128,144000,卖盘
2345,09:36:53,11.26,--,38,42788,买盘
2346,09:36:49,11.26,--,25,28150,买盘
2347,09:36:44,11.26,--,35,39410,买盘
2348,09:36:38,11.26,-0.01,344,387344,卖盘
2349,09:36:34,11.27,--,69,77763,买盘
2350,09:36:28,11.27,--,172,193844,卖盘
2351,09:36:23,11.27,-0.01,67,75509,卖盘
2352,09:36:19,11.28,--,151,170328,买盘
2353,09:36:13,11.28,--,8,9024,买盘
2354,09:36:08,11.28,--,11,12408,买盘
2355,09:36:04,11.28,-0.01,343,387907,卖盘
2356,09:35:58,11.29,0.01,18,20322,买盘
2357,09:35:53,11.28,-0.01,161,181608,卖盘
2358,09:35:49,11.29,--,46,51933,买盘
2359,09:35:43,11.29,--,44,49675,买盘
2360,09:35:38,11.29,-0.01,577,652482,卖盘
2361,09:35:34,11.3,--,310,350300,买盘
2362,09:35:28,11.3,--,31,35030,买盘
2363,09:35:23,11.3,--,94,106220,买盘
2364,09:35:19,11.3,--,187,211310,买盘
2365,09:35:13,11.3,--,146,164980,买盘
2366,09:35:08,11.3,--,256,289280,卖盘
2367,09:35:04,11.3,-0.01,19,21470,卖盘
2368,09:34:58,11.31,--,12,13572,买盘
2369,09:34:53,11.31,-0.01,30,33930,中性盘
2370,09:34:49,11.32,0.02,2,2264,卖盘
2371,09:34:43,11.3,--,0,0,卖盘
2372,09:34:38,11.3,0.01,33,37290,卖盘
2373,09:34:28,11.29,-0.03,51,57578,卖盘
2374,09:34:23,11.32,0.02,354,400728,买盘
2375,09:34:19,11.3,--,179,202270,卖盘
2376,09:34:13,11.3,0.01,29,32770,买盘
2377,09:34:08,11.29,0.01,111,125398,买盘
2378,09:34:04,11.28,-0.01,101,113928,卖盘
2379,09:33:58,11.29,0.01,7,7902,卖盘
2380,09:33:53,11.28,--,100,112924,买盘
2381,09:33:49,11.28,-0.01,231,261571,卖盘
2382,09:33:43,11.29,--,0,0,中性盘
2383,09:33:38,11.29,--,10,11290,买盘
2384,09:33:34,11.29,0.01,59,66735,买盘
2385,09:33:28,11.28,--,11,12408,买盘
2386,09:33:23,11.28,-0.01,265,299923,卖盘
2387,09:33:19,11.29,--,234,264310,买盘
2388,09:33:13,11.29,--,14,15805,买盘
2389,09:33:08,11.29,--,276,311604,卖盘
2390,09:33:04,11.29,--,70,79030,卖盘
2391,09:32:58,11.29,-0.01,62,69998,卖盘
2392,09:32:53,11.3,--,102,115260,买盘
2393,09:32:49,11.3,--,110,124300,买盘
2394,09:32:38,11.3,--,64,72320,买盘
2395,09:32:34,11.3,-0.01,512,578560,卖盘
2396,09:32:23,11.31,--,19,21489,买盘
2397,09:32:19,11.31,-0.01,454,513474,卖盘
2398,09:32:13,11.32,0.01,70,79240,卖盘
2399,09:32:08,11.31,-0.01,185,209235,卖盘
2400,09:32:04,11.32,--,42,47544,买盘
2401,09:31:53,11.32,-0.01,38,43016,中性盘
2402,09:31:48,11.33,0.02,257,291181,买盘
2403,09:31:43,11.31,--,1,1131,卖盘
2404,09:31:38,11.31,--,73,82563,买盘
2405,09:31:33,11.31,-0.02,38,42978,卖盘
2406,09:31:28,11.33,0.02,10,11330,买盘
2407,09:31:23,11.31,-0.02,42,47502,卖盘
2408,09:31:18,11.33,0.03,13,14729,卖盘
2409,09:31:13,11.3,--,23,25990,买盘
2410,09:31:08,11.3,-0.06,333,376290,卖盘
2411,09:31:03,11.36,0.03,169,191984,买盘
2412,09:30:53,11.33,-0.03,3,3399,中性盘
2413,09:30:48,11.36,0.06,18,20448,买盘
2414,09:30:43,11.3,--,93,105090,卖盘
2415,09:30:38,11.3,--,285,322050,买盘
2416,09:30:33,11.3,0.02,133,150290,买盘
2417,09:30:28,11.28,-0.02,100,112800,卖盘
2418,09:30:18,11.3,--,69,77970,买盘
2419,09:30:13,11.3,--,86,97180,买盘
2420,09:30:07,11.3,--,586,662180,买盘
2421,09:30:02,11.3,-0.07,1089,1230570,卖盘
2422,09:28:44,11.37,--,0,0,买盘
2423,09:25:02,11.37,11.37,466,529842,买盘
