,time,price,change,volume,amount,type
0,15:00:00,3.16,--,0,0,卖盘
1,15:00:00,3.16,--,0,0,卖盘
2,14:59:58,3.16,-0.01,254,80264,卖盘
3,14:59:53,3.17,0.01,22,6974,买盘
4,14:59:43,3.16,--,6,1896,卖盘
5,14:59:38,3.16,--,543,171588,卖盘
6,14:59:28,3.16,--,55,17380,卖盘
7,14:59:23,3.16,--,93,29388,卖盘
8,14:59:17,3.16,--,61,19276,买盘
9,14:59:13,3.16,--,851,268916,买盘
10,14:59:08,3.16,--,1138,359608,买盘
11,14:59:02,3.16,0.01,76,24016,买盘
12,14:58:58,3.15,--,204,64260,卖盘
13,14:58:53,3.15,-0.01,389,122535,卖盘
14,14:58:47,3.16,0.01,268,84688,买盘
15,14:58:43,3.15,--,4355,1371825,卖盘
16,14:58:38,3.15,-0.01,3002,945630,卖盘
17,14:58:32,3.16,--,126,39816,买盘
18,14:58:28,3.16,--,563,177908,买盘
19,14:58:23,3.16,0.01,257,81212,买盘
20,14:58:17,3.15,--,282,88830,卖盘
21,14:58:13,3.15,--,611,192465,卖盘
22,14:58:08,3.15,-0.01,424,133560,卖盘
23,14:58:02,3.16,--,107,33812,买盘
24,14:57:58,3.16,--,96,30336,买盘
25,14:57:53,3.16,0.01,320,101120,买盘
26,14:57:47,3.15,--,771,242865,卖盘
27,14:57:43,3.15,-0.01,926,291690,卖盘
28,14:57:38,3.16,--,71,22436,买盘
29,14:57:32,3.16,--,73,23068,买盘
30,14:57:28,3.16,--,193,60988,买盘
31,14:57:23,3.16,--,1683,531828,买盘
32,14:57:17,3.16,0.01,1,316,买盘
33,14:57:13,3.15,-0.01,840,264600,卖盘
34,14:57:08,3.16,--,86,27176,买盘
35,14:57:02,3.16,--,10,3160,买盘
36,14:56:58,3.16,--,205,64780,买盘
37,14:56:53,3.16,--,130,41080,买盘
38,14:56:47,3.16,--,152,48032,买盘
39,14:56:43,3.16,--,27,8532,买盘
40,14:56:38,3.16,--,521,164636,买盘
41,14:56:32,3.16,0.01,87,27492,买盘
42,14:56:28,3.15,--,32,10080,卖盘
43,14:56:23,3.15,-0.01,531,167265,卖盘
44,14:56:17,3.16,--,140,44240,买盘
45,14:56:13,3.16,--,597,188652,买盘
46,14:56:08,3.16,0.01,188,59408,买盘
47,14:56:02,3.15,--,8,2520,卖盘
48,14:55:58,3.15,-0.01,551,173565,卖盘
49,14:55:53,3.16,--,226,71416,买盘
50,14:55:47,3.16,--,181,57196,买盘
51,14:55:43,3.16,--,69,21804,买盘
52,14:55:38,3.16,0.01,486,153576,买盘
53,14:55:32,3.15,-0.01,1172,369180,卖盘
54,14:55:28,3.16,--,216,68256,买盘
55,14:55:23,3.16,--,468,147888,买盘
56,14:55:17,3.16,--,13,4108,买盘
57,14:55:13,3.16,--,43,13588,买盘
58,14:55:08,3.16,--,2209,698044,买盘
59,14:55:02,3.16,--,11,3476,买盘
60,14:54:57,3.16,0.01,147,46452,买盘
61,14:54:53,3.15,-0.01,166,52290,卖盘
62,14:54:47,3.16,0.01,4,1264,买盘
63,14:54:43,3.15,-0.01,339,106785,卖盘
64,14:54:37,3.16,0.01,350,110600,买盘
65,14:54:32,3.15,-0.01,22,6930,卖盘
66,14:54:27,3.16,0.01,34,10744,买盘
67,14:54:22,3.15,-0.01,130,40950,卖盘
68,14:54:17,3.16,--,180,56880,买盘
69,14:54:11,3.16,--,23,7268,买盘
70,14:54:07,3.16,--,206,65096,买盘
71,14:54:02,3.16,--,348,109968,买盘
72,14:53:56,3.16,0.01,30,9480,买盘
73,14:53:52,3.15,-0.01,775,244125,卖盘
74,14:53:47,3.16,0.01,54,17064,买盘
75,14:53:41,3.15,-0.01,398,125370,卖盘
76,14:53:37,3.16,0.01,514,162683,买盘
77,14:53:32,3.15,-0.01,383,120645,卖盘
78,14:53:26,3.16,--,2260,714216,卖盘
79,14:53:22,3.16,-0.01,561,177276,卖盘
80,14:53:17,3.17,--,237,75129,买盘
81,14:53:11,3.17,0.01,26,8242,买盘
82,14:53:07,3.16,--,497,157052,卖盘
83,14:53:02,3.16,--,139,43924,卖盘
84,14:52:56,3.16,-0.01,1030,325480,卖盘
85,14:52:52,3.17,0.01,51,16167,买盘
86,14:52:47,3.16,--,474,149784,卖盘
87,14:52:37,3.16,-0.01,676,213616,卖盘
88,14:52:32,3.17,--,94,29798,买盘
89,14:52:26,3.17,0.01,49,15533,买盘
90,14:52:22,3.16,--,130,41080,卖盘
91,14:52:11,3.16,--,91,28756,卖盘
92,14:52:07,3.16,--,372,117552,卖盘
93,14:52:02,3.16,--,205,64780,卖盘
94,14:51:56,3.16,--,1,316,卖盘
95,14:51:52,3.16,--,131,41396,卖盘
96,14:51:47,3.16,--,156,49296,卖盘
97,14:51:41,3.16,--,72,22752,卖盘
98,14:51:37,3.16,-0.01,346,109336,卖盘
99,14:51:32,3.17,0.01,22,6974,买盘
100,14:51:26,3.16,--,35,11060,卖盘
101,14:51:22,3.16,-0.01,1154,364664,卖盘
102,14:51:17,3.17,0.01,3111,986446,买盘
103,14:51:11,3.16,--,10,3160,买盘
104,14:51:07,3.16,--,2591,818812,卖盘
105,14:51:02,3.16,--,284,89744,卖盘
106,14:50:56,3.16,--,124,39184,卖盘
107,14:50:52,3.16,--,5663,1789508,卖盘
108,14:50:47,3.16,-0.01,4250,1343000,卖盘
109,14:50:41,3.17,0.01,189,59913,买盘
110,14:50:37,3.16,--,1967,621572,卖盘
111,14:50:32,3.16,--,6794,2146904,卖盘
112,14:50:26,3.16,--,35,11060,卖盘
113,14:50:22,3.16,--,514,162424,卖盘
114,14:50:17,3.16,--,228,72048,卖盘
115,14:50:11,3.16,--,200,63200,卖盘
116,14:50:07,3.16,--,870,274920,卖盘
117,14:50:02,3.16,--,652,206032,卖盘
118,14:49:56,3.16,--,628,198448,卖盘
119,14:49:52,3.16,--,327,103332,卖盘
120,14:49:47,3.16,--,10416,3291456,卖盘
121,14:49:41,3.16,-0.01,38,12008,卖盘
122,14:49:37,3.17,0.01,179,56743,买盘
123,14:49:32,3.16,--,143,45188,卖盘
124,14:49:26,3.16,--,9,2844,卖盘
125,14:49:22,3.16,--,28,8848,卖盘
126,14:49:17,3.16,--,71,22436,卖盘
127,14:49:11,3.16,--,97,30652,卖盘
128,14:49:07,3.16,-0.01,321,101436,卖盘
129,14:49:01,3.17,--,2579,817543,买盘
130,14:48:56,3.17,0.01,2282,723394,买盘
131,14:48:52,3.16,--,335,105860,卖盘
132,14:48:47,3.16,-0.01,126,39816,卖盘
133,14:48:41,3.17,0.01,57,18069,买盘
134,14:48:36,3.16,--,22,6952,卖盘
135,14:48:32,3.16,--,7044,2225904,卖盘
136,14:48:26,3.16,--,664,209824,卖盘
137,14:48:21,3.16,--,125,39500,卖盘
138,14:48:16,3.16,-0.01,259,81844,卖盘
139,14:48:11,3.17,0.01,11,3487,买盘
140,14:48:07,3.16,--,368,116288,卖盘
141,14:48:01,3.16,--,457,144412,卖盘
142,14:47:56,3.16,-0.01,199,62884,卖盘
143,14:47:52,3.17,0.01,1033,327461,买盘
144,14:47:46,3.16,--,339,107184,卖盘
145,14:47:41,3.16,--,67,21172,卖盘
146,14:47:37,3.16,--,179,56564,卖盘
147,14:47:26,3.16,--,16,5056,卖盘
148,14:47:21,3.16,-0.01,167,52772,卖盘
149,14:47:16,3.17,0.01,17,5389,买盘
150,14:47:05,3.16,--,8,2528,卖盘
151,14:47:01,3.16,--,87,27492,卖盘
152,14:46:56,3.16,-0.01,102,32232,卖盘
153,14:46:50,3.17,0.01,1,317,买盘
154,14:46:46,3.16,--,46,14536,卖盘
155,14:46:40,3.16,--,110,34760,卖盘
156,14:46:35,3.16,-0.01,168,53088,卖盘
157,14:46:31,3.17,--,21,6657,买盘
158,14:46:25,3.17,0.01,315,99855,买盘
159,14:46:20,3.16,--,24,7584,卖盘
160,14:46:16,3.16,--,3,948,卖盘
161,14:46:10,3.16,--,51,16116,卖盘
162,14:46:05,3.16,--,8,2528,卖盘
163,14:46:01,3.16,--,900,284400,卖盘
164,14:45:55,3.16,--,13,4108,卖盘
165,14:45:50,3.16,-0.01,53,16748,卖盘
166,14:45:46,3.17,--,208,65936,买盘
167,14:45:40,3.17,0.01,37,11729,买盘
168,14:45:35,3.16,-0.01,59,18644,卖盘
169,14:45:31,3.17,0.01,45,14265,买盘
170,14:45:25,3.16,--,4650,1469400,卖盘
171,14:45:20,3.16,--,19,6004,卖盘
172,14:45:16,3.16,--,102,32232,卖盘
173,14:45:10,3.16,--,45,14220,卖盘
174,14:45:05,3.16,-0.01,1088,343808,卖盘
175,14:45:01,3.17,0.01,54,17118,买盘
176,14:44:55,3.16,--,211,66676,卖盘
177,14:44:50,3.16,--,51,16116,卖盘
178,14:44:46,3.16,--,960,303360,卖盘
179,14:44:40,3.16,--,23,7268,卖盘
180,14:44:35,3.16,--,3,948,卖盘
181,14:44:31,3.16,-0.01,463,146308,卖盘
182,14:44:25,3.17,--,59,18703,买盘
183,14:44:20,3.17,0.01,319,101123,买盘
184,14:44:16,3.16,--,323,102128,卖盘
185,14:44:10,3.16,--,294,92964,卖盘
186,14:44:05,3.16,--,144,45564,卖盘
187,14:44:01,3.16,--,47,14852,卖盘
188,14:43:55,3.16,--,67,21172,卖盘
189,14:43:50,3.16,--,198,62568,卖盘
190,14:43:46,3.16,-0.01,432,136512,卖盘
191,14:43:40,3.17,--,5,1585,买盘
192,14:43:35,3.17,0.01,29,9193,买盘
193,14:43:31,3.16,--,1113,351708,卖盘
194,14:43:25,3.16,--,264,83424,卖盘
195,14:43:20,3.16,--,10,3160,卖盘
196,14:43:16,3.16,--,12,3792,卖盘
197,14:43:05,3.16,-0.01,308,97328,卖盘
198,14:43:01,3.17,0.01,18,5706,买盘
199,14:42:50,3.16,--,786,248679,卖盘
200,14:42:46,3.16,--,61,19276,卖盘
201,14:42:40,3.16,-0.01,361,114076,卖盘
202,14:42:35,3.17,0.01,102,32334,买盘
203,14:42:31,3.16,-0.01,134,42344,卖盘
204,14:42:25,3.17,0.01,24,7608,买盘
205,14:42:16,3.16,--,30,9480,卖盘
206,14:42:10,3.16,--,245,77420,卖盘
207,14:42:05,3.16,-0.01,70,22120,卖盘
208,14:42:01,3.17,0.01,3,951,买盘
209,14:41:55,3.16,--,267,84372,卖盘
210,14:41:45,3.16,--,305,96380,卖盘
211,14:41:40,3.16,-0.01,10,3160,卖盘
212,14:41:35,3.17,0.01,103,32651,买盘
213,14:41:30,3.16,--,2250,711000,卖盘
214,14:41:25,3.16,--,1986,627841,卖盘
215,14:41:20,3.16,--,99,31284,卖盘
216,14:41:16,3.16,--,193,60988,卖盘
217,14:41:10,3.16,--,2346,741336,卖盘
218,14:41:05,3.16,--,28,8848,卖盘
219,14:41:00,3.16,-0.01,11240,3551840,卖盘
220,14:40:55,3.17,0.01,1824,578509,买盘
221,14:40:50,3.16,--,5241,1656156,卖盘
222,14:40:45,3.16,--,277,87532,卖盘
223,14:40:40,3.16,-0.01,25097,7930652,卖盘
224,14:40:35,3.17,0.01,3,951,买盘
225,14:40:30,3.16,--,1077,340332,卖盘
226,14:40:25,3.16,--,10165,3212140,卖盘
227,14:40:20,3.16,--,2,632,卖盘
228,14:40:15,3.16,--,918,290132,卖盘
229,14:40:10,3.16,--,34,10744,卖盘
230,14:40:04,3.16,--,1210,382360,卖盘
231,14:39:59,3.16,--,2526,798216,卖盘
232,14:39:55,3.16,--,2258,713588,卖盘
233,14:39:49,3.16,--,1700,537200,卖盘
234,14:39:45,3.16,--,312,98592,卖盘
235,14:39:40,3.16,-0.01,49,15484,卖盘
236,14:39:34,3.17,0.01,127,40259,买盘
237,14:39:29,3.16,-0.01,7000,2212000,卖盘
238,14:39:25,3.17,0.01,52,16484,买盘
239,14:39:19,3.16,--,505,159580,卖盘
240,14:39:15,3.16,--,1524,481884,卖盘
241,14:39:10,3.16,--,111,35076,卖盘
242,14:39:04,3.16,-0.01,491,155156,卖盘
243,14:38:59,3.17,0.01,11,3487,买盘
244,14:38:55,3.16,-0.01,75,23700,卖盘
245,14:38:49,3.17,0.01,28,8876,买盘
246,14:38:44,3.16,-0.01,1405,443980,卖盘
247,14:38:40,3.17,0.01,61,19337,买盘
248,14:38:34,3.16,--,7455,2355780,卖盘
249,14:38:29,3.16,--,30,9480,卖盘
250,14:38:25,3.16,--,140,44240,卖盘
251,14:38:19,3.16,--,200,63200,卖盘
252,14:38:14,3.16,--,4,1264,卖盘
253,14:38:10,3.16,--,957,302412,卖盘
254,14:38:04,3.16,--,128,40448,卖盘
255,14:37:59,3.16,-0.01,100,31600,卖盘
256,14:37:55,3.17,0.01,5,1585,买盘
257,14:37:49,3.16,-0.01,38,12008,卖盘
258,14:37:40,3.17,0.01,659,208903,买盘
259,14:37:34,3.16,--,1054,333064,卖盘
260,14:37:29,3.16,--,1040,328640,卖盘
261,14:37:25,3.16,--,329,103964,卖盘
262,14:37:19,3.16,-0.01,63,19908,卖盘
263,14:37:14,3.17,0.01,150,47550,买盘
264,14:37:10,3.16,-0.01,762,241092,卖盘
265,14:37:04,3.17,0.01,12,3804,买盘
266,14:36:59,3.16,--,324,102444,卖盘
267,14:36:55,3.16,--,324,102444,卖盘
268,14:36:49,3.16,--,416,131456,卖盘
269,14:36:44,3.16,-0.01,80,25280,卖盘
270,14:36:40,3.17,--,169,53573,买盘
271,14:36:34,3.17,0.01,105,33285,买盘
272,14:36:29,3.16,--,530,167480,卖盘
273,14:36:25,3.16,-0.01,137,43292,卖盘
274,14:36:19,3.17,--,30,9510,买盘
275,14:36:14,3.17,0.01,5,1585,买盘
276,14:36:10,3.16,-0.01,321,101436,卖盘
277,14:36:04,3.17,0.01,228,72276,买盘
278,14:35:55,3.16,--,303,95748,卖盘
279,14:35:49,3.16,-0.01,406,128296,卖盘
280,14:35:44,3.17,0.01,1513,479621,买盘
281,14:35:40,3.16,--,1546,488536,卖盘
282,14:35:34,3.16,--,1910,603560,卖盘
283,14:35:29,3.16,-0.01,3,948,卖盘
284,14:35:25,3.17,0.01,42,13314,买盘
285,14:35:14,3.16,-0.01,1,316,卖盘
286,14:35:10,3.17,0.01,15,4755,买盘
287,14:35:04,3.16,-0.01,61,19276,卖盘
288,14:34:54,3.17,--,351,111267,买盘
289,14:34:49,3.17,0.01,10,3170,买盘
290,14:34:44,3.16,--,5,1580,卖盘
291,14:34:39,3.16,-0.01,100,31600,卖盘
292,14:34:34,3.17,0.01,61,19337,买盘
293,14:34:24,3.16,--,207,65412,卖盘
294,14:34:19,3.16,-0.01,718,227200,卖盘
295,14:34:14,3.17,0.01,12,3804,买盘
296,14:34:09,3.16,--,3,948,卖盘
297,14:34:04,3.16,-0.01,136,42976,卖盘
298,14:33:49,3.17,--,507,160719,买盘
299,14:33:44,3.17,--,75,23775,买盘
300,14:33:39,3.17,0.01,1918,608006,买盘
301,14:33:34,3.16,--,54,17064,卖盘
302,14:33:28,3.16,--,110,34760,卖盘
303,14:33:24,3.16,--,6,1896,卖盘
304,14:33:19,3.16,-0.01,520,164320,卖盘
305,14:33:14,3.17,0.01,5,1585,买盘
306,14:33:09,3.16,--,2,632,卖盘
307,14:33:04,3.16,-0.01,8,2528,卖盘
308,14:32:54,3.17,--,14,4438,买盘
309,14:32:49,3.17,0.01,510,161670,买盘
310,14:32:39,3.16,--,2,632,卖盘
311,14:32:34,3.16,--,4,1264,卖盘
312,14:32:28,3.16,--,4,1264,卖盘
313,14:32:24,3.16,--,293,92588,卖盘
314,14:32:19,3.16,-0.01,500,158000,卖盘
315,14:32:08,3.17,0.01,57,18069,买盘
316,14:32:04,3.16,-0.01,253,79948,卖盘
317,14:31:58,3.17,--,3,951,买盘
318,14:31:53,3.17,0.01,70,22190,买盘
319,14:31:49,3.16,--,509,160844,卖盘
320,14:31:43,3.16,--,14,4424,卖盘
321,14:31:39,3.16,-0.01,16,5056,卖盘
322,14:31:34,3.17,0.01,2,634,买盘
323,14:31:28,3.16,--,7,2212,卖盘
324,14:31:23,3.16,--,60,18960,卖盘
325,14:31:19,3.16,--,517,163372,卖盘
326,14:31:13,3.16,-0.01,135,42660,卖盘
327,14:31:08,3.17,0.01,4,1268,买盘
328,14:31:04,3.16,-0.01,10,3160,卖盘
329,14:30:58,3.17,0.01,3,951,买盘
330,14:30:53,3.16,--,70,22120,卖盘
331,14:30:49,3.16,--,506,159896,卖盘
332,14:30:43,3.16,--,100,31600,卖盘
333,14:30:38,3.16,-0.01,5,1580,卖盘
334,14:30:34,3.17,--,56,17752,买盘
335,14:30:28,3.17,0.01,18,5706,买盘
336,14:30:19,3.16,--,502,158632,卖盘
337,14:30:13,3.16,--,150,47400,卖盘
338,14:30:04,3.16,-0.01,177,55932,卖盘
339,14:29:58,3.17,0.01,963,305271,买盘
340,14:29:53,3.16,--,1,316,卖盘
341,14:29:49,3.16,--,500,158000,卖盘
342,14:29:43,3.16,-0.01,2,632,卖盘
343,14:29:34,3.17,0.01,106,33602,买盘
344,14:29:28,3.16,-0.01,61,19276,卖盘
345,14:29:19,3.17,--,511,161987,买盘
346,14:29:13,3.17,0.01,3,951,买盘
347,14:29:08,3.16,-0.01,114,36024,卖盘
348,14:29:04,3.17,--,55,17435,买盘
349,14:28:58,3.17,0.01,12,3804,买盘
350,14:28:53,3.16,--,1,316,卖盘
351,14:28:49,3.16,--,500,158000,卖盘
352,14:28:43,3.16,--,258,81528,卖盘
353,14:28:34,3.16,--,128,40448,卖盘
354,14:28:28,3.16,-0.01,105,33180,卖盘
355,14:28:23,3.17,--,80,25360,买盘
356,14:28:18,3.17,--,505,160085,买盘
357,14:28:13,3.17,--,17,5389,买盘
358,14:28:03,3.17,--,3,951,买盘
359,14:27:58,3.17,0.01,12,3804,买盘
360,14:27:53,3.16,--,260,82160,卖盘
361,14:27:49,3.16,-0.01,740,233840,卖盘
362,14:27:43,3.17,0.01,13,4121,买盘
363,14:27:38,3.16,--,1,316,卖盘
364,14:27:33,3.16,--,88,27808,卖盘
365,14:27:28,3.16,--,2,632,卖盘
366,14:27:23,3.16,--,442,139672,卖盘
367,14:27:18,3.16,--,713,225308,卖盘
368,14:27:13,3.16,--,986,311576,卖盘
369,14:27:08,3.16,-0.01,1,316,卖盘
370,14:27:03,3.17,0.01,145,45965,买盘
371,14:26:58,3.16,-0.01,301,95116,卖盘
372,14:26:52,3.17,--,208,65936,买盘
373,14:26:48,3.17,0.01,521,165157,买盘
374,14:26:43,3.16,--,1,316,卖盘
375,14:26:38,3.16,-0.01,4,1264,卖盘
376,14:26:33,3.17,0.01,84,26628,买盘
377,14:26:28,3.16,--,2,632,卖盘
378,14:26:18,3.16,-0.01,198,62568,卖盘
379,14:26:13,3.17,0.01,216,68472,买盘
380,14:26:07,3.16,-0.01,300,94800,卖盘
381,14:26:03,3.17,0.01,109,34553,买盘
382,14:25:58,3.16,--,2,632,卖盘
383,14:25:48,3.16,--,1002,316632,卖盘
384,14:25:43,3.16,-0.01,232,73312,卖盘
385,14:25:37,3.17,--,24,7608,买盘
386,14:25:33,3.17,--,4,1268,买盘
387,14:25:28,3.17,--,2,634,买盘
388,14:25:18,3.17,--,8,2536,买盘
389,14:25:13,3.17,--,4,1268,买盘
390,14:25:07,3.17,--,1,317,买盘
391,14:25:03,3.17,0.01,104,32968,买盘
392,14:24:58,3.16,-0.01,155,48980,卖盘
393,14:24:43,3.17,--,88,27896,买盘
394,14:24:33,3.17,--,1107,350919,买盘
395,14:24:18,3.17,--,45,14265,买盘
396,14:24:13,3.17,--,1,317,买盘
397,14:24:07,3.17,--,74,23458,买盘
398,14:24:02,3.17,0.01,7,2219,买盘
399,14:23:57,3.16,--,11,3476,卖盘
400,14:23:47,3.16,--,17,5372,卖盘
401,14:23:43,3.16,--,1,316,卖盘
402,14:23:37,3.16,-0.01,32,10112,卖盘
403,14:23:27,3.17,0.01,2,634,买盘
404,14:23:22,3.16,-0.01,2,632,卖盘
405,14:23:17,3.17,--,31,9827,买盘
406,14:23:12,3.17,--,4,1268,买盘
407,14:23:07,3.17,0.01,13,4121,买盘
408,14:22:57,3.16,--,19,6004,卖盘
409,14:22:52,3.16,-0.01,2,632,卖盘
410,14:22:37,3.17,--,6,1902,买盘
411,14:22:27,3.17,--,25,7925,买盘
412,14:22:22,3.17,0.01,100,31700,买盘
413,14:22:17,3.16,-0.01,38,12008,卖盘
414,14:22:12,3.17,0.01,4,1268,买盘
415,14:22:07,3.16,--,3,948,卖盘
416,14:21:57,3.16,-0.01,55,17380,卖盘
417,14:21:47,3.17,0.01,16,5072,买盘
418,14:21:42,3.16,-0.01,5,1580,卖盘
419,14:21:37,3.17,0.01,2,634,买盘
420,14:21:27,3.16,-0.01,68,21488,卖盘
421,14:21:22,3.17,--,1,317,买盘
422,14:21:17,3.17,--,36,11412,买盘
423,14:21:12,3.17,--,44,13948,买盘
424,14:21:07,3.17,0.01,8,2536,买盘
425,14:21:02,3.16,-0.01,1,316,卖盘
426,14:20:57,3.17,0.01,8,2536,买盘
427,14:20:52,3.16,--,31,9796,卖盘
428,14:20:42,3.16,-0.01,1,316,卖盘
429,14:20:37,3.17,--,22,6974,买盘
430,14:20:32,3.17,0.01,12,3804,买盘
431,14:20:27,3.16,--,13,4108,卖盘
432,14:20:22,3.16,-0.01,1,316,卖盘
433,14:20:17,3.17,--,7,2219,买盘
434,14:20:12,3.17,0.01,173,54841,买盘
435,14:20:07,3.16,--,743,234788,卖盘
436,14:19:52,3.16,-0.01,4,1264,卖盘
437,14:19:42,3.17,--,9,2853,买盘
438,14:19:37,3.17,0.01,2,634,买盘
439,14:19:31,3.16,--,3,948,卖盘
440,14:19:27,3.16,--,3,948,卖盘
441,14:19:22,3.16,-0.01,926,292616,卖盘
442,14:19:16,3.17,--,18,5706,买盘
443,14:19:12,3.17,0.01,19,6023,买盘
444,14:19:07,3.16,--,1811,572276,卖盘
445,14:19:01,3.16,-0.01,8,2528,卖盘
446,14:18:57,3.17,0.01,50,15850,买盘
447,14:18:52,3.16,-0.01,43,13588,卖盘
448,14:18:46,3.17,0.01,106,33602,买盘
449,14:18:37,3.16,-0.01,250,79000,卖盘
450,14:18:22,3.17,--,76,24092,买盘
451,14:18:16,3.17,--,9,2853,买盘
452,14:18:12,3.17,0.01,86,27262,买盘
453,14:18:07,3.16,-0.01,116,36656,卖盘
454,14:18:01,3.17,--,50,15850,买盘
455,14:17:52,3.17,0.01,48,15216,买盘
456,14:17:46,3.16,-0.01,65,20540,卖盘
457,14:17:42,3.17,0.01,61,19337,买盘
458,14:17:37,3.16,-0.01,53,16748,卖盘
459,14:17:31,3.17,0.01,2,634,买盘
460,14:17:27,3.16,-0.01,31,9796,卖盘
461,14:17:22,3.17,0.01,105,33285,买盘
462,14:17:16,3.16,-0.01,9,2844,卖盘
463,14:17:12,3.17,--,668,211756,买盘
464,14:17:07,3.17,--,13,4121,买盘
465,14:16:57,3.17,--,101,32017,买盘
466,14:16:52,3.17,--,4,1268,买盘
467,14:16:42,3.17,--,28,8876,买盘
468,14:16:37,3.17,0.01,1,317,买盘
469,14:16:31,3.16,-0.01,1,316,卖盘
470,14:16:27,3.17,0.01,31,9827,买盘
471,14:16:21,3.16,-0.01,101,31916,卖盘
472,14:16:12,3.17,--,79,25043,买盘
473,14:16:06,3.17,--,36,11412,买盘
474,14:16:01,3.17,0.01,8,2536,买盘
475,14:15:51,3.16,-0.01,79,25122,卖盘
476,14:15:46,3.17,0.01,4,1268,买盘
477,14:15:36,3.16,-0.01,48,15168,卖盘
478,14:15:31,3.17,--,15,4755,买盘
479,14:15:26,3.17,--,6,1902,买盘
480,14:15:16,3.17,0.01,8,2536,买盘
481,14:15:06,3.16,-0.01,34,10744,卖盘
482,14:15:01,3.17,0.01,10,3170,买盘
483,14:14:51,3.16,--,8,2528,卖盘
484,14:14:46,3.16,-0.01,66,20856,卖盘
485,14:14:41,3.17,--,99,31383,买盘
486,14:14:36,3.17,--,1305,413685,买盘
487,14:14:31,3.17,--,242,76714,买盘
488,14:14:26,3.17,0.01,181,57377,买盘
489,14:14:21,3.16,-0.01,5,1580,卖盘
490,14:14:16,3.17,0.01,21,6657,买盘
491,14:14:06,3.16,-0.01,22,6952,卖盘
492,14:14:01,3.17,--,1,317,买盘
493,14:13:51,3.17,--,40,12680,买盘
494,14:13:46,3.17,--,1,317,买盘
495,14:13:41,3.17,0.01,115,36455,买盘
496,14:13:36,3.16,--,6,1896,卖盘
497,14:13:31,3.16,-0.01,302,95432,卖盘
498,14:13:21,3.17,0.01,83,26311,买盘
499,14:13:16,3.16,-0.01,2729,862364,卖盘
500,14:13:10,3.17,--,218,69106,买盘
501,14:13:06,3.17,0.01,476,150892,买盘
502,14:13:01,3.16,-0.01,50,15800,卖盘
503,14:12:55,3.17,--,1,317,买盘
504,14:12:51,3.17,--,220,69740,买盘
505,14:12:46,3.17,--,198,62766,买盘
506,14:12:36,3.17,0.01,3,951,买盘
507,14:12:31,3.16,-0.01,2,632,卖盘
508,14:12:25,3.17,--,43,13631,买盘
509,14:12:16,3.17,0.01,17,5389,买盘
510,14:12:06,3.16,-0.01,78,24648,卖盘
511,14:12:01,3.17,0.01,4,1268,买盘
512,14:11:55,3.16,--,1,316,卖盘
513,14:11:51,3.16,-0.01,36,11376,卖盘
514,14:11:46,3.17,--,1,317,买盘
515,14:11:40,3.17,--,12,3804,买盘
516,14:11:36,3.17,0.01,9,2853,买盘
517,14:11:31,3.16,--,1,316,卖盘
518,14:11:21,3.16,--,65,20540,卖盘
519,14:11:16,3.16,-0.01,1117,352972,卖盘
520,14:11:06,3.17,0.01,213,67521,买盘
521,14:11:01,3.16,--,350,110600,卖盘
522,14:10:55,3.16,-0.01,198,62568,卖盘
523,14:10:51,3.17,--,100,31700,买盘
524,14:10:46,3.17,--,113,35821,买盘
525,14:10:36,3.17,0.01,14,4438,买盘
526,14:10:31,3.16,-0.01,2,632,卖盘
527,14:10:25,3.17,--,23,7291,买盘
528,14:10:16,3.17,--,13,4121,买盘
529,14:10:06,3.17,0.01,1,317,买盘
530,14:10:01,3.16,-0.01,834,263544,卖盘
531,14:09:55,3.17,--,40,12680,买盘
532,14:09:51,3.17,0.01,1568,497056,买盘
533,14:09:46,3.16,-0.01,1160,366560,卖盘
534,14:09:40,3.17,--,1,317,买盘
535,14:09:36,3.17,0.01,1474,467258,买盘
536,14:09:21,3.16,-0.01,40,12640,卖盘
537,14:09:16,3.17,--,6,1902,买盘
538,14:09:10,3.17,--,4,1268,买盘
539,14:09:05,3.17,0.01,5,1585,买盘
540,14:09:01,3.16,--,2,632,卖盘
541,14:08:50,3.16,--,1,316,卖盘
542,14:08:45,3.16,-0.01,16,5056,卖盘
543,14:08:40,3.17,--,53,16801,买盘
544,14:08:35,3.17,--,42,13314,买盘
545,14:08:30,3.17,0.01,1,317,买盘
546,14:08:25,3.16,-0.01,300,94800,卖盘
547,14:08:15,3.17,--,18,5706,买盘
548,14:08:10,3.17,--,6,1902,买盘
549,14:08:05,3.17,0.01,14,4438,买盘
550,14:08:00,3.16,--,1,316,卖盘
551,14:07:55,3.16,--,2,632,卖盘
552,14:07:50,3.16,-0.01,10,3160,卖盘
553,14:07:45,3.17,--,33,10461,买盘
554,14:07:35,3.17,0.01,2,634,买盘
555,14:07:30,3.16,--,225,71100,卖盘
556,14:07:25,3.16,--,51,16116,卖盘
557,14:07:20,3.16,-0.01,20,6320,卖盘
558,14:07:15,3.17,--,24,7608,买盘
559,14:07:10,3.17,--,43,13631,买盘
560,14:07:05,3.17,0.01,5,1585,买盘
561,14:07:00,3.16,--,29,9164,卖盘
562,14:06:55,3.16,-0.01,2,632,卖盘
563,14:06:49,3.17,--,30,9510,买盘
564,14:06:45,3.17,--,16,5072,买盘
565,14:06:40,3.17,--,72,22824,买盘
566,14:06:34,3.17,--,1,317,买盘
567,14:06:30,3.17,0.01,3,951,买盘
568,14:06:25,3.16,-0.01,173,54668,卖盘
569,14:06:19,3.17,--,127,40259,买盘
570,14:06:15,3.17,--,6,1902,买盘
571,14:06:10,3.17,0.01,176,55792,买盘
572,14:06:04,3.16,--,174,54984,卖盘
573,14:06:00,3.16,--,711,224676,卖盘
574,14:05:55,3.16,-0.01,548,173168,卖盘
575,14:05:45,3.17,0.01,17,5389,买盘
576,14:05:40,3.16,-0.01,74,23384,卖盘
577,14:05:34,3.17,--,427,135359,买盘
578,14:05:25,3.17,0.01,130,41210,买盘
579,14:05:19,3.16,--,25,7900,卖盘
580,14:05:15,3.16,-0.01,57,18012,卖盘
581,14:05:10,3.17,0.01,21,6657,买盘
582,14:05:04,3.16,--,3,948,卖盘
583,14:05:00,3.16,-0.01,1,316,卖盘
584,14:04:55,3.17,--,144,45648,买盘
585,14:04:49,3.17,0.01,43,13631,买盘
586,14:04:45,3.16,-0.01,34,10744,卖盘
587,14:04:40,3.17,--,7,2219,买盘
588,14:04:34,3.17,--,2,634,买盘
589,14:04:30,3.17,--,12,3804,买盘
590,14:04:15,3.17,--,12,3804,买盘
591,14:04:10,3.17,--,112,35504,买盘
592,14:04:04,3.17,0.01,60,19020,买盘
593,14:04:00,3.16,--,2,632,卖盘
594,14:03:55,3.16,-0.01,33,10428,卖盘
595,14:03:49,3.17,--,200,63400,买盘
596,14:03:45,3.17,--,4,1268,买盘
597,14:03:40,3.17,0.01,28,8876,买盘
598,14:03:34,3.16,--,13,4108,卖盘
599,14:03:30,3.16,-0.01,17,5372,卖盘
600,14:03:25,3.17,0.01,395,125215,买盘
601,14:03:19,3.16,-0.01,64,20224,卖盘
602,14:03:15,3.17,--,27,8559,买盘
603,14:03:10,3.17,--,34,10778,买盘
604,14:03:04,3.17,--,1,317,买盘
605,14:03:00,3.17,0.01,54,17118,买盘
606,14:02:55,3.16,-0.01,329,103964,卖盘
607,14:02:45,3.17,--,284,90028,买盘
608,14:02:40,3.17,--,5,1585,买盘
609,14:02:34,3.17,--,2,634,买盘
610,14:02:30,3.17,0.01,4,1268,买盘
611,14:02:25,3.16,-0.01,130,41080,卖盘
612,14:02:15,3.17,--,4,1268,买盘
613,14:02:10,3.17,--,20,6340,买盘
614,14:02:04,3.17,--,2,634,买盘
615,14:01:55,3.17,0.01,41,12997,买盘
616,14:01:49,3.16,-0.01,687,217092,卖盘
617,14:01:45,3.17,0.01,16,5072,买盘
618,14:01:40,3.16,-0.01,47,14852,卖盘
619,14:01:34,3.17,0.01,114,36138,买盘
620,14:01:29,3.16,-0.01,310,97960,卖盘
621,14:01:24,3.17,--,318,100806,买盘
622,14:01:19,3.17,--,9,2853,买盘
623,14:01:14,3.17,--,11,3487,买盘
624,14:01:09,3.17,--,769,243773,买盘
625,14:01:04,3.17,--,53,16801,买盘
626,14:00:59,3.17,--,80,25360,买盘
627,14:00:54,3.17,0.01,13,4121,买盘
628,14:00:49,3.16,-0.01,251,79316,卖盘
629,14:00:44,3.17,--,10,3170,买盘
630,14:00:39,3.17,--,20,6340,买盘
631,14:00:34,3.17,--,26,8242,买盘
632,14:00:29,3.17,0.01,40,12680,买盘
633,14:00:19,3.16,-0.01,267,84372,卖盘
634,14:00:13,3.17,--,9,2853,买盘
635,14:00:09,3.17,--,288,91296,买盘
636,14:00:04,3.17,--,115,36455,买盘
637,13:59:59,3.17,--,11,3487,买盘
638,13:59:54,3.17,--,172,54524,买盘
639,13:59:49,3.17,--,2,634,买盘
640,13:59:43,3.17,0.01,15,4755,买盘
641,13:59:39,3.16,-0.01,214,67624,卖盘
642,13:59:34,3.17,--,133,42161,买盘
643,13:59:28,3.17,0.01,10,3170,买盘
644,13:59:24,3.16,-0.01,1,316,卖盘
645,13:59:19,3.17,--,111,35187,买盘
646,13:59:13,3.17,--,3,951,买盘
647,13:59:09,3.17,0.01,68,21556,买盘
648,13:59:04,3.16,-0.01,105,33180,卖盘
649,13:58:57,3.17,--,13,4121,买盘
650,13:58:54,3.17,0.01,25,7925,买盘
651,13:58:49,3.16,-0.01,17,5372,卖盘
652,13:58:43,3.17,--,1063,336971,买盘
653,13:58:39,3.17,0.01,108,34236,买盘
654,13:58:34,3.16,-0.01,132,41712,卖盘
655,13:58:28,3.17,--,518,164206,买盘
656,13:58:24,3.17,--,186,58962,买盘
657,13:58:18,3.17,0.01,41,12997,买盘
658,13:58:12,3.16,-0.01,31,9796,卖盘
659,13:58:09,3.17,--,10,3170,买盘
660,13:58:03,3.17,--,266,84322,买盘
661,13:57:57,3.17,--,83,26311,买盘
662,13:57:43,3.17,--,51,16167,买盘
663,13:57:39,3.17,--,4,1268,买盘
664,13:57:34,3.17,0.01,100,31700,买盘
665,13:57:27,3.16,-0.01,560,176960,卖盘
666,13:57:24,3.17,--,492,155964,买盘
667,13:57:19,3.17,--,4359,1381803,买盘
668,13:57:12,3.17,0.01,152,48184,买盘
669,13:57:09,3.16,-0.01,401,126716,卖盘
670,13:57:04,3.17,--,522,165474,买盘
671,13:56:54,3.17,--,159,50403,买盘
672,13:56:48,3.17,--,12,3804,买盘
673,13:56:39,3.17,--,19,6023,买盘
674,13:56:33,3.17,0.01,1,317,买盘
675,13:56:24,3.16,-0.01,8,2528,卖盘
676,13:56:18,3.17,--,133,42161,买盘
677,13:56:12,3.17,--,23,7291,买盘
678,13:56:09,3.17,--,1,317,买盘
679,13:56:03,3.17,--,4,1268,买盘
680,13:55:57,3.17,--,60,19020,买盘
681,13:55:48,3.17,--,15,4755,买盘
682,13:55:42,3.17,0.01,41,12997,买盘
683,13:55:38,3.16,-0.01,1,316,卖盘
684,13:55:33,3.17,--,3,951,买盘
685,13:55:27,3.17,--,12,3804,买盘
686,13:55:23,3.17,0.01,2,634,买盘
687,13:55:18,3.16,--,67,21172,卖盘
688,13:55:12,3.16,--,75,23700,卖盘
689,13:55:08,3.16,-0.01,3,948,卖盘
690,13:55:03,3.17,0.01,2,634,买盘
691,13:54:57,3.16,--,130,41080,卖盘
692,13:54:53,3.16,--,172,54352,卖盘
693,13:54:48,3.16,-0.01,50,15800,卖盘
694,13:54:38,3.17,--,92,29164,买盘
695,13:54:33,3.17,--,161,51037,买盘
696,13:54:23,3.17,0.01,50,15850,买盘
697,13:54:18,3.16,-0.01,38,12008,卖盘
698,13:54:12,3.17,--,359,113803,买盘
699,13:54:08,3.17,--,38,12046,买盘
700,13:54:03,3.17,--,62,19654,买盘
701,13:53:53,3.17,0.01,20,6340,买盘
702,13:53:42,3.16,-0.01,1278,403848,卖盘
703,13:53:38,3.17,--,73,23141,买盘
704,13:53:33,3.17,--,54,17118,买盘
705,13:53:27,3.17,0.01,64,20288,买盘
706,13:53:21,3.16,--,49,15484,卖盘
707,13:53:18,3.16,-0.01,87,27492,卖盘
708,13:53:12,3.17,0.01,81,25677,买盘
709,13:53:06,3.16,-0.01,1,316,卖盘
710,13:53:03,3.17,0.01,13,4121,买盘
711,13:52:57,3.16,-0.01,17,5372,卖盘
712,13:52:48,3.17,--,5,1585,买盘
713,13:52:42,3.17,--,94,29798,买盘
714,13:52:36,3.17,--,15,4755,买盘
715,13:52:33,3.17,0.01,200,63400,买盘
716,13:52:27,3.16,--,169,53404,卖盘
717,13:52:21,3.16,-0.01,1000,316000,卖盘
718,13:52:18,3.17,--,157,49769,买盘
719,13:52:03,3.17,0.01,44,13948,买盘
720,13:51:57,3.16,--,131,41396,卖盘
721,13:51:51,3.16,--,500,158000,卖盘
722,13:51:48,3.16,-0.01,8,2528,卖盘
723,13:51:42,3.17,0.01,53,16801,买盘
724,13:51:36,3.16,-0.01,2,632,卖盘
725,13:51:33,3.17,--,58,18386,买盘
726,13:51:21,3.17,--,96,30432,买盘
727,13:51:18,3.17,0.01,74,23458,买盘
728,13:51:12,3.16,--,139,43924,卖盘
729,13:51:06,3.16,-0.01,3,948,卖盘
730,13:51:03,3.17,--,6,1902,买盘
731,13:50:57,3.17,--,10,3170,买盘
732,13:50:51,3.17,--,1,317,买盘
733,13:50:48,3.17,--,14,4438,买盘
734,13:50:42,3.17,--,23,7291,买盘
735,13:50:36,3.17,--,25,7925,买盘
736,13:50:33,3.17,--,38,12046,买盘
737,13:50:27,3.17,--,62,19654,买盘
738,13:50:21,3.17,0.01,14,4438,买盘
739,13:50:18,3.16,-0.01,116,36656,卖盘
740,13:50:12,3.17,--,10,3170,买盘
741,13:50:06,3.17,--,69,21873,买盘
742,13:50:03,3.17,0.01,74,23458,买盘
743,13:49:51,3.16,-0.01,122,38552,卖盘
744,13:49:48,3.17,--,226,71642,买盘
745,13:49:42,3.17,0.01,214,67838,买盘
746,13:49:33,3.16,-0.01,2,632,卖盘
747,13:49:27,3.17,0.01,3,951,买盘
748,13:49:21,3.16,-0.01,280,88480,卖盘
749,13:49:12,3.17,0.01,452,143284,买盘
750,13:49:06,3.16,-0.01,30,9480,卖盘
751,13:48:57,3.17,--,130,41210,买盘
752,13:48:51,3.17,--,500,158500,买盘
753,13:48:48,3.17,--,91,28847,买盘
754,13:48:42,3.17,0.01,255,80835,买盘
755,13:48:36,3.16,-0.01,30,9480,卖盘
756,13:48:32,3.17,0.01,242,76714,买盘
757,13:48:27,3.16,--,17,5372,卖盘
758,13:48:21,3.16,-0.01,14,4424,卖盘
759,13:48:17,3.17,--,255,80835,买盘
760,13:48:12,3.17,0.01,308,97636,买盘
761,13:48:06,3.16,-0.01,2,632,卖盘
762,13:47:57,3.17,0.01,33,10461,买盘
763,13:47:47,3.16,-0.01,102,32232,卖盘
764,13:47:42,3.17,--,2,634,买盘
765,13:47:27,3.17,0.01,2,634,买盘
766,13:47:21,3.16,-0.01,50,15800,卖盘
767,13:47:17,3.17,0.01,10,3170,买盘
768,13:47:12,3.16,-0.01,435,137460,卖盘
769,13:47:02,3.17,--,13,4121,买盘
770,13:46:57,3.17,0.01,604,191468,买盘
771,13:46:46,3.16,--,30,9480,卖盘
772,13:46:42,3.16,--,202,63832,卖盘
773,13:46:36,3.16,-0.01,274,86584,卖盘
774,13:46:27,3.17,--,11,3487,买盘
775,13:46:21,3.17,--,3117,988089,买盘
776,13:46:15,3.17,--,2,634,买盘
777,13:46:12,3.17,0.01,108,34236,买盘
778,13:46:06,3.16,--,4,1264,卖盘
779,13:46:00,3.16,--,373,117868,卖盘
780,13:45:57,3.16,--,909,287244,卖盘
781,13:45:51,3.16,--,110,34760,卖盘
782,13:45:45,3.16,--,20,6320,卖盘
783,13:45:42,3.16,--,29,9164,卖盘
784,13:45:36,3.16,-0.01,26,8216,卖盘
785,13:45:27,3.17,0.01,81,25677,买盘
786,13:45:21,3.16,-0.01,50,15800,卖盘
787,13:45:15,3.17,--,30,9510,买盘
788,13:45:12,3.17,0.01,113,35821,买盘
789,13:45:06,3.16,--,16,5056,卖盘
790,13:44:57,3.16,-0.01,2,632,卖盘
791,13:44:51,3.17,--,8,2536,买盘
792,13:44:45,3.17,0.01,5,1585,买盘
793,13:44:42,3.16,-0.01,2502,790632,卖盘
794,13:44:36,3.17,0.01,272,86224,买盘
795,13:44:30,3.16,-0.01,252,79632,卖盘
796,13:44:27,3.17,0.01,10,3170,买盘
797,13:44:21,3.16,-0.01,351,110916,卖盘
798,13:44:12,3.17,0.01,213,67521,买盘
799,13:44:06,3.16,-0.01,13,4108,卖盘
800,13:44:00,3.17,--,10,3170,买盘
801,13:43:57,3.17,0.01,20,6340,买盘
802,13:43:51,3.16,-0.01,172,54352,卖盘
803,13:43:45,3.17,--,79,25043,买盘
804,13:43:42,3.17,--,11,3487,买盘
805,13:43:36,3.17,--,16,5072,买盘
806,13:43:30,3.17,--,103,32651,买盘
807,13:43:27,3.17,0.01,60,19020,买盘
808,13:43:21,3.16,--,55,17380,卖盘
809,13:43:15,3.16,-0.01,21,6636,卖盘
810,13:43:12,3.17,--,104,32968,买盘
811,13:43:06,3.17,0.01,37,11729,买盘
812,13:43:00,3.16,--,5,1580,卖盘
813,13:42:51,3.16,-0.01,24,7584,卖盘
814,13:42:42,3.17,0.01,9,2853,买盘
815,13:42:36,3.16,-0.01,3,948,卖盘
816,13:42:30,3.17,--,133,42161,买盘
817,13:42:21,3.17,0.01,102,32334,买盘
818,13:42:11,3.16,-0.01,139,43924,卖盘
819,13:41:51,3.17,--,18930,6000810,买盘
820,13:41:45,3.17,--,3,951,买盘
821,13:41:41,3.17,--,2,634,买盘
822,13:41:36,3.17,0.01,13,4121,买盘
823,13:41:26,3.16,--,51,16116,卖盘
824,13:41:21,3.16,--,4,1264,卖盘
825,13:41:15,3.16,-0.01,1,316,卖盘
826,13:41:11,3.17,0.01,102,32334,买盘
827,13:41:06,3.16,-0.01,1,316,卖盘
828,13:40:56,3.17,--,2,634,买盘
829,13:40:51,3.17,--,1,317,买盘
830,13:40:45,3.17,--,3,951,买盘
831,13:40:41,3.17,--,3,951,买盘
832,13:40:36,3.17,--,1,317,买盘
833,13:40:30,3.17,--,1,317,买盘
834,13:40:26,3.17,0.01,8,2536,买盘
835,13:40:21,3.16,-0.01,76,24016,卖盘
836,13:40:15,3.17,--,4,1268,买盘
837,13:40:11,3.17,0.01,1,317,买盘
838,13:40:06,3.16,-0.01,14,4424,卖盘
839,13:40:00,3.17,0.01,102,32334,买盘
840,13:39:56,3.16,-0.01,9,2844,卖盘
841,13:39:51,3.17,--,4,1268,买盘
842,13:39:41,3.17,0.01,9,2853,买盘
843,13:39:36,3.16,-0.01,1,316,卖盘
844,13:39:26,3.17,0.01,1,317,买盘
845,13:39:21,3.16,-0.01,50,15800,卖盘
846,13:39:15,3.17,0.01,13,4121,买盘
847,13:39:09,3.16,--,104,32864,卖盘
848,13:39:06,3.16,--,599,189284,卖盘
849,13:39:00,3.16,-0.01,57,18012,卖盘
850,13:38:51,3.17,--,1,317,买盘
851,13:38:45,3.17,--,1,317,买盘
852,13:38:39,3.17,--,2,634,买盘
853,13:38:30,3.17,--,130,41210,买盘
854,13:38:24,3.17,--,2,634,买盘
855,13:38:21,3.17,0.01,2,634,买盘
856,13:38:15,3.16,-0.01,18,5688,卖盘
857,13:38:09,3.17,0.01,2,634,买盘
858,13:38:06,3.16,--,1,316,卖盘
859,13:38:00,3.16,--,13,4108,卖盘
860,13:37:51,3.16,-0.01,113,35708,卖盘
861,13:37:45,3.17,--,1,317,买盘
862,13:37:39,3.17,--,102,32334,买盘
863,13:37:36,3.17,0.01,38,12046,买盘
864,13:37:30,3.16,--,20,6320,卖盘
865,13:37:21,3.16,-0.01,49,15484,卖盘
866,13:37:09,3.17,0.01,2,634,买盘
867,13:37:06,3.16,--,9,2844,卖盘
868,13:36:51,3.16,-0.01,7,2212,卖盘
869,13:36:45,3.17,--,218,69106,买盘
870,13:36:39,3.17,0.01,101,32017,买盘
871,13:36:36,3.16,-0.01,142,44872,卖盘
872,13:36:21,3.17,0.01,2,634,买盘
873,13:36:15,3.16,-0.01,2,632,卖盘
874,13:36:09,3.17,0.01,2,634,买盘
875,13:36:05,3.16,-0.01,201,63516,卖盘
876,13:35:50,3.17,0.01,10,3170,买盘
877,13:35:45,3.16,-0.01,2,632,卖盘
878,13:35:39,3.17,0.01,102,32334,买盘
879,13:35:30,3.16,-0.01,626,197816,卖盘
880,13:35:20,3.17,--,2186,692962,买盘
881,13:35:15,3.17,0.01,262,83054,买盘
882,13:35:09,3.16,--,23,7268,卖盘
883,13:35:05,3.16,-0.01,1,316,卖盘
884,13:35:00,3.17,--,108,34236,买盘
885,13:34:50,3.17,0.01,211,66887,买盘
886,13:34:39,3.16,-0.01,112,35392,卖盘
887,13:34:35,3.17,--,12,3804,买盘
888,13:34:30,3.17,--,21,6657,买盘
889,13:34:20,3.17,0.01,31,9827,买盘
890,13:34:15,3.16,-0.01,67,21172,卖盘
891,13:34:09,3.17,0.01,7,2219,买盘
892,13:34:05,3.16,-0.01,121,38236,卖盘
893,13:33:54,3.17,0.01,1,317,买盘
894,13:33:50,3.16,-0.01,101,31916,卖盘
895,13:33:39,3.17,--,102,32334,买盘
896,13:33:35,3.17,0.01,299,94783,买盘
897,13:33:30,3.16,-0.01,511,161476,卖盘
898,13:33:24,3.17,0.01,168,53256,买盘
899,13:33:20,3.16,-0.01,47,14852,卖盘
900,13:33:15,3.17,--,6,1902,买盘
901,13:33:09,3.17,--,48,15216,买盘
902,13:32:54,3.17,--,1,317,买盘
903,13:32:50,3.17,0.01,86,27262,买盘
904,13:32:39,3.16,-0.01,185,58460,卖盘
905,13:32:30,3.17,--,154,48818,买盘
906,13:32:24,3.17,--,6,1902,买盘
907,13:32:20,3.17,0.01,197,62449,买盘
908,13:32:15,3.16,-0.01,55,17380,卖盘
909,13:32:09,3.17,0.01,31,9827,买盘
910,13:32:03,3.16,--,95,30020,卖盘
911,13:32:00,3.16,-0.01,51,16116,卖盘
912,13:31:54,3.17,0.01,83,26311,买盘
913,13:31:48,3.16,-0.01,6,1896,卖盘
914,13:31:45,3.17,--,224,71008,买盘
915,13:31:39,3.17,0.01,318,100806,买盘
916,13:31:33,3.16,-0.01,222,70152,卖盘
917,13:31:30,3.17,0.01,274,86858,买盘
918,13:31:24,3.16,--,50,15800,卖盘
919,13:31:18,3.16,--,86,27176,卖盘
920,13:31:14,3.16,-0.01,8,2528,卖盘
921,13:31:09,3.17,--,245,77665,买盘
922,13:30:59,3.17,--,447,141699,买盘
923,13:30:54,3.17,0.01,867,274839,买盘
924,13:30:48,3.16,--,130,41080,卖盘
925,13:30:44,3.16,-0.01,351,110916,卖盘
926,13:30:39,3.17,0.01,652,206684,买盘
927,13:30:33,3.16,--,10,3160,卖盘
928,13:30:29,3.16,--,436,137776,卖盘
929,13:30:24,3.16,--,574,181384,卖盘
930,13:30:18,3.16,-0.01,890,281240,卖盘
931,13:30:14,3.17,0.01,351,111267,买盘
932,13:30:09,3.16,-0.01,1898,599768,卖盘
933,13:29:59,3.17,--,2216,702472,买盘
934,13:29:54,3.17,--,2664,844488,买盘
935,13:29:48,3.17,0.01,37,11729,买盘
936,13:29:44,3.16,-0.01,3974,1255784,卖盘
937,13:29:39,3.17,--,152,48184,买盘
938,13:29:33,3.17,0.01,81,25677,买盘
939,13:29:29,3.16,-0.01,38,12008,卖盘
940,13:29:24,3.17,--,167,52939,买盘
941,13:29:14,3.17,0.01,178,56426,买盘
942,13:29:09,3.16,-0.01,318,100488,卖盘
943,13:29:03,3.17,0.01,1,317,买盘
944,13:28:59,3.16,--,278,87848,卖盘
945,13:28:54,3.16,--,224,70784,卖盘
946,13:28:48,3.16,-0.01,204,64464,卖盘
947,13:28:44,3.17,--,169,53573,买盘
948,13:28:39,3.17,--,236,74812,买盘
949,13:28:33,3.17,--,132,41844,买盘
950,13:28:29,3.17,--,159,50403,买盘
951,13:28:18,3.17,--,291,92247,买盘
952,13:28:09,3.17,--,344,109048,买盘
953,13:28:03,3.17,0.01,1,317,买盘
954,13:27:59,3.16,-0.01,501,158316,卖盘
955,13:27:54,3.17,--,165,52305,买盘
956,13:27:48,3.17,0.01,409,129653,买盘
957,13:27:44,3.16,-0.01,163,51508,卖盘
958,13:27:39,3.17,--,633,200661,买盘
959,13:27:33,3.17,--,49,15533,买盘
960,13:27:29,3.17,0.01,956,303052,买盘
961,13:27:24,3.16,-0.01,579,182964,卖盘
962,13:27:18,3.17,--,887,281179,买盘
963,13:27:14,3.17,--,787,249479,买盘
964,13:27:09,3.17,--,2016,639072,买盘
965,13:27:03,3.17,0.01,187,59279,买盘
966,13:26:59,3.16,--,129,40764,卖盘
967,13:26:54,3.16,-0.01,293,92588,卖盘
968,13:26:48,3.17,0.01,84,26628,买盘
969,13:26:44,3.16,-0.01,130,41080,卖盘
970,13:26:39,3.17,0.01,149,47233,买盘
971,13:26:29,3.16,--,170,53720,卖盘
972,13:26:24,3.16,--,1,316,卖盘
973,13:26:18,3.16,-0.01,49,15484,卖盘
974,13:26:09,3.17,--,83,26311,买盘
975,13:25:59,3.17,--,45,14265,买盘
976,13:25:48,3.17,0.01,119,37723,买盘
977,13:25:44,3.16,-0.01,1,316,卖盘
978,13:25:39,3.17,0.01,102,32334,买盘
979,13:25:29,3.16,--,286,90376,卖盘
980,13:25:24,3.16,-0.01,456,144096,卖盘
981,13:25:14,3.17,0.01,1035,328095,买盘
982,13:25:09,3.16,--,3039,960324,卖盘
983,13:24:59,3.16,--,1,316,卖盘
984,13:24:54,3.16,-0.01,1,316,卖盘
985,13:24:42,3.17,--,36,11412,买盘
986,13:24:39,3.17,0.01,2,634,买盘
987,13:24:33,3.16,--,55,17380,卖盘
988,13:24:24,3.16,-0.01,47,14852,卖盘
989,13:24:18,3.17,--,67,21239,买盘
990,13:24:12,3.17,--,19,6023,买盘
991,13:24:08,3.17,0.01,198,62766,买盘
992,13:24:03,3.16,-0.01,21,6636,卖盘
993,13:23:57,3.17,--,111,35187,买盘
994,13:23:53,3.17,0.01,17,5389,买盘
995,13:23:48,3.16,--,354,111864,卖盘
996,13:23:38,3.16,-0.01,61,19276,卖盘
997,13:23:33,3.17,--,62,19654,买盘
998,13:23:27,3.17,0.01,17,5389,买盘
999,13:23:23,3.16,-0.01,59,18644,卖盘
1000,13:23:18,3.17,0.01,1,317,买盘
1001,13:23:12,3.16,-0.01,52,16432,卖盘
1002,13:23:08,3.17,0.01,17,5389,买盘
1003,13:23:03,3.16,--,82,25912,卖盘
1004,13:22:53,3.16,-0.01,75,23700,卖盘
1005,13:22:48,3.17,--,56,17752,买盘
1006,13:22:38,3.17,--,44,13948,买盘
1007,13:22:33,3.17,--,12,3804,买盘
1008,13:22:27,3.17,--,71,22507,买盘
1009,13:22:23,3.17,0.01,38,12046,买盘
1010,13:22:18,3.16,-0.01,12,3792,卖盘
1011,13:22:12,3.17,0.01,65,20605,买盘
1012,13:22:08,3.16,--,18,5688,卖盘
1013,13:22:03,3.16,-0.01,204,64464,卖盘
1014,13:21:57,3.17,0.01,23,7291,买盘
1015,13:21:53,3.16,--,40,12640,卖盘
1016,13:21:48,3.16,-0.01,31,9796,卖盘
1017,13:21:42,3.17,--,124,39308,买盘
1018,13:21:38,3.17,0.01,24,7608,买盘
1019,13:21:33,3.16,-0.01,340,107440,卖盘
1020,13:21:27,3.17,--,34,10778,买盘
1021,13:21:23,3.17,--,53,16801,买盘
1022,13:21:18,3.17,0.01,23,7291,买盘
1023,13:21:12,3.16,-0.01,1,316,卖盘
1024,13:21:08,3.17,--,19,6023,买盘
1025,13:21:03,3.17,--,1,317,买盘
1026,13:20:57,3.17,--,33,10461,买盘
1027,13:20:53,3.17,0.01,99,31383,买盘
1028,13:20:48,3.16,-0.01,263,83108,卖盘
1029,13:20:42,3.17,--,29,9193,买盘
1030,13:20:38,3.17,0.01,2,634,买盘
1031,13:20:33,3.16,-0.01,58,18328,卖盘
1032,13:20:27,3.17,--,25,7925,买盘
1033,13:20:23,3.17,--,18,5706,买盘
1034,13:20:18,3.17,--,56,17752,买盘
1035,13:20:12,3.17,--,26,8242,买盘
1036,13:20:08,3.17,--,23,7291,买盘
1037,13:20:03,3.17,0.01,78,24726,买盘
1038,13:19:53,3.16,--,199,62884,卖盘
1039,13:19:48,3.16,-0.01,5,1580,卖盘
1040,13:19:38,3.17,0.01,10,3170,买盘
1041,13:19:27,3.16,-0.01,2,632,卖盘
1042,13:19:23,3.17,--,1,317,买盘
1043,13:19:18,3.17,--,13,4121,买盘
1044,13:19:12,3.17,0.01,313,99221,买盘
1045,13:19:08,3.16,--,4,1264,卖盘
1046,13:19:03,3.16,-0.01,602,190232,卖盘
1047,13:18:53,3.17,--,42,13314,买盘
1048,13:18:48,3.17,--,102,32334,买盘
1049,13:18:38,3.17,0.01,113,35821,买盘
1050,13:18:33,3.16,--,72,22752,卖盘
1051,13:18:27,3.16,-0.01,2,632,卖盘
1052,13:18:23,3.17,0.01,113,35821,买盘
1053,13:18:18,3.16,--,33,10428,卖盘
1054,13:18:12,3.16,--,10,3160,卖盘
1055,13:18:08,3.16,--,92,29072,卖盘
1056,13:18:03,3.16,-0.01,44,13904,卖盘
1057,13:17:57,3.17,0.01,2,634,买盘
1058,13:17:53,3.16,--,15,4740,卖盘
1059,13:17:48,3.16,-0.01,181,57196,卖盘
1060,13:17:38,3.17,0.01,477,151209,买盘
1061,13:17:33,3.16,--,198,62568,卖盘
1062,13:17:27,3.16,--,16,5056,卖盘
1063,13:17:23,3.16,--,1,316,卖盘
1064,13:17:18,3.16,--,52,16432,卖盘
1065,13:17:12,3.16,--,1,316,卖盘
1066,13:17:08,3.16,--,126,39816,卖盘
1067,13:17:02,3.16,-0.01,45,14220,卖盘
1068,13:16:57,3.17,0.01,120,38040,买盘
1069,13:16:51,3.16,--,14,4424,卖盘
1070,13:16:48,3.16,--,315,99849,卖盘
1071,13:16:42,3.16,-0.01,10,3160,卖盘
1072,13:16:36,3.17,0.01,1,317,买盘
1073,13:16:32,3.16,--,21,6636,卖盘
1074,13:16:27,3.16,-0.01,259,81844,卖盘
1075,13:16:21,3.17,0.01,12,3804,买盘
1076,13:16:17,3.16,--,13,4108,卖盘
1077,13:16:12,3.16,-0.01,229,72364,卖盘
1078,13:16:06,3.17,0.01,14,4438,买盘
1079,13:16:02,3.16,--,176,55616,卖盘
1080,13:15:57,3.16,--,106,33496,卖盘
1081,13:15:47,3.16,--,321,101436,卖盘
1082,13:15:42,3.16,--,164,51824,卖盘
1083,13:15:32,3.16,-0.01,12,3792,卖盘
1084,13:15:27,3.17,0.01,415,131555,买盘
1085,13:15:21,3.16,--,428,135248,卖盘
1086,13:15:17,3.16,--,203,64148,卖盘
1087,13:15:12,3.16,-0.01,11,3476,卖盘
1088,13:15:06,3.17,0.01,14,4438,买盘
1089,13:15:02,3.16,--,12,3792,卖盘
1090,13:14:57,3.16,-0.01,98,30968,卖盘
1091,13:14:51,3.17,--,3,951,买盘
1092,13:14:47,3.17,--,13,4121,买盘
1093,13:14:42,3.17,0.01,2,634,买盘
1094,13:14:36,3.16,-0.01,10,3160,卖盘
1095,13:14:32,3.17,0.01,40,12680,买盘
1096,13:14:27,3.16,--,30,9480,卖盘
1097,13:14:17,3.16,-0.01,200,63200,卖盘
1098,13:14:12,3.17,--,159,50403,买盘
1099,13:14:06,3.17,0.01,13,4121,买盘
1100,13:14:02,3.16,--,10,3160,卖盘
1101,13:13:57,3.16,--,88,27808,卖盘
1102,13:13:51,3.16,-0.01,12,3792,卖盘
1103,13:13:47,3.17,0.01,18,5706,买盘
1104,13:13:42,3.16,-0.01,261,82476,卖盘
1105,13:13:36,3.17,0.01,1,317,买盘
1106,13:13:32,3.16,-0.01,11,3476,卖盘
1107,13:13:27,3.17,0.01,84,26628,买盘
1108,13:13:21,3.16,-0.01,1,316,卖盘
1109,13:13:17,3.17,0.01,224,71008,买盘
1110,13:13:12,3.16,-0.01,4,1264,卖盘
1111,13:13:06,3.17,0.01,11,3487,买盘
1112,13:13:02,3.16,--,5,1580,卖盘
1113,13:12:57,3.16,-0.01,215,67940,卖盘
1114,13:12:51,3.17,0.01,6,1902,买盘
1115,13:12:47,3.16,-0.01,712,225292,卖盘
1116,13:12:42,3.17,0.01,30,9510,买盘
1117,13:12:36,3.16,--,26,8216,卖盘
1118,13:12:32,3.16,--,11,3476,卖盘
1119,13:12:27,3.16,--,12,3792,卖盘
1120,13:12:21,3.16,--,10,3160,卖盘
1121,13:12:12,3.16,-0.01,10,3160,卖盘
1122,13:12:06,3.17,--,3,951,买盘
1123,13:12:02,3.17,--,14,4438,买盘
1124,13:11:57,3.17,--,140,44380,买盘
1125,13:11:47,3.17,0.01,60,19020,买盘
1126,13:11:42,3.16,--,14,4424,卖盘
1127,13:11:32,3.16,--,3,948,卖盘
1128,13:11:27,3.16,-0.01,209,66044,卖盘
1129,13:11:17,3.17,0.01,25,7925,买盘
1130,13:11:12,3.16,-0.01,12,3792,卖盘
1131,13:11:06,3.17,0.01,2,634,买盘
1132,13:11:02,3.16,--,16,5056,卖盘
1133,13:10:51,3.16,--,10,3160,卖盘
1134,13:10:42,3.16,--,13,4108,卖盘
1135,13:10:32,3.16,-0.01,90,28440,卖盘
1136,13:10:27,3.17,--,14,4438,买盘
1137,13:10:16,3.17,--,19,6023,买盘
1138,13:10:12,3.17,0.01,1,317,买盘
1139,13:10:06,3.16,-0.01,35,11060,卖盘
1140,13:10:00,3.17,0.01,32,10144,买盘
1141,13:09:57,3.16,--,2,632,卖盘
1142,13:09:51,3.16,-0.01,11,3476,卖盘
1143,13:09:42,3.17,0.01,82,25994,买盘
1144,13:09:36,3.16,--,45,14220,卖盘
1145,13:09:30,3.16,-0.01,1,316,卖盘
1146,13:09:26,3.17,0.01,13,4121,买盘
1147,13:09:20,3.16,--,15,4774,卖盘
1148,13:09:15,3.16,--,83,26228,卖盘
1149,13:09:11,3.16,--,131,41396,卖盘
1150,13:09:06,3.16,--,20,6320,卖盘
1151,13:09:00,3.16,--,929,293643,卖盘
1152,13:08:56,3.16,--,60,18960,卖盘
1153,13:08:51,3.16,-0.01,22,6952,卖盘
1154,13:08:45,3.17,0.01,1,317,买盘
1155,13:08:41,3.16,-0.01,111,35076,卖盘
1156,13:08:36,3.17,0.01,13,4121,买盘
1157,13:08:30,3.16,--,133,42028,卖盘
1158,13:08:26,3.16,--,1010,319160,卖盘
1159,13:08:21,3.16,--,17,5372,卖盘
1160,13:08:11,3.16,--,675,213600,卖盘
1161,13:08:06,3.16,--,4,1264,卖盘
1162,13:08:00,3.16,-0.01,20,6320,卖盘
1163,13:07:56,3.17,0.01,50,15850,买盘
1164,13:07:51,3.16,-0.01,11,3476,卖盘
1165,13:07:45,3.17,0.01,2,634,买盘
1166,13:07:41,3.16,-0.01,103,32548,卖盘
1167,13:07:36,3.17,0.01,33,10461,买盘
1168,13:07:29,3.16,--,3,948,卖盘
1169,13:07:26,3.16,--,1,316,卖盘
1170,13:07:21,3.16,--,670,212023,卖盘
1171,13:07:14,3.16,--,1,316,卖盘
1172,13:07:11,3.16,-0.01,2,632,卖盘
1173,13:07:06,3.17,0.01,4,1268,买盘
1174,13:07:00,3.16,--,14,4424,卖盘
1175,13:06:56,3.16,-0.01,1897,599610,卖盘
1176,13:06:51,3.17,0.01,1,317,买盘
1177,13:06:45,3.16,--,1,316,卖盘
1178,13:06:41,3.16,--,31,9796,卖盘
1179,13:06:35,3.16,--,1082,342117,卖盘
1180,13:06:26,3.16,-0.01,970,306520,卖盘
1181,13:06:21,3.17,0.01,64,20288,买盘
1182,13:06:15,3.16,-0.01,1122,354713,卖盘
1183,13:06:06,3.17,0.01,4,1268,买盘
1184,13:05:59,3.16,--,1,316,卖盘
1185,13:05:56,3.16,-0.01,1,316,卖盘
1186,13:05:50,3.17,0.01,18,5706,买盘
1187,13:05:44,3.16,-0.01,131,41396,卖盘
1188,13:05:35,3.17,0.01,8,2536,买盘
1189,13:05:26,3.16,-0.01,1,316,卖盘
1190,13:05:11,3.17,0.01,4,1268,买盘
1191,13:05:05,3.16,-0.01,2,632,卖盘
1192,13:04:56,3.17,--,382,121094,买盘
1193,13:04:50,3.17,--,25,7925,买盘
1194,13:04:44,3.17,0.01,1,317,买盘
1195,13:04:41,3.16,--,5,1580,卖盘
1196,13:04:29,3.16,-0.01,21,6636,卖盘
1197,13:04:26,3.17,--,3,951,买盘
1198,13:04:20,3.17,--,58,18386,买盘
1199,13:04:14,3.17,--,9,2853,买盘
1200,13:04:10,3.17,--,124,39308,买盘
1201,13:04:05,3.17,--,2,634,买盘
1202,13:03:55,3.17,--,3,951,买盘
1203,13:03:50,3.17,0.01,189,59913,买盘
1204,13:03:40,3.16,-0.01,245,77420,卖盘
1205,13:03:35,3.17,--,22,6974,买盘
1206,13:03:29,3.17,--,28,8876,买盘
1207,13:03:25,3.17,0.01,1,317,买盘
1208,13:03:20,3.16,-0.01,396,125136,卖盘
1209,13:03:10,3.17,-0.01,280,88760,卖盘
1210,13:03:05,3.18,0.02,86,27348,买盘
1211,13:02:59,3.16,-0.01,2,632,卖盘
1212,13:02:55,3.17,--,2,634,买盘
1213,13:02:50,3.17,-0.01,132,41844,卖盘
1214,13:02:40,3.18,--,1,318,买盘
1215,13:02:35,3.18,0.01,44,13992,买盘
1216,13:02:29,3.17,--,64,20288,卖盘
1217,13:02:23,3.17,--,10,3170,卖盘
1218,13:02:20,3.17,0.01,10,3170,买盘
1219,13:02:14,3.16,--,50,15800,卖盘
1220,13:02:08,3.16,--,132,41712,卖盘
1221,13:02:05,3.16,-0.01,13,4108,卖盘
1222,13:01:59,3.17,0.01,1,317,买盘
1223,13:01:50,3.16,--,274,86584,卖盘
1224,13:01:44,3.16,--,254,80264,卖盘
1225,13:01:38,3.16,-0.02,130,41080,卖盘
1226,13:01:35,3.18,0.02,947,301146,买盘
1227,13:01:29,3.16,--,100,31600,卖盘
1228,13:01:23,3.16,--,130,41080,卖盘
1229,13:01:20,3.16,--,1,316,卖盘
1230,13:01:14,3.16,--,360,113760,卖盘
1231,13:01:08,3.16,-0.01,1,316,卖盘
1232,13:01:05,3.17,--,3,951,买盘
1233,13:00:59,3.17,--,559,177203,买盘
1234,13:00:53,3.17,0.01,12,3804,买盘
1235,13:00:50,3.16,-0.01,40,12640,卖盘
1236,13:00:35,3.17,0.01,56,17752,买盘
1237,13:00:20,3.16,-0.01,3642,1150872,卖盘
1238,13:00:08,3.17,--,2098,665066,买盘
1239,13:00:05,3.17,--,6107,1935919,买盘
1240,11:30:00,3.17,--,0,0,买盘
1241,11:29:59,3.17,--,0,0,买盘
1242,11:29:52,3.17,0.01,6,1902,买盘
1243,11:29:46,3.16,--,100,31600,卖盘
1244,11:29:37,3.16,-0.01,18,5688,卖盘
1245,11:29:27,3.17,0.01,50,15850,买盘
1246,11:29:21,3.16,-0.01,31,9796,卖盘
1247,11:29:16,3.17,--,1,317,买盘
1248,11:29:12,3.17,--,100,31700,买盘
1249,11:29:07,3.17,--,69,21873,买盘
1250,11:29:01,3.17,--,3,951,买盘
1251,11:28:56,3.17,--,111,35187,买盘
1252,11:28:52,3.17,--,55,17435,买盘
1253,11:28:46,3.17,0.01,2,634,买盘
1254,11:28:42,3.16,-0.01,5,1580,卖盘
1255,11:28:37,3.17,--,353,111901,买盘
1256,11:28:31,3.17,--,32,10144,买盘
1257,11:28:26,3.17,--,200,63400,买盘
1258,11:28:22,3.17,--,914,289738,买盘
1259,11:28:16,3.17,--,21,6657,买盘
1260,11:28:07,3.17,--,74,23458,买盘
1261,11:27:56,3.17,--,4,1268,买盘
1262,11:27:51,3.17,--,109,34553,买盘
1263,11:27:46,3.17,--,100,31700,买盘
1264,11:27:36,3.17,--,118,37406,买盘
1265,11:27:31,3.17,--,13,4121,买盘
1266,11:27:26,3.17,--,54,17118,买盘
1267,11:27:21,3.17,--,91,28847,买盘
1268,11:27:15,3.17,--,61,19337,买盘
1269,11:27:11,3.17,--,102,32334,买盘
1270,11:27:06,3.17,--,64,20288,买盘
1271,11:27:01,3.17,--,2,634,买盘
1272,11:26:56,3.17,0.01,321,101757,买盘
1273,11:26:51,3.16,-0.01,20,6320,卖盘
1274,11:26:46,3.17,0.01,93,29481,买盘
1275,11:26:40,3.16,-0.01,647,204752,卖盘
1276,11:26:36,3.17,--,17,5389,买盘
1277,11:26:31,3.17,0.01,320,101440,买盘
1278,11:26:25,3.16,-0.01,250,79000,卖盘
1279,11:26:21,3.17,0.01,201,63717,买盘
1280,11:26:16,3.16,-0.01,8,2528,卖盘
1281,11:26:10,3.17,0.01,119,37723,买盘
1282,11:26:06,3.16,--,63,19908,卖盘
1283,11:25:54,3.16,--,1,316,卖盘
1284,11:25:40,3.16,-0.01,80,25280,卖盘
1285,11:25:36,3.17,0.01,32,10144,买盘
1286,11:25:30,3.16,--,45,14220,卖盘
1287,11:25:24,3.16,-0.01,3,948,卖盘
1288,11:25:21,3.17,0.01,3,951,买盘
1289,11:25:16,3.16,-0.01,264,83424,卖盘
1290,11:25:06,3.17,--,2,634,买盘
1291,11:24:54,3.17,0.01,1,317,买盘
1292,11:24:51,3.16,--,74,23384,卖盘
1293,11:24:46,3.16,--,184,58144,卖盘
1294,11:24:40,3.16,-0.01,67,21172,卖盘
1295,11:24:36,3.17,--,47,14899,买盘
1296,11:24:30,3.17,0.01,430,136620,买盘
1297,11:24:25,3.16,-0.01,2,632,卖盘
1298,11:24:21,3.17,--,233,73861,买盘
1299,11:24:15,3.17,--,22,6974,买盘
1300,11:24:06,3.17,--,325,103025,买盘
1301,11:24:00,3.17,--,110,34870,买盘
1302,11:23:54,3.17,0.01,173,54841,买盘
1303,11:23:51,3.16,--,174,54984,卖盘
1304,11:23:45,3.16,--,198,62568,卖盘
1305,11:23:40,3.16,-0.01,269,85004,卖盘
1306,11:23:36,3.17,--,2,634,买盘
1307,11:23:30,3.17,0.01,134,42478,买盘
1308,11:23:21,3.16,-0.01,150,47400,卖盘
1309,11:23:09,3.17,0.01,80,25360,买盘
1310,11:23:06,3.16,--,2,632,卖盘
1311,11:23:00,3.16,-0.01,150,47400,卖盘
1312,11:22:51,3.17,0.01,3,951,买盘
1313,11:22:45,3.16,--,14,4424,卖盘
1314,11:22:39,3.16,-0.01,0,246,卖盘
1315,11:22:36,3.17,--,22,6974,买盘
1316,11:22:30,3.17,--,13,4121,买盘
1317,11:22:24,3.17,0.01,30,9510,买盘
1318,11:22:21,3.16,--,3,948,卖盘
1319,11:22:15,3.16,-0.01,1,316,卖盘
1320,11:22:09,3.17,0.01,20,6340,买盘
1321,11:22:06,3.16,-0.01,4,1264,卖盘
1322,11:22:00,3.17,0.01,15,4755,买盘
1323,11:21:51,3.16,-0.01,51,16116,卖盘
1324,11:21:36,3.17,--,4,1268,买盘
1325,11:21:24,3.17,--,20,6340,买盘
1326,11:21:21,3.17,--,2,634,买盘
1327,11:21:15,3.17,--,10,3170,买盘
1328,11:21:05,3.17,0.01,68,21556,买盘
1329,11:21:00,3.16,-0.01,264,83424,卖盘
1330,11:20:50,3.17,--,124,39308,买盘
1331,11:20:45,3.17,--,51,16167,买盘
1332,11:20:35,3.17,--,95,30115,买盘
1333,11:20:30,3.17,--,118,37406,买盘
1334,11:20:24,3.17,0.01,1,317,买盘
1335,11:20:20,3.16,-0.01,88,27808,卖盘
1336,11:20:15,3.17,0.01,19,6023,买盘
1337,11:20:09,3.16,-0.01,36,11376,卖盘
1338,11:20:05,3.17,--,12,3804,买盘
1339,11:20:00,3.17,--,50,15850,买盘
1340,11:19:50,3.17,--,21,6657,买盘
1341,11:19:45,3.17,0.01,200,63400,买盘
1342,11:19:39,3.16,--,1,316,卖盘
1343,11:19:33,3.16,-0.01,23,7268,卖盘
1344,11:19:30,3.17,--,93,29481,买盘
1345,11:19:24,3.17,--,6,1902,买盘
1346,11:19:15,3.17,0.01,217,68789,买盘
1347,11:19:09,3.16,-0.01,1,316,卖盘
1348,11:19:03,3.17,--,61,19359,买盘
1349,11:19:00,3.17,--,26,8242,买盘
1350,11:18:54,3.17,0.01,111,35187,买盘
1351,11:18:48,3.16,-0.01,8,2528,卖盘
1352,11:18:45,3.17,--,27,8559,买盘
1353,11:18:39,3.17,--,10,3170,买盘
1354,11:18:33,3.17,0.01,5,1585,买盘
1355,11:18:30,3.16,-0.01,12,3792,卖盘
1356,11:18:24,3.17,--,114,36138,买盘
1357,11:18:18,3.17,0.01,15,4755,买盘
1358,11:18:15,3.16,-0.01,190,60040,卖盘
1359,11:18:09,3.17,--,123,38991,买盘
1360,11:18:03,3.17,0.01,12,3804,买盘
1361,11:18:00,3.16,--,301,95116,卖盘
1362,11:17:48,3.16,-0.01,1,316,卖盘
1363,11:17:45,3.17,--,12,3804,买盘
1364,11:17:39,3.17,--,50,15850,买盘
1365,11:17:33,3.17,--,3,951,买盘
1366,11:17:30,3.17,0.01,172,54524,买盘
1367,11:17:24,3.16,--,514,162424,卖盘
1368,11:17:18,3.16,-0.01,1,316,卖盘
1369,11:17:15,3.17,--,93,29481,买盘
1370,11:17:09,3.17,--,82,25994,买盘
1371,11:17:03,3.17,--,6,1902,买盘
1372,11:17:00,3.17,--,191,60547,买盘
1373,11:16:54,3.17,0.01,867,274839,买盘
1374,11:16:45,3.16,--,94,29704,卖盘
1375,11:16:39,3.16,-0.01,29,9164,卖盘
1376,11:16:33,3.17,--,1,317,买盘
1377,11:16:30,3.17,--,197,62449,买盘
1378,11:16:24,3.17,--,212,67204,买盘
1379,11:16:18,3.17,0.01,60,19020,买盘
1380,11:16:15,3.16,-0.01,66,20856,卖盘
1381,11:16:09,3.17,--,153,48501,买盘
1382,11:16:03,3.17,--,12,3804,买盘
1383,11:16:00,3.17,--,27,8559,买盘
1384,11:15:54,3.17,--,13,4121,买盘
1385,11:15:48,3.17,--,17,5389,买盘
1386,11:15:45,3.17,--,62,19654,买盘
1387,11:15:39,3.17,--,218,69106,买盘
1388,11:15:33,3.17,--,5,1585,买盘
1389,11:15:30,3.17,--,45,14265,买盘
1390,11:15:24,3.17,--,224,71008,买盘
1391,11:15:18,3.17,--,76,24092,买盘
1392,11:15:15,3.17,--,18,5706,买盘
1393,11:15:09,3.17,--,289,91613,买盘
1394,11:15:03,3.17,--,2,634,买盘
1395,11:15:00,3.17,--,102,32334,买盘
1396,11:14:54,3.17,--,1494,473598,买盘
1397,11:14:44,3.17,--,126,39942,买盘
1398,11:14:39,3.17,0.01,13,4121,买盘
1399,11:14:33,3.16,-0.01,3,948,卖盘
1400,11:14:29,3.17,--,211,66887,买盘
1401,11:14:24,3.17,--,13,4121,买盘
1402,11:14:18,3.17,--,202,64034,买盘
1403,11:14:14,3.17,--,1,317,买盘
1404,11:14:09,3.17,--,7,2219,买盘
1405,11:14:03,3.17,--,2,634,买盘
1406,11:13:59,3.17,--,167,52939,买盘
1407,11:13:54,3.17,--,41,12997,买盘
1408,11:13:39,3.17,--,1,317,买盘
1409,11:13:33,3.17,--,132,41844,买盘
1410,11:13:29,3.17,--,252,79884,买盘
1411,11:13:24,3.17,--,21,6657,买盘
1412,11:13:09,3.17,--,190,60230,买盘
1413,11:13:03,3.17,0.01,126,39942,买盘
1414,11:12:59,3.16,-0.01,101,31916,卖盘
1415,11:12:54,3.17,--,202,64034,买盘
1416,11:12:48,3.17,--,134,42478,买盘
1417,11:12:44,3.17,--,100,31700,买盘
1418,11:12:39,3.17,--,51,16167,买盘
1419,11:12:33,3.17,--,3,951,买盘
1420,11:12:29,3.17,0.01,174,55158,买盘
1421,11:12:24,3.16,-0.01,18,5688,卖盘
1422,11:12:18,3.17,--,35,11095,买盘
1423,11:12:14,3.17,0.01,17,5389,买盘
1424,11:12:09,3.16,-0.01,1,316,卖盘
1425,11:12:03,3.17,0.01,2,634,买盘
1426,11:11:59,3.16,-0.01,111,35076,卖盘
1427,11:11:54,3.17,--,70,22190,买盘
1428,11:11:48,3.17,--,205,64985,买盘
1429,11:11:42,3.17,0.01,11,3487,买盘
1430,11:11:39,3.16,--,60,18960,卖盘
1431,11:11:33,3.16,-0.01,23,7268,卖盘
1432,11:11:27,3.17,--,156,49452,买盘
1433,11:11:24,3.17,--,53,16801,买盘
1434,11:11:18,3.17,--,25,7925,买盘
1435,11:11:12,3.17,--,20,6340,买盘
1436,11:11:09,3.17,--,1502,476134,买盘
1437,11:11:03,3.17,--,8,2536,买盘
1438,11:10:54,3.17,0.01,109,34553,买盘
1439,11:10:48,3.16,-0.01,230,72680,卖盘
1440,11:10:42,3.17,--,51,16167,买盘
1441,11:10:39,3.17,--,110,34870,买盘
1442,11:10:33,3.17,--,33,10461,买盘
1443,11:10:27,3.17,--,40,12680,买盘
1444,11:10:24,3.17,--,101,32017,买盘
1445,11:10:18,3.17,0.01,11,3487,买盘
1446,11:10:12,3.16,--,1,316,卖盘
1447,11:10:09,3.16,--,1,316,卖盘
1448,11:10:03,3.16,--,373,117868,卖盘
1449,11:09:57,3.16,-0.01,55,17380,卖盘
1450,11:09:54,3.17,--,4800,1521600,买盘
1451,11:09:48,3.17,0.01,218,69106,买盘
1452,11:09:39,3.16,-0.01,96,30336,卖盘
1453,11:09:33,3.17,0.01,2,634,买盘
1454,11:09:27,3.16,-0.01,50,15800,卖盘
1455,11:09:24,3.17,0.01,200,63400,买盘
1456,11:09:18,3.16,-0.01,51,16116,卖盘
1457,11:09:12,3.17,--,2,634,买盘
1458,11:09:09,3.17,--,170,53890,买盘
1459,11:09:03,3.17,0.01,4,1268,买盘
1460,11:08:57,3.16,--,88,27808,卖盘
1461,11:08:54,3.16,-0.01,447,141252,卖盘
1462,11:08:48,3.17,0.01,51,16167,买盘
1463,11:08:39,3.16,-0.01,156,49296,卖盘
1464,11:08:33,3.17,0.01,2,634,买盘
1465,11:08:27,3.16,-0.01,50,15800,卖盘
1466,11:08:24,3.17,0.01,1,317,买盘
1467,11:08:18,3.16,--,55,17380,卖盘
1468,11:08:09,3.16,-0.01,51,16116,卖盘
1469,11:08:03,3.17,0.01,11,3487,买盘
1470,11:07:57,3.16,-0.01,50,15800,卖盘
1471,11:07:54,3.17,--,137,43429,买盘
1472,11:07:48,3.17,0.01,84,26628,买盘
1473,11:07:42,3.16,-0.01,50,15800,卖盘
1474,11:07:38,3.17,--,110,34870,买盘
1475,11:07:33,3.17,--,5,1585,买盘
1476,11:07:23,3.17,--,11,3487,买盘
1477,11:07:18,3.17,0.01,41,12997,买盘
1478,11:07:12,3.16,-0.01,1,316,卖盘
1479,11:07:08,3.17,--,2,634,买盘
1480,11:07:03,3.17,0.01,98,31066,买盘
1481,11:06:57,3.16,-0.01,27,8532,卖盘
1482,11:06:53,3.17,0.01,1,317,买盘
1483,11:06:48,3.16,--,1,316,卖盘
1484,11:06:38,3.16,-0.01,112,35392,卖盘
1485,11:06:33,3.17,0.01,42,13314,买盘
1486,11:06:27,3.16,-0.01,1,316,卖盘
1487,11:06:23,3.17,--,10,3170,买盘
1488,11:06:18,3.17,--,105,33285,买盘
1489,11:06:12,3.17,0.01,171,54207,买盘
1490,11:06:08,3.16,-0.01,1,316,卖盘
1491,11:06:03,3.17,--,2,634,买盘
1492,11:05:57,3.17,--,1,317,买盘
1493,11:05:53,3.17,0.01,101,32017,买盘
1494,11:05:48,3.16,--,11,3476,卖盘
1495,11:05:38,3.16,-0.01,2,632,卖盘
1496,11:05:33,3.17,--,7,2219,买盘
1497,11:05:27,3.17,0.01,50,15850,买盘
1498,11:05:18,3.16,-0.01,105,33180,卖盘
1499,11:05:12,3.17,--,198,62766,买盘
1500,11:05:03,3.17,--,7,2219,买盘
1501,11:04:57,3.17,--,23,7291,买盘
1502,11:04:53,3.17,0.01,37,11729,买盘
1503,11:04:48,3.16,-0.01,200,63200,卖盘
1504,11:04:42,3.17,--,116,36772,买盘
1505,11:04:38,3.17,0.01,16,5072,买盘
1506,11:04:33,3.16,--,173,54668,卖盘
1507,11:04:27,3.16,--,236,74576,卖盘
1508,11:04:21,3.16,-0.01,580,183280,卖盘
1509,11:04:12,3.17,--,215,68155,买盘
1510,11:04:06,3.17,--,3,951,买盘
1511,11:04:03,3.17,--,71,22507,买盘
1512,11:03:57,3.17,0.01,52,16484,买盘
1513,11:03:36,3.16,-0.01,1,316,卖盘
1514,11:03:33,3.17,--,14,4438,买盘
1515,11:03:27,3.17,0.01,10,3170,买盘
1516,11:03:21,3.16,--,218,68888,卖盘
1517,11:03:18,3.16,-0.01,116,36656,卖盘
1518,11:03:12,3.17,0.01,117,37089,买盘
1519,11:03:06,3.16,-0.01,2,632,卖盘
1520,11:03:03,3.17,0.01,115,36455,买盘
1521,11:02:57,3.16,--,11,3476,卖盘
1522,11:02:51,3.16,--,105,33180,卖盘
1523,11:02:33,3.16,-0.01,413,130508,卖盘
1524,11:02:27,3.17,0.01,2,634,买盘
1525,11:02:21,3.16,-0.01,101,31916,卖盘
1526,11:02:18,3.17,0.01,477,151209,买盘
1527,11:02:12,3.16,--,315,99540,卖盘
1528,11:02:06,3.16,-0.01,10,3160,卖盘
1529,11:02:03,3.17,0.01,4100,1299700,买盘
1530,11:01:57,3.16,-0.01,219,69204,卖盘
1531,11:01:48,3.17,0.01,43,13631,买盘
1532,11:01:42,3.16,--,950,300200,卖盘
1533,11:01:36,3.16,-0.01,91,28756,卖盘
1534,11:01:33,3.17,0.01,254,80518,买盘
1535,11:01:27,3.16,--,10,3160,卖盘
1536,11:01:17,3.16,--,180,56880,卖盘
1537,11:01:06,3.16,--,197,62252,卖盘
1538,11:01:03,3.16,--,179,56564,卖盘
1539,11:00:57,3.16,--,121,38236,卖盘
1540,11:00:42,3.16,-0.01,229,72364,卖盘
1541,11:00:36,3.17,--,30,9510,买盘
1542,11:00:32,3.17,0.01,46,14582,买盘
1543,11:00:27,3.16,--,281,88796,卖盘
1544,11:00:21,3.16,--,753,237948,卖盘
1545,11:00:17,3.16,--,1347,425652,卖盘
1546,11:00:12,3.16,--,787,248692,卖盘
1547,11:00:06,3.16,--,1902,601032,卖盘
1548,11:00:02,3.16,-0.01,2272,717952,卖盘
1549,10:59:57,3.17,0.01,99,31383,买盘
1550,10:59:51,3.16,-0.01,922,291352,卖盘
1551,10:59:47,3.17,0.01,53,16801,买盘
1552,10:59:42,3.16,-0.01,1,316,卖盘
1553,10:59:32,3.17,--,257,81469,买盘
1554,10:59:27,3.17,--,17,5389,买盘
1555,10:59:17,3.17,0.01,96,30432,买盘
1556,10:59:12,3.16,-0.01,120,37920,卖盘
1557,10:59:06,3.17,--,2,634,买盘
1558,10:59:02,3.17,--,547,173399,买盘
1559,10:58:57,3.17,--,289,91613,买盘
1560,10:58:47,3.17,--,13,4121,买盘
1561,10:58:42,3.17,--,20,6340,买盘
1562,10:58:36,3.17,--,31,9827,买盘
1563,10:58:32,3.17,--,69,21873,买盘
1564,10:58:27,3.17,0.01,97,30749,中性盘
1565,10:58:17,3.16,-0.01,75,23700,卖盘
1566,10:58:12,3.17,0.01,93,29481,卖盘
1567,10:58:06,3.16,--,0,0,卖盘
1568,10:58:02,3.16,--,191,60356,卖盘
1569,10:57:57,3.16,--,397,125452,卖盘
1570,10:57:51,3.16,--,51,16116,卖盘
1571,10:57:46,3.16,-0.01,119,37604,卖盘
1572,10:57:42,3.17,--,25,7925,买盘
1573,10:57:36,3.17,--,11,3487,买盘
1574,10:57:32,3.17,--,86,27262,买盘
1575,10:57:27,3.17,0.01,10,3170,买盘
1576,10:57:21,3.16,-0.01,60,18960,卖盘
1577,10:57:17,3.17,0.01,104,32968,买盘
1578,10:57:11,3.16,--,186,58776,卖盘
1579,10:57:06,3.16,-0.01,5,1580,卖盘
1580,10:57:00,3.17,0.01,2,634,买盘
1581,10:56:57,3.16,--,219,69204,卖盘
1582,10:56:51,3.16,-0.01,57,18012,卖盘
1583,10:56:45,3.17,0.01,111,35187,买盘
1584,10:56:42,3.16,--,20,6320,卖盘
1585,10:56:36,3.16,-0.01,28,8848,卖盘
1586,10:56:30,3.17,--,3,951,买盘
1587,10:56:27,3.17,--,66,20922,买盘
1588,10:56:21,3.17,--,78,24726,买盘
1589,10:56:15,3.17,--,3,951,买盘
1590,10:56:06,3.17,0.01,56,17752,买盘
1591,10:56:00,3.16,--,152,48032,卖盘
1592,10:55:51,3.16,-0.01,133,42028,卖盘
1593,10:55:45,3.17,--,1483,470111,买盘
1594,10:55:41,3.17,--,155,49135,买盘
1595,10:55:36,3.17,0.01,1097,347749,买盘
1596,10:55:30,3.16,--,609,192444,卖盘
1597,10:55:26,3.16,--,1421,449036,卖盘
1598,10:55:21,3.16,-0.01,139,43924,卖盘
1599,10:55:15,3.17,0.01,87,27579,中性盘
1600,10:55:11,3.16,-0.01,515,162740,卖盘
1601,10:55:06,3.17,--,116,36772,卖盘
1602,10:55:00,3.17,--,2,634,卖盘
1603,10:54:56,3.17,--,99,31383,卖盘
1604,10:54:51,3.17,--,1,317,卖盘
1605,10:54:45,3.17,--,1617,512589,卖盘
1606,10:54:41,3.17,--,12,3804,卖盘
1607,10:54:36,3.17,--,83,26311,卖盘
1608,10:54:26,3.17,--,95,30115,卖盘
1609,10:54:21,3.17,--,168,53256,卖盘
1610,10:54:15,3.17,--,5,1585,卖盘
1611,10:54:06,3.17,--,525,166425,卖盘
1612,10:54:00,3.17,-0.01,256,81152,卖盘
1613,10:53:56,3.18,0.01,2,636,买盘
1614,10:53:51,3.17,--,41,12997,卖盘
1615,10:53:45,3.17,--,1,317,卖盘
1616,10:53:36,3.17,--,77,24409,卖盘
1617,10:53:26,3.17,-0.01,264,83688,卖盘
1618,10:53:21,3.18,0.01,201,63918,买盘
1619,10:53:15,3.17,--,50,15850,卖盘
1620,10:53:11,3.17,-0.01,87,27579,卖盘
1621,10:53:06,3.18,0.01,3,954,买盘
1622,10:53:00,3.17,--,16,5072,卖盘
1623,10:52:56,3.17,--,26,8242,卖盘
1624,10:52:51,3.17,-0.01,61,19337,卖盘
1625,10:52:41,3.18,--,12,3816,买盘
1626,10:52:36,3.18,0.01,2,636,买盘
1627,10:52:26,3.17,-0.01,13,4121,卖盘
1628,10:52:21,3.18,0.01,31,9858,买盘
1629,10:52:15,3.17,-0.01,62,19654,卖盘
1630,10:52:11,3.18,0.01,2,636,买盘
1631,10:52:06,3.17,--,64,20288,卖盘
1632,10:51:51,3.17,--,71,22507,卖盘
1633,10:51:45,3.17,--,150,47550,卖盘
1634,10:51:41,3.17,--,165,52305,卖盘
1635,10:51:36,3.17,--,202,64034,卖盘
1636,10:51:30,3.17,--,200,63400,卖盘
1637,10:51:26,3.17,--,217,68789,买盘
1638,10:51:21,3.17,--,202,64034,买盘
1639,10:51:15,3.17,--,31,9827,买盘
1640,10:51:11,3.17,--,124,39308,买盘
1641,10:51:06,3.17,--,82,25994,买盘
1642,10:51:00,3.17,--,333,105561,买盘
1643,10:50:56,3.17,0.01,50,15850,买盘
1644,10:50:51,3.16,-0.01,738,233208,卖盘
1645,10:50:45,3.17,--,9,2853,买盘
1646,10:50:41,3.17,0.01,82,25994,买盘
1647,10:50:36,3.16,-0.01,37,11692,卖盘
1648,10:50:30,3.17,--,3,951,买盘
1649,10:50:26,3.17,0.01,331,104927,买盘
1650,10:50:21,3.16,--,247,78052,卖盘
1651,10:50:15,3.16,-0.01,470,148520,卖盘
1652,10:50:11,3.17,--,651,206367,卖盘
1653,10:50:06,3.17,--,1504,476768,卖盘
1654,10:50:00,3.17,--,100,31700,卖盘
1655,10:49:55,3.17,--,17,5389,卖盘
1656,10:49:45,3.17,-0.01,39,12363,卖盘
1657,10:49:40,3.18,0.01,45,14310,买盘
1658,10:49:36,3.17,-0.01,3,951,卖盘
1659,10:49:26,3.18,0.01,13,4134,买盘
1660,10:49:15,3.17,--,62,19654,卖盘
1661,10:49:05,3.17,--,3,951,卖盘
1662,10:49:00,3.17,-0.01,800,253600,卖盘
1663,10:48:51,3.18,0.01,21,6678,买盘
1664,10:48:45,3.17,--,2980,944660,卖盘
1665,10:48:35,3.17,-0.01,32,10144,卖盘
1666,10:48:30,3.18,0.01,176,55968,买盘
1667,10:48:24,3.17,--,19,6023,卖盘
1668,10:48:15,3.17,--,15,4755,卖盘
1669,10:48:05,3.17,--,11,3487,卖盘
1670,10:48:00,3.17,-0.01,5,1585,卖盘
1671,10:47:54,3.18,--,1,318,买盘
1672,10:47:50,3.18,0.01,131,41658,买盘
1673,10:47:45,3.17,-0.01,170,53890,卖盘
1674,10:47:35,3.18,0.01,1309,416262,买盘
1675,10:47:30,3.17,--,220,69740,卖盘
1676,10:47:24,3.17,0.01,1795,569015,买盘
1677,10:47:20,3.16,-0.01,71,22436,卖盘
1678,10:47:15,3.17,--,1565,496105,买盘
1679,10:47:09,3.17,--,10,3170,买盘
1680,10:47:05,3.17,--,644,204148,买盘
1681,10:47:00,3.17,--,30,9510,买盘
1682,10:46:54,3.17,--,332,105244,买盘
1683,10:46:50,3.17,--,1144,362648,买盘
1684,10:46:45,3.17,--,169,53573,买盘
1685,10:46:35,3.17,--,234,74178,买盘
1686,10:46:30,3.17,--,20,6340,买盘
1687,10:46:24,3.17,--,100,31700,买盘
1688,10:46:20,3.17,--,1,317,买盘
1689,10:46:15,3.17,--,1136,360112,买盘
1690,10:46:09,3.17,--,40,12680,买盘
1691,10:46:05,3.17,0.01,18,5706,买盘
1692,10:45:54,3.16,--,100,31600,卖盘
1693,10:45:45,3.16,-0.01,1,316,卖盘
1694,10:45:35,3.17,0.01,13,4121,买盘
1695,10:45:30,3.16,-0.01,107,33812,卖盘
1696,10:45:24,3.17,--,10,3170,买盘
1697,10:45:20,3.17,--,292,92564,买盘
1698,10:45:15,3.17,--,949,300833,买盘
1699,10:45:09,3.17,--,6,1902,买盘
1700,10:45:05,3.17,0.01,10,3170,买盘
1701,10:45:00,3.16,--,34,10744,卖盘
1702,10:44:54,3.16,-0.01,3,948,卖盘
1703,10:44:50,3.17,0.01,171,54207,买盘
1704,10:44:45,3.16,-0.01,103,32548,卖盘
1705,10:44:39,3.17,0.01,321,101757,买盘
1706,10:44:35,3.16,-0.01,3,948,卖盘
1707,10:44:30,3.17,0.01,43,13631,买盘
1708,10:44:20,3.16,--,7,2212,卖盘
1709,10:44:15,3.16,-0.01,100,31600,卖盘
1710,10:44:09,3.17,0.01,46,14582,买盘
1711,10:44:05,3.16,-0.01,103,32548,卖盘
1712,10:44:00,3.17,0.01,193,61181,买盘
1713,10:43:54,3.16,-0.01,1,316,卖盘
1714,10:43:50,3.17,--,52,16484,买盘
1715,10:43:45,3.17,--,574,181958,买盘
1716,10:43:39,3.17,--,507,160719,买盘
1717,10:43:35,3.17,--,185,58645,买盘
1718,10:43:30,3.17,--,100,31700,买盘
1719,10:43:24,3.17,--,20,6340,买盘
1720,10:43:20,3.17,--,200,63400,买盘
1721,10:43:15,3.17,--,65,20605,买盘
1722,10:43:09,3.17,--,100,31700,买盘
1723,10:43:05,3.17,--,125,39625,买盘
1724,10:43:00,3.17,--,116,36772,买盘
1725,10:42:54,3.17,--,50,15850,买盘
1726,10:42:50,3.17,--,374,118558,买盘
1727,10:42:45,3.17,--,89,28213,买盘
1728,10:42:39,3.17,--,111,35187,买盘
1729,10:42:35,3.17,--,30,9510,买盘
1730,10:42:30,3.17,--,62,19654,买盘
1731,10:42:24,3.17,--,1,317,买盘
1732,10:42:19,3.17,--,5,1585,买盘
1733,10:42:15,3.17,--,143,45331,买盘
1734,10:42:09,3.17,--,500,158500,买盘
1735,10:42:04,3.17,--,445,141065,买盘
1736,10:42:00,3.17,--,463,146771,卖盘
1737,10:41:54,3.17,--,17,5389,卖盘
1738,10:41:50,3.17,0.01,260,82420,买盘
1739,10:41:45,3.16,-0.01,270,85320,卖盘
1740,10:41:39,3.17,--,0,0,中性盘
1741,10:41:34,3.17,-0.01,152,48184,卖盘
1742,10:41:29,3.18,0.01,229,72822,买盘
1743,10:41:24,3.17,--,505,160085,买盘
1744,10:41:18,3.17,0.01,215,68215,买盘
1745,10:41:15,3.16,-0.01,302,95492,卖盘
1746,10:41:09,3.17,--,344,109048,买盘
1747,10:41:03,3.17,0.01,201,63717,买盘
1748,10:41:00,3.16,--,211,66676,卖盘
1749,10:40:54,3.16,-0.01,277,87532,卖盘
1750,10:40:48,3.17,--,105,33285,买盘
1751,10:40:44,3.17,--,184,58328,买盘
1752,10:40:39,3.17,--,175,55475,买盘
1753,10:40:33,3.17,0.01,252,79884,买盘
1754,10:40:29,3.16,-0.01,928,293248,卖盘
1755,10:40:24,3.17,0.01,404,128068,买盘
1756,10:40:18,3.16,--,260,82160,卖盘
1757,10:40:14,3.16,--,681,215196,卖盘
1758,10:40:09,3.16,--,1310,414020,卖盘
1759,10:40:03,3.16,--,974,307784,卖盘
1760,10:39:59,3.16,-0.01,2999,947958,卖盘
1761,10:39:54,3.17,--,12879,4082643,卖盘
1762,10:39:48,3.17,--,84,26628,卖盘
1763,10:39:44,3.17,--,10200,3233400,卖盘
1764,10:39:39,3.17,--,10271,3255907,卖盘
1765,10:39:33,3.17,--,10003,3170951,卖盘
1766,10:39:29,3.17,-0.01,10115,3206455,卖盘
1767,10:39:24,3.18,0.01,10340,3288120,买盘
1768,10:39:18,3.17,--,10108,3204236,卖盘
1769,10:39:14,3.17,--,10108,3204236,卖盘
1770,10:39:09,3.17,-0.01,10107,3203919,卖盘
1771,10:39:03,3.18,0.01,2,636,买盘
1772,10:38:59,3.17,--,10094,3199798,卖盘
1773,10:38:54,3.17,--,10003,3170951,卖盘
1774,10:38:48,3.17,--,10000,3170000,卖盘
1775,10:38:44,3.17,--,10000,3170000,卖盘
1776,10:38:39,3.17,-0.01,80,25360,卖盘
1777,10:38:32,3.18,0.01,7,2226,买盘
1778,10:38:24,3.17,--,10014,3174438,卖盘
1779,10:38:14,3.17,-0.01,8,2536,卖盘
1780,10:38:09,3.18,--,117,37206,买盘
1781,10:38:03,3.18,0.01,4,1272,买盘
1782,10:37:59,3.17,--,27,8559,卖盘
1783,10:37:53,3.17,--,11,3487,卖盘
1784,10:37:44,3.17,-0.01,3,951,卖盘
1785,10:37:33,3.18,0.01,2,636,买盘
1786,10:37:29,3.17,--,2801,887917,卖盘
1787,10:37:18,3.17,--,1,317,卖盘
1788,10:37:14,3.17,--,1,317,卖盘
1789,10:37:09,3.17,-0.01,10,3170,卖盘
1790,10:37:03,3.18,--,3,954,买盘
1791,10:36:59,3.18,--,480,152640,买盘
1792,10:36:54,3.18,--,137,43566,买盘
1793,10:36:48,3.18,0.01,10,3180,买盘
1794,10:36:44,3.17,--,11,3487,卖盘
1795,10:36:39,3.17,--,126,39942,卖盘
1796,10:36:33,3.17,-0.01,68,21556,卖盘
1797,10:36:29,3.18,0.01,4,1272,买盘
1798,10:36:18,3.17,--,26,8242,卖盘
1799,10:36:14,3.17,--,176,55852,卖盘
1800,10:36:09,3.17,--,68,21556,卖盘
1801,10:36:02,3.17,-0.01,64,20288,卖盘
1802,10:35:59,3.18,0.01,310,98580,买盘
1803,10:35:53,3.17,--,208,65936,卖盘
1804,10:35:44,3.17,-0.01,1,317,卖盘
1805,10:35:39,3.18,0.01,445,141510,买盘
1806,10:35:29,3.17,--,10,3170,卖盘
1807,10:35:24,3.17,--,2,634,卖盘
1808,10:35:18,3.17,-0.01,1,317,卖盘
1809,10:35:13,3.18,--,2,636,买盘
1810,10:35:08,3.18,0.01,4,1272,买盘
1811,10:35:03,3.17,-0.01,44,13948,卖盘
1812,10:34:59,3.18,0.01,1,318,买盘
1813,10:34:53,3.17,--,1,317,卖盘
1814,10:34:48,3.17,-0.01,100,31700,卖盘
1815,10:34:43,3.18,--,281,89358,买盘
1816,10:34:39,3.18,--,2,636,买盘
1817,10:34:28,3.18,--,339,107802,买盘
1818,10:34:18,3.18,0.01,1,318,买盘
1819,10:34:14,3.17,-0.01,1,317,卖盘
1820,10:34:09,3.18,--,3,954,买盘
1821,10:34:03,3.18,0.01,1,318,买盘
1822,10:33:54,3.17,-0.01,167,53211,卖盘
1823,10:33:48,3.18,--,117,37206,买盘
1824,10:33:42,3.18,0.01,84,26712,买盘
1825,10:33:38,3.17,-0.01,5,1585,卖盘
1826,10:33:32,3.18,--,8,2544,买盘
1827,10:33:27,3.18,0.01,2,636,买盘
1828,10:33:23,3.17,--,10,3170,卖盘
1829,10:33:18,3.17,--,173,54841,卖盘
1830,10:33:08,3.17,--,89,28213,卖盘
1831,10:33:02,3.17,--,231,73227,卖盘
1832,10:32:53,3.17,--,131,41527,卖盘
1833,10:32:48,3.17,--,201,63717,卖盘
1834,10:32:38,3.17,--,40,12680,卖盘
1835,10:32:33,3.17,-0.01,100,31700,卖盘
1836,10:32:23,3.18,0.01,373,118614,买盘
1837,10:32:17,3.17,--,50,15850,卖盘
1838,10:32:08,3.17,-0.01,125,39625,卖盘
1839,10:32:03,3.18,0.01,11,3498,买盘
1840,10:31:53,3.17,-0.01,57,18246,卖盘
1841,10:31:47,3.18,0.01,84,26743,买盘
1842,10:31:41,3.17,-0.01,135,42855,卖盘
1843,10:31:38,3.18,0.01,2,636,买盘
1844,10:31:32,3.17,--,12,3804,卖盘
1845,10:31:26,3.17,--,101,32017,卖盘
1846,10:31:17,3.17,-0.01,18,5706,卖盘
1847,10:31:11,3.18,--,819,260442,买盘
1848,10:31:08,3.18,0.01,3,954,买盘
1849,10:31:02,3.17,--,324,102708,卖盘
1850,10:30:53,3.17,--,857,271669,卖盘
1851,10:30:47,3.17,--,875,277375,卖盘
1852,10:30:38,3.17,--,451,142967,卖盘
1853,10:30:26,3.17,--,246,77982,卖盘
1854,10:30:23,3.17,--,1303,413051,卖盘
1855,10:30:17,3.17,--,1052,333484,卖盘
1856,10:30:11,3.17,--,479,151843,卖盘
1857,10:30:08,3.17,--,2204,698855,卖盘
1858,10:30:02,3.17,--,873,276741,卖盘
1859,10:29:56,3.17,-0.01,87,27579,卖盘
1860,10:29:53,3.18,0.01,1369,435364,买盘
1861,10:29:41,3.17,--,103,32838,卖盘
1862,10:29:38,3.17,--,201,63717,卖盘
1863,10:29:23,3.17,--,116,36772,卖盘
1864,10:29:17,3.17,-0.01,1528,484376,卖盘
1865,10:29:11,3.18,--,199,63282,买盘
1866,10:29:08,3.18,0.01,195,62010,买盘
1867,10:29:02,3.17,--,5,1585,卖盘
1868,10:28:56,3.17,--,130,41210,卖盘
1869,10:28:53,3.17,-0.01,1,317,卖盘
1870,10:28:38,3.18,--,2,636,买盘
1871,10:28:32,3.18,--,2,636,买盘
1872,10:28:26,3.18,0.01,653,207654,买盘
1873,10:28:22,3.17,--,536,169912,卖盘
1874,10:28:17,3.17,-0.01,209,66253,卖盘
1875,10:28:11,3.18,0.01,44,13992,买盘
1876,10:28:08,3.17,--,103,32651,卖盘
1877,10:28:02,3.17,--,1,317,卖盘
1878,10:27:52,3.17,--,286,90750,卖盘
1879,10:27:47,3.17,--,49,15533,卖盘
1880,10:27:41,3.17,-0.01,263,83491,卖盘
1881,10:27:37,3.18,--,406,129108,买盘
1882,10:27:32,3.18,0.01,2,636,买盘
1883,10:27:22,3.17,--,3,951,卖盘
1884,10:27:17,3.17,-0.01,136,43112,卖盘
1885,10:27:06,3.18,0.01,6,1908,买盘
1886,10:27:02,3.17,--,36,11412,卖盘
1887,10:26:56,3.17,-0.01,20,6340,卖盘
1888,10:26:50,3.18,0.01,105,33390,买盘
1889,10:26:47,3.17,-0.01,1,317,卖盘
1890,10:26:37,3.18,0.01,156,49608,买盘
1891,10:26:32,3.17,-0.01,101,32017,卖盘
1892,10:26:26,3.18,0.01,210,66780,买盘
1893,10:26:20,3.17,-0.01,4,1268,卖盘
1894,10:26:17,3.18,0.01,1,318,买盘
1895,10:26:11,3.17,-0.01,69,21873,卖盘
1896,10:26:02,3.18,--,517,164406,买盘
1897,10:25:56,3.18,0.01,328,104304,买盘
1898,10:25:50,3.17,-0.01,48,15441,卖盘
1899,10:25:47,3.18,--,298,95066,买盘
1900,10:25:41,3.18,--,2,636,买盘
1901,10:25:35,3.18,0.01,10,3180,买盘
1902,10:25:32,3.17,--,50,15850,卖盘
1903,10:25:26,3.17,-0.01,736,233312,卖盘
1904,10:25:20,3.18,--,11,3498,买盘
1905,10:25:17,3.18,0.01,1625,516750,买盘
1906,10:25:11,3.17,-0.01,206,65302,卖盘
1907,10:25:05,3.18,0.01,55,17490,买盘
1908,10:25:02,3.17,--,63,19971,卖盘
1909,10:24:56,3.17,--,227,71959,卖盘
1910,10:24:41,3.17,--,99,31383,卖盘
1911,10:24:32,3.17,--,108,34236,卖盘
1912,10:24:26,3.17,--,504,159768,卖盘
1913,10:24:20,3.17,-0.01,546,173082,卖盘
1914,10:24:17,3.18,--,480,152640,买盘
1915,10:24:11,3.18,--,12,3816,买盘
1916,10:24:05,3.18,0.01,45,14310,买盘
1917,10:24:02,3.17,-0.01,11,3487,卖盘
1918,10:23:56,3.18,0.01,28,8904,买盘
1919,10:23:50,3.17,--,1,317,卖盘
1920,10:23:47,3.17,--,56,17866,卖盘
1921,10:23:41,3.17,-0.01,74,23553,卖盘
1922,10:23:35,3.18,--,115,36570,买盘
1923,10:23:32,3.18,--,36,11448,买盘
1924,10:23:26,3.18,--,1,318,买盘
1925,10:23:20,3.18,0.01,373,118614,买盘
1926,10:23:17,3.17,-0.01,3,951,卖盘
1927,10:23:11,3.18,0.01,257,81726,买盘
1928,10:23:05,3.17,-0.01,1,317,卖盘
1929,10:23:02,3.18,--,14,4452,买盘
1930,10:22:56,3.18,--,30,9540,买盘
1931,10:22:50,3.18,-0.01,604,192180,卖盘
1932,10:22:47,3.19,0.01,1292,412148,买盘
1933,10:22:41,3.18,--,8,2544,卖盘
1934,10:22:35,3.18,--,21,6725,卖盘
1935,10:22:32,3.18,--,136,43248,卖盘
1936,10:22:26,3.18,--,210,66780,卖盘
1937,10:22:20,3.18,--,746,237228,卖盘
1938,10:22:17,3.18,--,371,117978,卖盘
1939,10:22:11,3.18,--,6063,1928034,卖盘
1940,10:22:05,3.18,--,30,9540,卖盘
1941,10:22:02,3.18,--,783,248994,卖盘
1942,10:21:56,3.18,--,1,318,卖盘
1943,10:21:50,3.18,--,115,36570,卖盘
1944,10:21:47,3.18,--,123,39282,卖盘
1945,10:21:41,3.18,--,1447,460187,卖盘
1946,10:21:35,3.18,-0.01,1,318,卖盘
1947,10:21:31,3.19,0.01,117,37323,买盘
1948,10:21:26,3.18,--,96,30528,卖盘
1949,10:21:20,3.18,--,135,42930,卖盘
1950,10:21:16,3.18,--,682,216876,卖盘
1951,10:21:11,3.18,--,823,261714,卖盘
1952,10:21:05,3.18,--,183,58194,卖盘
1953,10:21:01,3.18,-0.01,705,224190,卖盘
1954,10:20:56,3.19,0.01,4484,1430396,买盘
1955,10:20:50,3.18,--,101,32118,卖盘
1956,10:20:46,3.18,--,124,39432,卖盘
1957,10:20:41,3.18,--,435,138330,卖盘
1958,10:20:35,3.18,--,3165,1006470,卖盘
1959,10:20:31,3.18,--,557,177126,卖盘
1960,10:20:26,3.18,--,187,59466,卖盘
1961,10:20:20,3.18,--,45,14310,卖盘
1962,10:20:16,3.18,--,1147,364746,卖盘
1963,10:20:11,3.18,--,417,132606,卖盘
1964,10:20:05,3.18,--,5,1590,卖盘
1965,10:20:01,3.18,--,409,130062,卖盘
1966,10:19:56,3.18,-0.01,477,151686,卖盘
1967,10:19:50,3.19,0.01,118,37642,买盘
1968,10:19:46,3.18,--,224,71286,卖盘
1969,10:19:41,3.18,--,152,48336,卖盘
1970,10:19:35,3.18,--,61,19553,卖盘
1971,10:19:31,3.18,--,426,135468,卖盘
1972,10:19:26,3.18,--,470,149460,卖盘
1973,10:19:20,3.18,--,205,65190,卖盘
1974,10:19:14,3.18,--,574,182532,卖盘
1975,10:19:11,3.18,--,841,267438,卖盘
1976,10:19:05,3.18,-0.01,23,7314,卖盘
1977,10:18:59,3.19,0.01,142,45298,买盘
1978,10:18:56,3.18,--,306,97308,卖盘
1979,10:18:50,3.18,--,1833,582894,卖盘
1980,10:18:44,3.18,--,151,48018,卖盘
1981,10:18:41,3.18,--,33,10494,卖盘
1982,10:18:35,3.18,--,2,636,卖盘
1983,10:18:26,3.18,-0.01,166,52788,卖盘
1984,10:18:20,3.19,0.01,216,68904,买盘
1985,10:18:14,3.18,--,1,318,卖盘
1986,10:18:11,3.18,--,115,36570,卖盘
1987,10:18:05,3.18,--,160,50880,卖盘
1988,10:17:59,3.18,--,206,65508,卖盘
1989,10:17:56,3.18,--,519,165042,卖盘
1990,10:17:50,3.18,--,2292,728856,卖盘
1991,10:17:44,3.18,--,130,41340,卖盘
1992,10:17:41,3.18,-0.01,542,172483,卖盘
1993,10:17:35,3.19,0.01,11,3509,买盘
1994,10:17:29,3.18,--,264,84034,卖盘
1995,10:17:26,3.18,--,47,14946,卖盘
1996,10:17:20,3.18,--,4926,1566468,卖盘
1997,10:17:14,3.18,--,1,318,卖盘
1998,10:17:11,3.18,--,133,42294,卖盘
1999,10:17:05,3.18,-0.01,454,144372,卖盘
2000,10:16:59,3.19,0.01,452,144188,买盘
2001,10:16:56,3.18,--,173,55014,卖盘
2002,10:16:50,3.18,--,688,218784,卖盘
2003,10:16:41,3.18,-0.01,11,3498,卖盘
2004,10:16:35,3.19,0.01,6,1914,买盘
2005,10:16:29,3.18,-0.01,1,318,卖盘
2006,10:16:26,3.19,0.01,112,35728,买盘
2007,10:16:20,3.18,--,19,6042,卖盘
2008,10:16:10,3.18,--,62,19716,卖盘
2009,10:16:05,3.18,--,49,15582,卖盘
2010,10:15:56,3.18,--,1,318,卖盘
2011,10:15:50,3.18,-0.01,219,69642,卖盘
2012,10:15:44,3.19,0.01,10,3190,买盘
2013,10:15:40,3.18,--,270,86053,卖盘
2014,10:15:35,3.18,--,65,20685,卖盘
2015,10:15:29,3.18,--,19,6042,卖盘
2016,10:15:26,3.18,-0.01,2,636,卖盘
2017,10:15:20,3.19,0.01,1,319,买盘
2018,10:15:10,3.18,-0.01,194,61692,卖盘
2019,10:15:05,3.19,--,30,9570,买盘
2020,10:14:59,3.19,--,336,107184,买盘
2021,10:14:55,3.19,--,21,6699,买盘
2022,10:14:50,3.19,0.01,2,638,买盘
2023,10:14:40,3.18,-0.01,93,29574,卖盘
2024,10:14:35,3.19,0.01,118,37642,买盘
2025,10:14:29,3.18,--,1,318,卖盘
2026,10:14:10,3.18,--,462,146916,卖盘
2027,10:14:05,3.18,-0.01,36,11448,卖盘
2028,10:13:55,3.19,--,58,18502,买盘
2029,10:13:40,3.19,0.01,2377,758371,买盘
2030,10:13:35,3.18,-0.01,76,24269,卖盘
2031,10:13:29,3.19,--,2,638,买盘
2032,10:13:25,3.19,0.01,120,38280,买盘
2033,10:13:20,3.18,-0.01,160,50880,卖盘
2034,10:13:10,3.19,0.01,31,9889,买盘
2035,10:13:05,3.18,--,223,70914,卖盘
2036,10:12:55,3.18,--,240,76320,卖盘
2037,10:12:50,3.18,-0.01,186,59148,卖盘
2038,10:12:44,3.19,0.01,61,19459,买盘
2039,10:12:40,3.18,--,270,85860,卖盘
2040,10:12:35,3.18,-0.01,351,111618,卖盘
2041,10:12:25,3.19,0.01,31,9889,买盘
2042,10:12:20,3.18,--,66,20988,卖盘
2043,10:12:14,3.18,--,301,95718,卖盘
2044,10:12:10,3.18,-0.01,180,57240,卖盘
2045,10:12:05,3.19,0.01,1,319,买盘
2046,10:11:59,3.18,--,3,954,卖盘
2047,10:11:53,3.18,-0.01,1,318,卖盘
2048,10:11:50,3.19,0.01,3,957,买盘
2049,10:11:44,3.18,--,181,57558,卖盘
2050,10:11:38,3.18,-0.01,23,7314,卖盘
2051,10:11:35,3.19,0.01,58,18738,买盘
2052,10:11:29,3.18,--,61,19690,卖盘
2053,10:11:20,3.18,-0.01,39,12402,卖盘
2054,10:11:08,3.19,--,2,638,买盘
2055,10:11:05,3.19,0.01,182,58058,买盘
2056,10:10:59,3.18,--,34,10812,卖盘
2057,10:10:50,3.18,--,31,9858,卖盘
2058,10:10:44,3.18,-0.01,685,217830,卖盘
2059,10:10:38,3.19,0.01,2120,676280,买盘
2060,10:10:35,3.18,--,1,318,卖盘
2061,10:10:29,3.18,--,149,47382,卖盘
2062,10:10:23,3.18,--,23,7314,卖盘
2063,10:10:14,3.18,-0.01,24,7632,卖盘
2064,10:10:08,3.19,--,1,319,买盘
2065,10:10:05,3.19,0.01,269,85811,买盘
2066,10:09:59,3.18,-0.01,362,115116,卖盘
2067,10:09:53,3.19,0.01,51,16269,买盘
2068,10:09:50,3.18,-0.01,4,1272,卖盘
2069,10:09:44,3.19,--,108,34452,买盘
2070,10:09:38,3.19,0.01,313,99847,买盘
2071,10:09:35,3.18,--,102,32436,卖盘
2072,10:09:29,3.18,-0.01,120,38369,卖盘
2073,10:09:23,3.19,0.01,2,638,买盘
2074,10:09:14,3.18,-0.01,3,954,卖盘
2075,10:09:08,3.19,0.01,2,638,买盘
2076,10:09:05,3.18,-0.01,201,63918,卖盘
2077,10:08:59,3.19,0.01,120,38280,买盘
2078,10:08:53,3.18,-0.01,10,3180,卖盘
2079,10:08:49,3.19,--,7,2233,买盘
2080,10:08:44,3.19,0.01,350,111650,买盘
2081,10:08:38,3.18,--,4,1272,卖盘
2082,10:08:34,3.18,-0.01,571,181578,卖盘
2083,10:08:23,3.19,0.01,4,1276,买盘
2084,10:08:19,3.18,--,2,636,卖盘
2085,10:08:14,3.18,-0.01,1,318,卖盘
2086,10:08:08,3.19,0.01,402,128238,买盘
2087,10:08:04,3.18,-0.01,100,31800,卖盘
2088,10:07:59,3.19,0.01,139,44341,买盘
2089,10:07:53,3.18,-0.01,72,22896,卖盘
2090,10:07:49,3.19,--,16,5104,买盘
2091,10:07:44,3.19,0.01,6,1914,买盘
2092,10:07:38,3.18,--,15,4770,卖盘
2093,10:07:34,3.18,--,3,954,卖盘
2094,10:07:29,3.18,--,105,33479,卖盘
2095,10:07:23,3.18,--,70,22380,卖盘
2096,10:07:19,3.18,--,87,27666,卖盘
2097,10:07:14,3.18,--,17,5406,卖盘
2098,10:07:08,3.18,-0.01,63,20034,卖盘
2099,10:07:04,3.19,0.01,138,44022,买盘
2100,10:06:59,3.18,-0.01,365,116070,卖盘
2101,10:06:49,3.19,0.01,389,124091,买盘
2102,10:06:44,3.18,--,44,13992,卖盘
2103,10:06:38,3.18,--,7,2226,卖盘
2104,10:06:34,3.18,-0.01,52,16536,卖盘
2105,10:06:29,3.19,0.01,413,131747,买盘
2106,10:06:23,3.18,-0.01,1,318,卖盘
2107,10:06:19,3.19,--,131,41789,买盘
2108,10:06:14,3.19,0.01,4,1276,买盘
2109,10:06:08,3.18,-0.01,139,44202,卖盘
2110,10:06:04,3.19,0.01,11,3509,买盘
2111,10:05:44,3.18,--,1,318,卖盘
2112,10:05:38,3.18,--,185,58830,卖盘
2113,10:05:33,3.18,-0.01,59,18803,卖盘
2114,10:05:29,3.19,0.01,2150,685850,买盘
2115,10:05:19,3.18,--,535,170298,卖盘
2116,10:05:14,3.18,-0.01,431,137058,卖盘
2117,10:05:08,3.19,0.01,184,58696,买盘
2118,10:05:04,3.18,-0.01,2,636,卖盘
2119,10:04:59,3.19,0.01,164,52316,买盘
2120,10:04:53,3.18,-0.01,1,318,卖盘
2121,10:04:47,3.19,0.01,100,31900,买盘
2122,10:04:44,3.18,-0.01,5,1590,卖盘
2123,10:04:38,3.19,--,2,638,买盘
2124,10:04:32,3.19,--,6,1914,买盘
2125,10:04:29,3.19,--,7,2233,买盘
2126,10:04:23,3.19,0.01,6,1914,买盘
2127,10:04:17,3.18,-0.01,1,318,卖盘
2128,10:04:14,3.19,--,31,9889,买盘
2129,10:04:08,3.19,0.01,265,84649,买盘
2130,10:04:02,3.18,-0.01,395,125610,卖盘
2131,10:03:59,3.19,0.01,117,37323,买盘
2132,10:03:53,3.18,--,1,318,卖盘
2133,10:03:47,3.18,--,357,113526,卖盘
2134,10:03:44,3.18,-0.01,350,111300,卖盘
2135,10:03:38,3.19,0.01,62,19778,买盘
2136,10:03:32,3.18,--,62,19871,卖盘
2137,10:03:28,3.18,-0.01,146,46428,卖盘
2138,10:03:23,3.19,--,419,133715,买盘
2139,10:03:17,3.19,0.01,101,32219,买盘
2140,10:03:13,3.18,--,63,20285,卖盘
2141,10:03:08,3.18,-0.01,211,67365,卖盘
2142,10:03:02,3.19,--,7,2233,买盘
2143,10:02:53,3.19,0.01,122,38918,买盘
2144,10:02:43,3.18,-0.01,95,30210,卖盘
2145,10:02:38,3.19,0.01,112,35728,买盘
2146,10:02:32,3.18,--,15,4770,卖盘
2147,10:02:28,3.18,--,152,48336,卖盘
2148,10:02:23,3.18,--,418,132924,卖盘
2149,10:02:17,3.18,--,117,37206,卖盘
2150,10:02:13,3.18,-0.01,22,6996,卖盘
2151,10:02:08,3.19,0.01,1148,366212,买盘
2152,10:02:02,3.18,--,210,66980,卖盘
2153,10:01:58,3.18,-0.01,128,40704,卖盘
2154,10:01:53,3.19,0.01,115,36685,买盘
2155,10:01:47,3.18,-0.01,150,47700,卖盘
2156,10:01:43,3.19,--,122,38918,买盘
2157,10:01:38,3.19,0.01,67,21503,买盘
2158,10:01:32,3.18,--,160,50880,卖盘
2159,10:01:28,3.18,--,3397,1080325,卖盘
2160,10:01:23,3.18,--,95,30210,卖盘
2161,10:01:17,3.18,--,400,127200,卖盘
2162,10:01:13,3.18,--,180,57500,卖盘
2163,10:01:08,3.18,--,1600,509057,卖盘
2164,10:01:02,3.18,--,300,95400,卖盘
2165,10:00:58,3.18,-0.01,216,68688,卖盘
2166,10:00:53,3.19,--,247,78793,买盘
2167,10:00:43,3.19,0.01,119,37961,买盘
2168,10:00:38,3.18,-0.01,1224,389232,卖盘
2169,10:00:32,3.19,0.01,9,2871,买盘
2170,10:00:28,3.18,--,4977,1582686,卖盘
2171,10:00:23,3.18,--,122,38796,卖盘
2172,10:00:17,3.18,--,1025,325950,卖盘
2173,10:00:13,3.18,--,246,78228,卖盘
2174,10:00:08,3.18,-0.01,1283,407994,卖盘
2175,10:00:02,3.19,0.01,22,7018,买盘
2176,09:59:58,3.18,-0.01,223,71114,卖盘
2177,09:59:53,3.19,0.01,5,1595,买盘
2178,09:59:47,3.18,--,16,5088,卖盘
2179,09:59:43,3.18,--,27,8586,卖盘
2180,09:59:38,3.18,--,191,60738,卖盘
2181,09:59:32,3.18,--,30,9540,卖盘
2182,09:59:28,3.18,-0.01,103,32757,卖盘
2183,09:59:23,3.19,0.01,370,118030,买盘
2184,09:59:17,3.18,--,102,32642,卖盘
2185,09:59:13,3.18,-0.01,1,318,卖盘
2186,09:59:08,3.19,0.01,53,16907,买盘
2187,09:59:02,3.18,--,12,4076,卖盘
2188,09:58:58,3.18,--,18,5981,卖盘
2189,09:58:53,3.18,-0.01,110,34980,卖盘
2190,09:58:47,3.19,0.01,1,319,买盘
2191,09:58:43,3.18,-0.01,1,318,卖盘
2192,09:58:38,3.19,0.01,79,25201,买盘
2193,09:58:32,3.18,--,125,39750,卖盘
2194,09:58:28,3.18,--,232,73776,卖盘
2195,09:58:23,3.18,--,388,123384,卖盘
2196,09:58:17,3.18,--,148,47064,卖盘
2197,09:58:12,3.18,--,31,9858,卖盘
2198,09:58:08,3.18,--,40,12720,卖盘
2199,09:58:02,3.18,--,1500,477000,卖盘
2200,09:57:58,3.18,--,363,115634,卖盘
2201,09:57:53,3.18,--,50,15900,卖盘
2202,09:57:47,3.18,--,105,33390,卖盘
2203,09:57:38,3.18,-0.01,5,1590,卖盘
2204,09:57:32,3.19,--,721,229999,买盘
2205,09:57:26,3.19,--,52,16588,买盘
2206,09:57:23,3.19,--,181,57936,买盘
2207,09:57:17,3.19,--,95,30317,买盘
2208,09:57:08,3.19,--,90,28710,买盘
2209,09:57:02,3.19,0.01,1151,367169,买盘
2210,09:56:56,3.18,-0.01,418,133124,卖盘
2211,09:56:52,3.19,0.01,128,40832,买盘
2212,09:56:47,3.18,--,384,122112,卖盘
2213,09:56:41,3.18,-0.01,1,318,卖盘
2214,09:56:37,3.19,--,42,13398,买盘
2215,09:56:32,3.19,0.01,325,103675,买盘
2216,09:56:26,3.18,-0.01,751,238818,卖盘
2217,09:56:22,3.19,--,40,12760,买盘
2218,09:56:17,3.19,0.01,121,38599,买盘
2219,09:56:11,3.18,-0.01,1,318,卖盘
2220,09:56:07,3.19,0.01,343,109417,买盘
2221,09:56:02,3.18,--,1181,375558,卖盘
2222,09:55:56,3.18,--,1,318,卖盘
2223,09:55:52,3.18,--,632,201176,卖盘
2224,09:55:47,3.18,--,406,129108,卖盘
2225,09:55:41,3.18,--,70,22260,卖盘
2226,09:55:37,3.18,-0.01,9,2862,卖盘
2227,09:55:32,3.19,0.01,23,7337,买盘
2228,09:55:26,3.18,-0.01,51,16338,卖盘
2229,09:55:22,3.19,0.01,67,21373,买盘
2230,09:55:17,3.18,--,227,72275,卖盘
2231,09:55:07,3.18,--,113,35934,卖盘
2232,09:55:02,3.18,--,186,59148,卖盘
2233,09:54:56,3.18,--,30,9740,卖盘
2234,09:54:52,3.18,-0.01,416,132288,卖盘
2235,09:54:47,3.19,0.01,69,22011,买盘
2236,09:54:41,3.18,--,1,318,卖盘
2237,09:54:37,3.18,-0.01,229,72822,卖盘
2238,09:54:32,3.19,0.01,118,37642,买盘
2239,09:54:26,3.18,-0.01,150,47700,卖盘
2240,09:54:22,3.19,0.01,41,13079,买盘
2241,09:54:17,3.18,-0.01,41,13038,卖盘
2242,09:54:07,3.19,--,124,39556,买盘
2243,09:54:02,3.19,0.01,24,7656,买盘
2244,09:53:56,3.18,--,50,15900,卖盘
2245,09:53:52,3.18,-0.01,145,46310,卖盘
2246,09:53:47,3.19,0.01,1115,355685,买盘
2247,09:53:41,3.18,-0.01,4,1272,卖盘
2248,09:53:37,3.19,0.01,2353,750607,买盘
2249,09:53:32,3.18,-0.01,124,39432,卖盘
2250,09:53:22,3.19,--,322,102718,买盘
2251,09:53:17,3.19,0.01,259,82831,买盘
2252,09:53:11,3.18,-0.01,13,4134,卖盘
2253,09:53:07,3.19,--,16,5104,买盘
2254,09:53:02,3.19,--,10,3190,买盘
2255,09:52:56,3.19,--,13,4399,买盘
2256,09:52:52,3.19,--,19,6328,买盘
2257,09:52:47,3.19,0.01,25,7975,买盘
2258,09:52:41,3.18,-0.01,1,318,卖盘
2259,09:52:37,3.19,--,86,27434,买盘
2260,09:52:32,3.19,--,82,26158,买盘
2261,09:52:26,3.19,0.01,117,37323,买盘
2262,09:52:22,3.18,-0.01,10,3180,卖盘
2263,09:52:17,3.19,--,26,8294,买盘
2264,09:52:07,3.19,0.01,229,73051,买盘
2265,09:52:02,3.18,--,831,264258,卖盘
2266,09:51:56,3.18,-0.01,1129,359022,卖盘
2267,09:51:52,3.19,0.01,18,5742,买盘
2268,09:51:47,3.18,-0.01,52,16736,卖盘
2269,09:51:41,3.19,0.01,245,78155,买盘
2270,09:51:37,3.18,-0.01,735,233730,卖盘
2271,09:51:32,3.19,--,42,13398,买盘
2272,09:51:22,3.19,--,290,92510,买盘
2273,09:51:17,3.19,0.01,557,177960,买盘
2274,09:51:11,3.18,-0.01,153,48905,卖盘
2275,09:51:07,3.19,0.01,44,14036,买盘
2276,09:51:02,3.18,-0.01,41,13038,卖盘
2277,09:50:56,3.19,--,7,2233,买盘
2278,09:50:51,3.19,0.01,76,24444,买盘
2279,09:50:47,3.18,-0.01,461,146598,卖盘
2280,09:50:37,3.19,--,1193,380567,买盘
2281,09:50:32,3.19,0.01,718,229042,买盘
2282,09:50:26,3.18,-0.01,523,166314,卖盘
2283,09:50:20,3.19,--,798,254562,买盘
2284,09:50:17,3.19,--,227,72413,买盘
2285,09:50:11,3.19,--,200,63800,买盘
2286,09:50:05,3.19,--,200,63800,买盘
2287,09:50:02,3.19,--,14,4466,买盘
2288,09:49:56,3.19,--,69,22011,买盘
2289,09:49:50,3.19,--,1,319,买盘
2290,09:49:47,3.19,--,197,63043,买盘
2291,09:49:41,3.19,--,92,29348,买盘
2292,09:49:35,3.19,0.01,111,35409,买盘
2293,09:49:31,3.18,-0.01,156,49608,卖盘
2294,09:49:26,3.19,--,581,185339,买盘
2295,09:49:16,3.19,0.01,1669,532411,买盘
2296,09:49:11,3.18,--,289,92111,卖盘
2297,09:49:05,3.18,-0.01,10,3180,卖盘
2298,09:49:01,3.19,0.01,575,183425,买盘
2299,09:48:56,3.18,--,211,67098,卖盘
2300,09:48:46,3.18,--,47,15194,卖盘
2301,09:48:41,3.18,-0.01,42,13626,卖盘
2302,09:48:31,3.19,0.01,21,6699,买盘
2303,09:48:16,3.18,-0.01,3,954,卖盘
2304,09:48:11,3.19,--,121,38599,买盘
2305,09:48:01,3.19,0.01,8,2552,买盘
2306,09:47:56,3.18,--,2,636,卖盘
2307,09:47:50,3.18,--,262,83316,卖盘
2308,09:47:46,3.18,--,81,25758,卖盘
2309,09:47:41,3.18,--,32,10376,卖盘
2310,09:47:31,3.18,--,1072,340896,卖盘
2311,09:47:26,3.18,-0.01,6,1908,卖盘
2312,09:47:20,3.19,--,119,37961,买盘
2313,09:47:16,3.19,0.01,215,68585,买盘
2314,09:47:11,3.18,-0.01,150,47909,卖盘
2315,09:46:56,3.19,0.01,234,74646,买盘
2316,09:46:50,3.18,--,240,76320,卖盘
2317,09:46:46,3.18,--,50,15900,卖盘
2318,09:46:41,3.18,--,394,125492,卖盘
2319,09:46:35,3.18,-0.01,1,318,卖盘
2320,09:46:31,3.19,--,29,9251,买盘
2321,09:46:20,3.19,--,234,74646,买盘
2322,09:46:16,3.19,0.01,731,233189,买盘
2323,09:46:11,3.18,--,4,1272,卖盘
2324,09:46:05,3.18,--,240,76320,卖盘
2325,09:46:01,3.18,--,58,18444,卖盘
2326,09:45:56,3.18,--,857,272526,卖盘
2327,09:45:50,3.18,-0.01,4,1272,卖盘
2328,09:45:46,3.19,0.01,600,191400,买盘
2329,09:45:41,3.18,--,632,201176,卖盘
2330,09:45:35,3.18,-0.01,208,66144,卖盘
2331,09:45:31,3.19,--,50,15950,买盘
2332,09:45:26,3.19,--,140,44660,买盘
2333,09:45:16,3.19,0.01,13,4147,买盘
2334,09:45:11,3.18,-0.01,152,48545,卖盘
2335,09:45:01,3.19,0.01,236,75284,买盘
2336,09:44:56,3.18,-0.01,53,16854,卖盘
2337,09:44:46,3.19,0.01,97,30943,买盘
2338,09:44:41,3.18,--,136,43546,卖盘
2339,09:44:35,3.18,--,17,5625,卖盘
2340,09:44:31,3.18,-0.01,585,186030,卖盘
2341,09:44:26,3.19,--,404,128876,买盘
2342,09:44:20,3.19,0.01,408,130152,买盘
2343,09:44:16,3.18,--,319,101442,卖盘
2344,09:44:10,3.18,--,265,84270,卖盘
2345,09:44:05,3.18,--,6,1908,卖盘
2346,09:44:01,3.18,--,1,318,卖盘
2347,09:43:56,3.18,-0.01,186,59148,卖盘
2348,09:43:50,3.19,0.01,2,638,买盘
2349,09:43:45,3.18,--,235,74730,卖盘
2350,09:43:41,3.18,-0.01,443,140874,卖盘
2351,09:43:35,3.19,--,41,13279,买盘
2352,09:43:30,3.19,--,233,74327,买盘
2353,09:43:26,3.19,--,26,8294,买盘
2354,09:43:20,3.19,0.01,19,6061,买盘
2355,09:43:14,3.18,-0.01,122,38796,卖盘
2356,09:43:11,3.19,--,1008,321676,买盘
2357,09:43:05,3.19,--,147,46979,买盘
2358,09:42:59,3.19,--,257,81983,买盘
2359,09:42:50,3.19,0.01,69,22011,买盘
2360,09:42:44,3.18,-0.01,3629,1154022,卖盘
2361,09:42:40,3.19,0.01,4,1276,买盘
2362,09:42:35,3.18,-0.01,68,21824,卖盘
2363,09:42:29,3.19,0.01,174,55506,买盘
2364,09:42:25,3.18,-0.01,502,159636,卖盘
2365,09:42:20,3.19,0.01,10,3190,买盘
2366,09:42:14,3.18,-0.01,1,318,卖盘
2367,09:42:10,3.19,--,55,17545,买盘
2368,09:42:05,3.19,--,121,38599,买盘
2369,09:41:59,3.19,--,198,63162,买盘
2370,09:41:55,3.19,--,174,55506,买盘
2371,09:41:50,3.19,0.01,24,7656,买盘
2372,09:41:40,3.18,-0.01,75,23850,卖盘
2373,09:41:35,3.19,0.01,387,123653,买盘
2374,09:41:29,3.18,--,14,4452,卖盘
2375,09:41:25,3.18,-0.01,574,182532,卖盘
2376,09:41:20,3.19,--,15,4785,买盘
2377,09:41:10,3.19,0.01,156,49764,买盘
2378,09:41:04,3.18,--,126,40277,卖盘
2379,09:40:55,3.18,--,190,60420,卖盘
2380,09:40:44,3.18,-0.01,7,2226,卖盘
2381,09:40:40,3.19,--,33,10527,买盘
2382,09:40:34,3.19,0.01,65,20990,买盘
2383,09:40:29,3.18,-0.01,77,24749,卖盘
2384,09:40:25,3.19,0.01,175,55825,买盘
2385,09:40:19,3.18,-0.01,184,58512,卖盘
2386,09:40:14,3.19,--,1,319,买盘
2387,09:40:10,3.19,0.01,121,38599,买盘
2388,09:40:04,3.18,-0.01,235,74730,卖盘
2389,09:39:59,3.19,--,5,1595,买盘
2390,09:39:55,3.19,0.01,83,26477,买盘
2391,09:39:49,3.18,-0.01,194,61692,卖盘
2392,09:39:44,3.19,0.01,1,319,买盘
2393,09:39:40,3.18,--,27,8586,卖盘
2394,09:39:34,3.18,--,60,19080,卖盘
2395,09:39:29,3.18,--,43,13874,卖盘
2396,09:39:25,3.18,--,328,104304,卖盘
2397,09:39:19,3.18,-0.01,1,318,卖盘
2398,09:39:14,3.19,0.01,200,63800,买盘
2399,09:39:10,3.18,--,26,8268,卖盘
2400,09:39:04,3.18,--,362,115325,卖盘
2401,09:38:59,3.18,-0.01,1,318,卖盘
2402,09:38:55,3.19,0.01,199,63481,买盘
2403,09:38:49,3.18,--,25,7950,卖盘
2404,09:38:44,3.18,-0.01,65,20670,卖盘
2405,09:38:40,3.19,0.01,14,4466,买盘
2406,09:38:34,3.18,-0.01,138,43884,卖盘
2407,09:38:29,3.19,0.01,5,1595,买盘
2408,09:38:25,3.18,--,61,19598,卖盘
2409,09:38:19,3.18,--,59,18762,卖盘
2410,09:38:10,3.18,-0.01,328,104304,卖盘
2411,09:38:04,3.19,--,1,319,买盘
2412,09:37:59,3.19,0.01,1,319,买盘
2413,09:37:55,3.18,-0.01,598,190164,卖盘
2414,09:37:49,3.19,0.01,105,33495,买盘
2415,09:37:44,3.18,-0.01,369,117342,卖盘
2416,09:37:39,3.19,--,15,4785,买盘
2417,09:37:34,3.19,--,29,9251,买盘
2418,09:37:29,3.19,0.01,1,319,买盘
2419,09:37:25,3.18,-0.01,133,42494,卖盘
2420,09:37:19,3.19,0.01,169,53911,买盘
2421,09:37:14,3.18,-0.01,138,43884,卖盘
2422,09:37:09,3.19,--,3,957,买盘
2423,09:37:04,3.19,0.01,477,152373,买盘
2424,09:36:59,3.18,-0.01,75,23850,卖盘
2425,09:36:55,3.19,--,2505,799095,买盘
2426,09:36:49,3.19,0.01,11,3509,买盘
2427,09:36:40,3.18,--,4,1272,卖盘
2428,09:36:34,3.18,--,340,108120,卖盘
2429,09:36:24,3.18,--,31,10058,卖盘
2430,09:36:19,3.18,--,122,38796,卖盘
2431,09:36:14,3.18,-0.01,35,11130,卖盘
2432,09:36:08,3.19,0.01,2,638,买盘
2433,09:35:59,3.18,--,1,318,卖盘
2434,09:35:49,3.18,--,205,65190,卖盘
2435,09:35:43,3.18,-0.01,3,954,卖盘
2436,09:35:38,3.19,0.01,124,39556,买盘
2437,09:35:34,3.18,--,810,257580,卖盘
2438,09:35:23,3.18,--,60,19280,卖盘
2439,09:35:19,3.18,-0.01,20,6360,卖盘
2440,09:35:13,3.19,--,3023,964337,买盘
2441,09:35:08,3.19,--,4,1276,买盘
2442,09:35:04,3.19,--,1910,609500,买盘
2443,09:34:58,3.19,--,1,319,买盘
2444,09:34:53,3.19,0.01,6,1914,买盘
2445,09:34:49,3.18,-0.01,16,5088,卖盘
2446,09:34:43,3.19,--,100,31900,买盘
2447,09:34:38,3.19,--,15,4785,买盘
2448,09:34:34,3.19,--,327,104313,买盘
2449,09:34:28,3.19,0.01,299,95381,买盘
2450,09:34:19,3.18,--,43,13674,卖盘
2451,09:34:13,3.18,--,125,39750,卖盘
2452,09:34:08,3.18,-0.01,211,67098,卖盘
2453,09:34:04,3.19,--,84,26796,买盘
2454,09:33:58,3.19,--,198,63162,买盘
2455,09:33:53,3.19,--,30,9570,买盘
2456,09:33:49,3.19,--,693,221067,买盘
2457,09:33:43,3.19,--,771,245949,买盘
2458,09:33:38,3.19,--,725,231275,买盘
2459,09:33:34,3.19,--,598,190762,买盘
2460,09:33:23,3.19,--,2,638,买盘
2461,09:33:19,3.19,0.01,500,159500,买盘
2462,09:33:13,3.18,-0.01,1,318,卖盘
2463,09:33:08,3.19,0.01,182,58058,买盘
2464,09:33:04,3.18,-0.01,183,58194,卖盘
2465,09:32:58,3.19,0.01,265,84535,买盘
2466,09:32:49,3.18,--,2,636,卖盘
2467,09:32:43,3.18,-0.01,769,244542,卖盘
2468,09:32:38,3.19,--,7,2233,买盘
2469,09:32:34,3.19,--,707,225533,买盘
2470,09:32:28,3.19,--,416,132704,买盘
2471,09:32:23,3.19,0.01,3,957,买盘
2472,09:32:19,3.18,-0.01,622,197999,卖盘
2473,09:32:13,3.19,--,1695,540705,买盘
2474,09:32:08,3.19,--,2,638,买盘
2475,09:32:04,3.19,--,37,11803,买盘
2476,09:31:58,3.19,--,21,6699,买盘
2477,09:31:53,3.19,--,510,162690,买盘
2478,09:31:49,3.19,0.01,117,37323,买盘
2479,09:31:43,3.18,-0.01,525,166950,卖盘
2480,09:31:38,3.19,0.01,23,7337,买盘
2481,09:31:34,3.18,-0.01,485,154230,卖盘
2482,09:31:28,3.19,--,67,21373,买盘
2483,09:31:23,3.19,--,164,52316,买盘
2484,09:31:18,3.19,--,219,69861,买盘
2485,09:31:13,3.19,0.01,20,6380,买盘
2486,09:31:08,3.18,-0.01,105,33390,卖盘
2487,09:31:04,3.19,--,2,638,买盘
2488,09:30:58,3.19,--,613,195547,买盘
2489,09:30:53,3.19,--,20,6380,买盘
2490,09:30:48,3.19,--,103,32857,买盘
2491,09:30:43,3.19,--,882,281358,买盘
2492,09:30:38,3.19,0.01,267,85173,买盘
2493,09:30:33,3.18,-0.01,310,98580,卖盘
2494,09:30:28,3.19,--,1,319,买盘
2495,09:30:23,3.19,--,1883,600677,买盘
2496,09:30:18,3.19,0.01,2118,675642,买盘
2497,09:30:08,3.18,-0.01,2314,735852,卖盘
2498,09:30:03,3.19,--,2762,881078,买盘
2499,09:28:50,3.19,--,0,0,买盘
2500,09:25:07,3.19,3.19,6210,1980990,买盘
