,time,price,change,volume,amount,type
0,15:00:00,10.16,--,0,0,卖盘
1,15:00:00,10.16,--,0,0,卖盘
2,14:59:58,10.16,--,57,57912,卖盘
3,14:59:53,10.16,-0.01,182,184912,卖盘
4,14:59:47,10.17,--,30,30510,买盘
5,14:59:43,10.17,--,2,2034,买盘
6,14:59:38,10.17,--,2,2034,买盘
7,14:59:23,10.17,0.01,8,8136,买盘
8,14:59:17,10.16,-0.01,87,88392,卖盘
9,14:59:13,10.17,--,106,107802,买盘
10,14:59:08,10.17,--,65,66105,买盘
11,14:59:02,10.17,0.01,46,46782,买盘
12,14:58:52,10.16,--,245,248920,卖盘
13,14:58:47,10.16,--,717,728472,卖盘
14,14:58:43,10.16,-0.01,3,3048,卖盘
15,14:58:38,10.17,0.01,334,339678,买盘
16,14:58:32,10.16,-0.01,341,346456,卖盘
17,14:58:23,10.17,0.01,17,17289,买盘
18,14:58:17,10.16,-0.01,80,81280,卖盘
19,14:58:13,10.17,0.01,28,28476,买盘
20,14:58:08,10.16,-0.01,10,10160,卖盘
21,14:58:02,10.17,0.01,13,13221,买盘
22,14:57:53,10.16,-0.01,20,20320,卖盘
23,14:57:47,10.17,--,103,104751,买盘
24,14:57:32,10.17,--,50,50850,买盘
25,14:57:23,10.17,--,200,203400,买盘
26,14:57:17,10.17,--,36,36612,买盘
27,14:57:13,10.17,--,40,40680,买盘
28,14:57:08,10.17,--,35,35595,买盘
29,14:57:02,10.17,--,41,41697,买盘
30,14:56:53,10.17,--,160,163533,卖盘
31,14:56:47,10.17,-0.01,16,16272,卖盘
32,14:56:41,10.18,0.01,1,1018,买盘
33,14:56:37,10.17,--,129,131803,卖盘
34,14:56:32,10.17,-0.01,40,40680,卖盘
35,14:56:26,10.18,0.01,27,27486,买盘
36,14:56:22,10.17,--,100,101700,卖盘
37,14:56:17,10.17,--,71,72207,卖盘
38,14:56:11,10.17,--,40,40680,卖盘
39,14:56:07,10.17,--,2297,2336659,买盘
40,14:56:02,10.17,0.01,3,3051,买盘
41,14:55:56,10.16,-0.01,6,6096,卖盘
42,14:55:52,10.17,--,20,20340,买盘
43,14:55:47,10.17,-0.01,435,443208,卖盘
44,14:55:37,10.18,0.01,191,194438,买盘
45,14:55:32,10.17,--,161,163737,卖盘
46,14:55:26,10.17,--,85,86445,卖盘
47,14:55:22,10.17,--,60,61020,卖盘
48,14:55:17,10.17,0.01,1654,1682321,买盘
49,14:55:11,10.16,--,80,81686,卖盘
50,14:55:07,10.16,-0.01,97,98552,卖盘
51,14:55:02,10.17,--,1018,1035306,买盘
52,14:54:52,10.17,0.01,48,48816,买盘
53,14:54:47,10.16,-0.01,262,266872,卖盘
54,14:54:41,10.17,0.01,8,8136,买盘
55,14:54:37,10.16,-0.01,22,22352,卖盘
56,14:54:22,10.17,--,661,673050,卖盘
57,14:54:17,10.17,--,50,50850,卖盘
58,14:54:11,10.17,--,122,124074,卖盘
59,14:54:07,10.17,--,74,75258,卖盘
60,14:54:02,10.17,--,51,51867,卖盘
61,14:53:56,10.17,--,198,201366,卖盘
62,14:53:52,10.17,--,147,149499,卖盘
63,14:53:46,10.17,--,330,335610,卖盘
64,14:53:41,10.17,--,156,158652,卖盘
65,14:53:37,10.17,--,37,37629,卖盘
66,14:53:31,10.17,-0.01,116,117972,卖盘
67,14:53:26,10.18,0.01,45,45810,买盘
68,14:53:22,10.17,--,779,792243,卖盘
69,14:53:16,10.17,--,56,56952,卖盘
70,14:53:11,10.17,--,3,3051,卖盘
71,14:53:07,10.17,--,249,253233,卖盘
72,14:53:02,10.17,--,7,7119,卖盘
73,14:52:56,10.17,--,1,1017,卖盘
74,14:52:52,10.17,--,113,114921,卖盘
75,14:52:47,10.17,--,241,245097,卖盘
76,14:52:41,10.17,0.01,1353,1376204,买盘
77,14:52:37,10.16,-0.01,69,70104,卖盘
78,14:52:32,10.17,0.01,63,64071,买盘
79,14:52:26,10.16,--,60,60960,卖盘
80,14:52:22,10.16,-0.01,3,3048,卖盘
81,14:52:17,10.17,--,100,101700,买盘
82,14:52:11,10.17,0.01,1,1017,买盘
83,14:52:07,10.16,--,56,56896,卖盘
84,14:51:56,10.16,--,150,152400,卖盘
85,14:51:47,10.16,--,25,25400,卖盘
86,14:51:41,10.16,--,34,34544,卖盘
87,14:51:37,10.16,--,4,4064,卖盘
88,14:51:32,10.16,--,27,27432,卖盘
89,14:51:26,10.16,--,37,37592,卖盘
90,14:51:17,10.16,-0.01,11,11176,卖盘
91,14:51:11,10.17,--,20,20340,买盘
92,14:51:07,10.17,--,6,6102,买盘
93,14:51:01,10.17,--,1226,1247655,卖盘
94,14:50:56,10.17,--,728,740376,卖盘
95,14:50:52,10.17,--,90,91530,卖盘
96,14:50:46,10.17,--,80,81360,卖盘
97,14:50:41,10.17,--,29,29493,卖盘
98,14:50:37,10.17,--,122,124074,卖盘
99,14:50:31,10.17,--,32,32544,卖盘
100,14:50:26,10.17,--,14,14238,卖盘
101,14:50:21,10.17,-0.01,29,29493,卖盘
102,14:50:16,10.18,0.01,33,33594,买盘
103,14:50:11,10.17,-0.01,3,3051,卖盘
104,14:50:07,10.18,0.01,302,307436,买盘
105,14:50:02,10.17,--,30,30510,卖盘
106,14:49:56,10.17,--,32,32544,卖盘
107,14:49:51,10.17,--,13,13221,卖盘
108,14:49:46,10.17,--,305,310185,卖盘
109,14:49:41,10.17,--,58,58986,卖盘
110,14:49:36,10.17,--,5,5085,卖盘
111,14:49:31,10.17,--,124,126108,卖盘
112,14:49:26,10.17,-0.01,29,29493,卖盘
113,14:49:21,10.18,0.01,10,10180,买盘
114,14:49:16,10.17,--,10,10170,卖盘
115,14:49:11,10.17,--,43,43731,卖盘
116,14:49:06,10.17,-0.01,10,10170,卖盘
117,14:49:01,10.18,0.01,2,2036,买盘
118,14:48:55,10.17,--,217,220689,卖盘
119,14:48:50,10.17,--,28,28476,卖盘
120,14:48:46,10.17,-0.01,16,16272,卖盘
121,14:48:41,10.18,0.01,36,36648,买盘
122,14:48:35,10.17,--,16,16272,卖盘
123,14:48:31,10.17,--,33,33561,卖盘
124,14:48:25,10.17,--,104,105768,卖盘
125,14:48:16,10.17,--,50,50850,卖盘
126,14:48:10,10.17,-0.01,83,84411,卖盘
127,14:48:05,10.18,0.01,5,5090,买盘
128,14:48:01,10.17,--,7,7119,卖盘
129,14:47:55,10.17,--,33,33561,卖盘
130,14:47:46,10.17,--,53,54714,卖盘
131,14:47:40,10.17,-0.01,84,85428,卖盘
132,14:47:35,10.18,--,285,290130,买盘
133,14:47:31,10.18,0.01,22,22396,买盘
134,14:47:25,10.17,--,3,3051,卖盘
135,14:47:16,10.17,--,18,18306,卖盘
136,14:47:10,10.17,--,28,28476,卖盘
137,14:47:05,10.17,--,5,5085,卖盘
138,14:47:01,10.17,--,29,29493,卖盘
139,14:46:55,10.17,--,10,10170,卖盘
140,14:46:50,10.17,--,370,376290,卖盘
141,14:46:35,10.17,-0.01,20,20340,卖盘
142,14:46:31,10.18,--,2,2036,买盘
143,14:46:25,10.18,0.01,69,70242,买盘
144,14:46:16,10.17,--,63,64071,卖盘
145,14:46:10,10.17,--,3,3051,卖盘
146,14:46:05,10.17,--,5,5085,卖盘
147,14:46:01,10.17,--,354,360018,卖盘
148,14:45:55,10.17,--,1,1017,卖盘
149,14:45:50,10.17,--,30,30510,卖盘
150,14:45:35,10.17,--,5,5085,卖盘
151,14:45:25,10.17,-0.01,10,10170,卖盘
152,14:45:16,10.18,0.01,116,118088,买盘
153,14:45:05,10.17,--,10,10170,卖盘
154,14:44:55,10.17,-0.01,1,1017,卖盘
155,14:44:46,10.18,--,100,101800,买盘
156,14:44:35,10.18,0.01,6,6108,买盘
157,14:44:25,10.17,--,22,22374,卖盘
158,14:44:20,10.17,--,37,37629,卖盘
159,14:44:15,10.17,-0.01,27,28272,卖盘
160,14:44:10,10.18,0.01,19,20156,买盘
161,14:44:05,10.17,-0.01,56,57765,卖盘
162,14:43:50,10.18,--,34,34612,买盘
163,14:43:35,10.18,-0.01,18,18324,卖盘
164,14:43:20,10.19,0.01,1,1019,买盘
165,14:43:10,10.18,0.01,49,49882,卖盘
166,14:43:05,10.17,-0.01,53,54714,卖盘
167,14:42:55,10.18,0.01,973,990717,买盘
168,14:42:50,10.17,--,1,1017,卖盘
169,14:42:45,10.17,--,11,11187,卖盘
170,14:42:35,10.17,--,8,8136,卖盘
171,14:42:30,10.17,--,5,5085,卖盘
172,14:42:25,10.17,--,90,91530,卖盘
173,14:42:20,10.17,--,10,10170,卖盘
174,14:42:15,10.17,--,120,122040,卖盘
175,14:42:10,10.17,-0.01,106,107802,卖盘
176,14:42:05,10.18,--,11,11198,买盘
177,14:41:55,10.18,0.01,51,51918,买盘
178,14:41:49,10.17,--,20,20340,卖盘
179,14:41:40,10.17,--,5,5085,卖盘
180,14:41:34,10.17,--,106,107802,买盘
181,14:41:25,10.17,0.01,15,15255,卖盘
182,14:41:10,10.16,-0.02,62,62992,卖盘
183,14:41:04,10.18,0.02,48,48864,买盘
184,14:40:59,10.16,-0.01,110,111760,卖盘
185,14:40:55,10.17,0.01,255,259945,买盘
186,14:40:40,10.16,--,20,20320,卖盘
187,14:40:34,10.16,-0.01,19,19304,卖盘
188,14:40:29,10.17,0.01,190,193230,买盘
189,14:40:19,10.16,-0.01,18,19100,卖盘
190,14:40:14,10.17,--,5,5085,买盘
191,14:40:10,10.17,0.01,2,2034,买盘
192,14:40:04,10.16,--,7,7112,卖盘
193,14:39:59,10.16,--,553,561848,卖盘
194,14:39:55,10.16,--,18,19100,卖盘
195,14:39:49,10.16,-0.01,28,28448,卖盘
196,14:39:44,10.17,0.01,1,1017,买盘
197,14:39:40,10.16,--,1,1016,卖盘
198,14:39:34,10.16,--,5,5080,卖盘
199,14:39:10,10.16,-0.01,20,20320,卖盘
200,14:39:04,10.17,--,176,178992,卖盘
201,14:38:59,10.17,--,90,91530,卖盘
202,14:38:49,10.17,--,150,152550,卖盘
203,14:38:44,10.17,--,150,152550,卖盘
204,14:38:40,10.17,--,10,10170,卖盘
205,14:38:34,10.17,--,507,516330,卖盘
206,14:38:14,10.17,--,54,54918,卖盘
207,14:38:10,10.17,-0.01,305,310185,卖盘
208,14:38:04,10.18,0.01,54,54972,买盘
209,14:37:55,10.17,--,7,7119,卖盘
210,14:37:40,10.17,-0.01,46,46782,卖盘
211,14:37:34,10.18,0.01,54,54972,买盘
212,14:37:28,10.17,--,320,325501,买盘
213,14:37:25,10.17,0.01,10,10170,买盘
214,14:37:19,10.16,--,50,50800,卖盘
215,14:37:14,10.16,-0.01,257,261640,卖盘
216,14:37:10,10.17,--,30,30510,卖盘
217,14:37:04,10.17,--,51,51867,卖盘
218,14:36:59,10.17,0.01,171,174395,买盘
219,14:36:49,10.16,--,358,363728,卖盘
220,14:36:39,10.16,-0.01,18,18288,卖盘
221,14:36:34,10.17,0.01,15,15255,买盘
222,14:36:29,10.16,--,18,18288,卖盘
223,14:36:19,10.16,-0.01,19,19304,卖盘
224,14:36:14,10.17,--,56,57480,卖盘
225,14:36:09,10.17,--,18,18306,卖盘
226,14:36:04,10.17,--,29,29493,卖盘
227,14:35:59,10.17,--,1185,1205836,卖盘
228,14:35:49,10.17,--,103,104751,卖盘
229,14:35:44,10.17,--,39,39663,卖盘
230,14:35:39,10.17,--,322,327474,卖盘
231,14:35:34,10.17,--,9,9153,卖盘
232,14:35:04,10.17,-0.01,7,7119,卖盘
233,14:34:58,10.18,0.01,3,3054,买盘
234,14:34:54,10.17,-0.01,20,20340,卖盘
235,14:34:39,10.18,0.01,5,5090,买盘
236,14:34:34,10.17,-0.01,10,10170,卖盘
237,14:34:28,10.18,--,1,1018,买盘
238,14:34:19,10.18,0.01,4,4072,买盘
239,14:34:13,10.17,-0.01,10,10983,卖盘
240,14:34:08,10.18,0.01,31,31558,买盘
241,14:34:04,10.17,--,12,12204,卖盘
242,14:33:58,10.17,-0.01,1,1017,卖盘
243,14:33:54,10.18,0.01,1,1018,买盘
244,14:33:49,10.17,-0.01,30,30510,卖盘
245,14:33:43,10.18,0.01,609,619962,买盘
246,14:33:34,10.17,--,338,343746,卖盘
247,14:33:23,10.17,--,19,19323,卖盘
248,14:33:19,10.17,-0.01,1,1017,卖盘
249,14:33:13,10.18,0.01,2,2036,买盘
250,14:33:04,10.17,--,312,317304,卖盘
251,14:32:58,10.17,-0.01,1,1017,卖盘
252,14:32:53,10.18,0.01,1,1018,买盘
253,14:32:38,10.17,--,50,50850,卖盘
254,14:32:34,10.17,--,4,4068,卖盘
255,14:32:28,10.17,--,5,5085,卖盘
256,14:32:19,10.17,0.01,105,106785,卖盘
257,14:32:04,10.16,-0.01,7,7112,卖盘
258,14:31:58,10.17,--,7,7119,卖盘
259,14:31:53,10.17,0.01,42,42714,买盘
260,14:31:49,10.16,-0.01,76,77216,卖盘
261,14:31:34,10.17,0.01,37,37629,买盘
262,14:31:28,10.16,-0.01,15,15240,卖盘
263,14:31:18,10.17,-0.01,130,132210,卖盘
264,14:31:13,10.18,0.01,3,3054,买盘
265,14:31:08,10.17,--,20,20340,卖盘
266,14:31:04,10.17,--,11,11187,卖盘
267,14:30:58,10.17,--,293,297981,卖盘
268,14:30:49,10.17,--,128,130176,卖盘
269,14:30:43,10.17,--,22,22984,卖盘
270,14:30:38,10.17,--,314,319338,卖盘
271,14:30:33,10.17,-0.01,247,251707,卖盘
272,14:30:28,10.18,0.01,7,7126,买盘
273,14:30:23,10.17,--,191,194247,卖盘
274,14:30:19,10.17,--,112,113904,卖盘
275,14:30:13,10.17,--,59,60003,卖盘
276,14:30:08,10.17,--,192,195264,卖盘
277,14:30:04,10.17,--,10,10170,卖盘
278,14:29:57,10.17,--,489,497313,卖盘
279,14:29:48,10.17,--,173,175941,卖盘
280,14:29:43,10.17,-0.01,418,425106,卖盘
281,14:29:38,10.18,0.01,1,1018,买盘
282,14:29:34,10.17,-0.01,32,32544,卖盘
283,14:29:28,10.18,0.01,272,277405,买盘
284,14:29:18,10.17,--,112,113904,卖盘
285,14:29:13,10.17,--,7,7119,卖盘
286,14:29:08,10.17,--,4,4068,卖盘
287,14:29:03,10.17,-0.01,32,32544,卖盘
288,14:28:48,10.18,0.01,112,114016,买盘
289,14:28:43,10.17,-0.01,205,209298,卖盘
290,14:28:38,10.18,0.01,55,55990,买盘
291,14:28:33,10.17,--,37,37629,卖盘
292,14:28:28,10.17,--,5,5085,卖盘
293,14:28:22,10.17,-0.01,107,108819,卖盘
294,14:28:18,10.18,0.01,1,1018,买盘
295,14:28:13,10.17,--,11,11187,卖盘
296,14:28:06,10.17,-0.01,6,6102,卖盘
297,14:28:03,10.18,--,2,2036,买盘
298,14:27:58,10.18,0.01,373,379714,买盘
299,14:27:52,10.17,--,150,152550,卖盘
300,14:27:37,10.17,-0.01,49,49833,卖盘
301,14:27:33,10.18,--,54,54972,买盘
302,14:27:28,10.18,0.01,3,3054,买盘
303,14:27:18,10.17,-0.01,234,238262,卖盘
304,14:27:13,10.18,--,1,1018,买盘
305,14:27:07,10.18,0.01,335,341030,买盘
306,14:27:03,10.17,--,6,6102,卖盘
307,14:26:58,10.17,-0.01,126,128142,卖盘
308,14:26:52,10.18,--,158,160844,买盘
309,14:26:47,10.18,0.01,2,2036,买盘
310,14:26:37,10.17,-0.01,5,5085,卖盘
311,14:26:18,10.18,--,28,28504,买盘
312,14:26:13,10.18,0.01,2,2036,买盘
313,14:26:06,10.17,--,15,15255,卖盘
314,14:26:02,10.17,-0.01,1,1017,卖盘
315,14:25:57,10.18,0.01,25,25450,买盘
316,14:25:52,10.17,--,32,32544,卖盘
317,14:25:47,10.17,-0.01,28,28476,卖盘
318,14:25:37,10.18,0.01,7,7126,买盘
319,14:25:32,10.17,-0.01,6,6102,卖盘
320,14:25:27,10.18,--,15,15270,买盘
321,14:25:22,10.18,--,1,1018,买盘
322,14:25:17,10.18,--,17,17306,买盘
323,14:25:07,10.18,--,6,6108,买盘
324,14:25:02,10.18,--,21,21378,买盘
325,14:24:42,10.18,0.01,14,14252,买盘
326,14:24:37,10.17,-0.01,5,5085,卖盘
327,14:24:32,10.18,--,1,1018,买盘
328,14:24:27,10.18,--,202,206022,卖盘
329,14:24:22,10.18,-0.01,50,50900,卖盘
330,14:24:17,10.19,--,64,65216,买盘
331,14:24:12,10.19,0.01,1,1019,买盘
332,14:24:06,10.18,--,123,125845,卖盘
333,14:24:02,10.18,--,6,6108,卖盘
334,14:23:57,10.18,--,2,2036,卖盘
335,14:23:47,10.18,--,147,150277,卖盘
336,14:23:42,10.18,-0.01,1,1018,卖盘
337,14:23:37,10.19,0.01,17,17323,买盘
338,14:23:22,10.18,-0.01,116,118719,卖盘
339,14:23:16,10.19,--,1,1019,买盘
340,14:23:12,10.19,0.01,61,62159,买盘
341,14:23:07,10.18,-0.01,4,4072,卖盘
342,14:23:02,10.19,0.01,2,2038,买盘
343,14:22:57,10.18,-0.01,1,1018,卖盘
344,14:22:42,10.19,0.01,11,11209,买盘
345,14:22:36,10.18,--,117,119808,卖盘
346,14:22:32,10.18,--,1,1018,卖盘
347,14:22:27,10.18,--,135,137430,卖盘
348,14:22:17,10.18,-0.01,121,123300,卖盘
349,14:22:12,10.19,0.01,70,71330,买盘
350,14:22:07,10.18,--,10,10180,卖盘
351,14:21:57,10.18,-0.01,117,119228,卖盘
352,14:21:52,10.19,0.01,1,1019,买盘
353,14:21:36,10.18,--,5,5090,卖盘
354,14:21:27,10.18,-0.01,103,104854,卖盘
355,14:21:15,10.19,--,1,1019,买盘
356,14:21:12,10.19,0.01,1,1019,买盘
357,14:21:07,10.18,-0.01,6,6108,卖盘
358,14:21:00,10.19,--,106,108014,买盘
359,14:20:57,10.19,0.01,1,1019,买盘
360,14:20:52,10.18,--,14,14252,卖盘
361,14:20:37,10.18,--,5,5090,卖盘
362,14:20:16,10.18,--,3,3054,卖盘
363,14:20:06,10.18,--,181,184258,卖盘
364,14:20:00,10.18,--,17,17306,卖盘
365,14:19:36,10.18,--,6,6108,卖盘
366,14:19:30,10.18,-0.01,17,17306,卖盘
367,14:19:16,10.19,--,5,5095,买盘
368,14:19:12,10.19,0.01,105,106995,买盘
369,14:19:07,10.18,--,30,30540,卖盘
370,14:19:01,10.18,-0.01,26,26468,卖盘
371,14:18:57,10.19,--,55,56045,卖盘
372,14:18:52,10.19,--,25,25475,卖盘
373,14:18:46,10.19,--,350,356650,卖盘
374,14:18:42,10.19,-0.01,25,25475,卖盘
375,14:18:37,10.2,--,8,8159,买盘
376,14:18:27,10.2,--,22,22440,买盘
377,14:18:21,10.2,--,36,36720,买盘
378,14:18:15,10.2,--,4,4079,买盘
379,14:18:12,10.2,0.01,353,360060,买盘
380,14:18:06,10.19,-0.01,7,7133,卖盘
381,14:18:01,10.2,0.01,1,1019,买盘
382,14:17:56,10.19,--,301,306719,卖盘
383,14:17:45,10.19,--,5,5095,卖盘
384,14:17:41,10.19,--,3,3057,卖盘
385,14:17:36,10.19,-0.01,5,5095,卖盘
386,14:17:31,10.2,--,1,1019,买盘
387,14:17:21,10.2,--,26,26519,买盘
388,14:17:16,10.2,0.01,11,11220,买盘
389,14:17:06,10.19,-0.01,5,5095,卖盘
390,14:16:45,10.2,--,45,45900,买盘
391,14:16:41,10.2,0.01,29,29579,买盘
392,14:16:36,10.19,-0.01,5,5095,卖盘
393,14:16:15,10.2,0.01,4,4079,买盘
394,14:16:06,10.19,--,6,6114,卖盘
395,14:16:01,10.19,-0.01,11,11209,卖盘
396,14:15:51,10.2,--,36,36720,买盘
397,14:15:36,10.2,0.01,5,5100,买盘
398,14:15:15,10.19,--,3,3057,卖盘
399,14:15:06,10.19,-0.01,6,6114,卖盘
400,14:15:00,10.2,0.01,75,76500,买盘
401,14:14:51,10.19,-0.01,26,26494,卖盘
402,14:14:46,10.2,--,9,9180,买盘
403,14:14:36,10.2,--,35,35700,买盘
404,14:14:31,10.2,0.01,35,35700,买盘
405,14:14:16,10.19,-0.01,2,2038,卖盘
406,14:14:06,10.2,0.01,6,6120,买盘
407,14:14:00,10.19,0.01,463,471797,买盘
408,14:13:46,10.18,--,1,1018,卖盘
409,14:13:36,10.18,-0.01,5,5090,卖盘
410,14:13:24,10.19,--,50,50950,买盘
411,14:13:15,10.19,0.01,7,7133,中性盘
412,14:13:09,10.18,--,74,75332,卖盘
413,14:13:06,10.18,--,32,32576,卖盘
414,14:12:54,10.18,-0.01,10,10180,卖盘
415,14:12:46,10.19,0.01,33,33953,买盘
416,14:12:36,10.18,--,6,6108,卖盘
417,14:12:31,10.18,-0.01,416,423742,卖盘
418,14:12:24,10.19,--,1,1019,买盘
419,14:12:20,10.19,--,1,1019,买盘
420,14:12:16,10.19,0.01,1,1019,买盘
421,14:12:10,10.18,--,90,92129,卖盘
422,14:12:05,10.18,-0.01,4,4072,卖盘
423,14:12:01,10.19,0.01,1,1019,买盘
424,14:11:54,10.18,--,39,39702,卖盘
425,14:11:45,10.18,-0.01,336,342668,卖盘
426,14:11:40,10.19,--,1,1019,买盘
427,14:11:36,10.19,--,7,7133,买盘
428,14:11:30,10.19,0.01,1,1019,买盘
429,14:11:25,10.18,-0.01,50,50900,卖盘
430,14:11:16,10.19,--,2,2038,买盘
431,14:11:10,10.19,0.01,55,56045,买盘
432,14:11:06,10.18,--,18,18324,卖盘
433,14:11:00,10.18,-0.01,27,27486,卖盘
434,14:10:55,10.19,-0.01,37,37703,卖盘
435,14:10:45,10.2,0.01,1,1019,买盘
436,14:10:39,10.19,--,30,30570,卖盘
437,14:10:35,10.19,--,4,4076,卖盘
438,14:10:25,10.19,-0.01,1,1019,卖盘
439,14:10:20,10.2,--,2,2039,买盘
440,14:10:15,10.2,0.01,3,3060,买盘
441,14:10:09,10.19,-0.01,227,231313,卖盘
442,14:10:05,10.2,0.01,6,6120,买盘
443,14:09:54,10.19,-0.01,2,2038,中性盘
444,14:09:50,10.2,0.01,430,438599,买盘
445,14:09:35,10.19,-0.01,553,564362,卖盘
446,14:09:30,10.2,--,430,438599,买盘
447,14:09:15,10.2,0.01,1,1019,买盘
448,14:09:05,10.19,-0.01,6,6114,卖盘
449,14:09:00,10.2,--,211,215219,买盘
450,14:08:55,10.2,--,22,22440,买盘
451,14:08:50,10.2,0.01,2,2039,买盘
452,14:08:35,10.19,-0.01,4,4076,卖盘
453,14:08:25,10.2,0.01,4,4079,买盘
454,14:08:18,10.19,-0.01,60,61140,卖盘
455,14:08:15,10.2,--,1,1019,买盘
456,14:08:09,10.2,--,234,238843,买盘
457,14:08:04,10.2,0.01,67,68340,买盘
458,14:08:00,10.19,--,50,50950,卖盘
459,14:07:33,10.19,-0.01,5,5095,卖盘
460,14:07:30,10.2,--,318,324360,买盘
461,14:07:18,10.2,--,1,1019,买盘
462,14:07:15,10.2,0.01,3,3060,买盘
463,14:07:04,10.19,-0.01,5,5095,卖盘
464,14:06:33,10.2,--,6,6120,买盘
465,14:06:30,10.2,--,81,82620,买盘
466,14:06:24,10.2,--,39,39780,买盘
467,14:06:15,10.2,--,1,1019,买盘
468,14:06:09,10.2,0.01,10,10200,买盘
469,14:06:03,10.19,-0.01,203,206857,卖盘
470,14:05:55,10.2,--,12,13096,卖盘
471,14:05:48,10.2,--,53,54059,卖盘
472,14:05:45,10.2,-0.01,51,52020,卖盘
473,14:05:39,10.21,--,26,26546,买盘
474,14:05:33,10.21,0.01,6,6126,买盘
475,14:05:30,10.2,-0.01,37,37740,卖盘
476,14:05:25,10.21,--,28,28588,买盘
477,14:05:14,10.21,0.01,2,2042,买盘
478,14:05:09,10.2,--,2,2039,卖盘
479,14:05:03,10.2,--,6,6120,卖盘
480,14:05:00,10.2,--,10,10200,卖盘
481,14:04:54,10.2,--,7,7139,卖盘
482,14:04:48,10.2,-0.01,9,9180,卖盘
483,14:04:44,10.21,0.02,1405,1434668,买盘
484,14:04:39,10.19,-0.01,196,199724,卖盘
485,14:04:33,10.2,--,7,7139,买盘
486,14:04:30,10.2,--,15,15299,买盘
487,14:04:24,10.2,--,103,105059,买盘
488,14:04:19,10.2,--,2,2039,买盘
489,14:04:09,10.2,--,57,58139,买盘
490,14:04:04,10.2,0.01,18,18360,买盘
491,14:04:00,10.19,-0.01,23,23437,卖盘
492,14:03:54,10.2,--,1,1019,买盘
493,14:03:44,10.2,--,50,51000,买盘
494,14:03:40,10.2,--,218,222359,买盘
495,14:03:33,10.2,--,5,5100,买盘
496,14:03:30,10.2,--,20,20400,买盘
497,14:03:18,10.2,--,70,71400,买盘
498,14:03:14,10.2,--,101,103020,买盘
499,14:03:09,10.2,0.01,1,1019,买盘
500,14:03:04,10.19,--,9,9171,卖盘
501,14:02:59,10.19,--,1,1019,卖盘
502,14:02:33,10.19,-0.01,4,4076,卖盘
503,14:02:29,10.2,--,3,3060,买盘
504,14:02:24,10.2,0.01,2,2039,买盘
505,14:02:18,10.19,-0.01,10,10190,卖盘
506,14:02:09,10.2,--,2,2039,买盘
507,14:02:03,10.2,0.01,28,28559,买盘
508,14:01:44,10.19,--,4,4076,卖盘
509,14:01:39,10.19,-0.01,1,1019,卖盘
510,14:01:33,10.2,0.01,27,27539,买盘
511,14:01:27,10.19,-0.01,36,36684,卖盘
512,14:01:24,10.2,0.01,27,27539,买盘
513,14:01:18,10.19,-0.01,1,1019,卖盘
514,14:01:12,10.2,--,1,1019,买盘
515,14:01:09,10.2,0.01,176,179520,买盘
516,14:01:04,10.19,--,36,36684,卖盘
517,14:00:54,10.19,--,10,10190,卖盘
518,14:00:48,10.19,-0.01,45,45855,卖盘
519,14:00:33,10.2,-0.01,504,514936,卖盘
520,14:00:27,10.21,--,2,2042,买盘
521,14:00:24,10.21,--,4,4084,买盘
522,14:00:18,10.21,--,4,4084,买盘
523,14:00:13,10.21,--,100,102100,买盘
524,14:00:09,10.21,0.01,2,2042,买盘
525,14:00:04,10.2,-0.01,5,5100,卖盘
526,13:59:57,10.21,--,2,2042,买盘
527,13:59:54,10.21,--,19,19399,买盘
528,13:59:39,10.21,--,1,1021,买盘
529,13:59:34,10.21,0.01,11,11231,买盘
530,13:59:18,10.2,--,35,35700,卖盘
531,13:59:12,10.2,-0.01,5,5263,卖盘
532,13:59:03,10.21,0.01,5,5105,买盘
533,13:58:57,10.2,--,1,1019,卖盘
534,13:58:54,10.2,-0.01,10,10200,卖盘
535,13:58:48,10.21,0.01,823,840283,买盘
536,13:58:39,10.2,0.01,1,1019,买盘
537,13:58:33,10.19,--,50,50950,卖盘
538,13:58:28,10.19,--,184,187496,卖盘
539,13:58:03,10.19,-0.01,4,4076,卖盘
540,13:57:57,10.2,--,18,18360,买盘
541,13:57:48,10.2,--,84,85680,买盘
542,13:57:42,10.2,--,100,102000,买盘
543,13:57:33,10.2,--,24,24480,买盘
544,13:57:27,10.2,--,31,31619,买盘
545,13:57:23,10.2,--,41,41820,买盘
546,13:57:18,10.2,0.01,76,78458,买盘
547,13:57:12,10.19,-0.01,63,64278,卖盘
548,13:57:08,10.2,--,74,75480,买盘
549,13:57:03,10.2,--,82,83640,买盘
550,13:56:57,10.2,0.01,1,1019,买盘
551,13:56:53,10.19,--,200,203800,卖盘
552,13:56:33,10.19,-0.01,25,25475,卖盘
553,13:56:27,10.2,0.01,3,3060,买盘
554,13:56:12,10.19,--,67,68273,卖盘
555,13:56:08,10.19,-0.01,10,10190,卖盘
556,13:56:03,10.2,0.01,26,26519,买盘
557,13:55:42,10.19,--,57,58083,卖盘
558,13:55:33,10.19,-0.01,13,13247,卖盘
559,13:55:18,10.2,0.01,1,1019,买盘
560,13:55:12,10.19,--,35,35665,卖盘
561,13:55:03,10.19,-0.01,22,22418,卖盘
562,13:54:48,10.2,--,2,2039,买盘
563,13:54:33,10.2,0.01,70,71400,买盘
564,13:54:21,10.19,--,5,5095,卖盘
565,13:54:18,10.19,--,5,5095,卖盘
566,13:54:12,10.19,-0.01,38,38722,卖盘
567,13:54:03,10.2,0.01,5,5100,买盘
568,13:53:57,10.19,--,42,43409,卖盘
569,13:53:33,10.19,-0.01,10,10190,卖盘
570,13:53:27,10.2,0.01,1,1019,买盘
571,13:53:21,10.19,-0.01,1,1019,卖盘
572,13:53:18,10.2,--,22,22440,买盘
573,13:53:12,10.2,--,173,176460,买盘
574,13:53:03,10.2,0.01,25,25500,买盘
575,13:52:57,10.19,--,6,6114,卖盘
576,13:52:42,10.19,-0.01,18,18342,卖盘
577,13:52:33,10.2,0.01,34,34680,买盘
578,13:52:27,10.19,--,18,18342,卖盘
579,13:52:18,10.19,--,1,1019,卖盘
580,13:52:06,10.19,--,100,101900,卖盘
581,13:52:03,10.19,-0.01,39,39741,卖盘
582,13:51:57,10.2,--,31,31619,买盘
583,13:51:42,10.2,0.01,99,100980,买盘
584,13:51:33,10.19,--,5,5298,卖盘
585,13:51:27,10.19,--,14,14266,卖盘
586,13:51:12,10.19,--,36,36684,卖盘
587,13:51:06,10.19,-0.01,9,9171,卖盘
588,13:50:57,10.2,--,24,24480,买盘
589,13:50:51,10.2,--,1,1019,买盘
590,13:50:36,10.2,--,8,8159,买盘
591,13:50:27,10.2,--,201,205020,买盘
592,13:50:21,10.2,0.01,40,40800,买盘
593,13:50:12,10.19,--,7,7133,卖盘
594,13:50:06,10.19,-0.01,18,18342,卖盘
595,13:50:02,10.2,0.01,36,36720,买盘
596,13:49:57,10.19,--,334,340600,卖盘
597,13:49:51,10.19,-0.01,73,74896,卖盘
598,13:49:47,10.2,0.01,50,51000,买盘
599,13:49:36,10.19,--,7,7133,卖盘
600,13:49:27,10.19,-0.01,10,10190,卖盘
601,13:49:21,10.2,--,18,18360,买盘
602,13:49:12,10.2,0.01,129,131580,买盘
603,13:49:06,10.19,-0.01,14,14266,卖盘
604,13:49:02,10.2,--,9,9180,买盘
605,13:48:57,10.2,--,24,24480,买盘
606,13:48:51,10.2,--,26,26519,买盘
607,13:48:47,10.2,0.01,112,114239,买盘
608,13:48:36,10.19,--,63,64197,卖盘
609,13:48:27,10.19,-0.01,10,10190,卖盘
610,13:48:21,10.2,0.01,113,115259,买盘
611,13:48:17,10.19,--,10,10190,卖盘
612,13:48:12,10.19,0.01,214,218443,买盘
613,13:48:06,10.18,-0.01,17,17306,卖盘
614,13:47:57,10.19,--,108,110052,买盘
615,13:47:51,10.19,0.01,16,16304,买盘
616,13:47:36,10.18,-0.01,7,7126,卖盘
617,13:47:27,10.19,--,51,51969,买盘
618,13:47:12,10.19,0.01,101,102919,买盘
619,13:47:06,10.18,-0.01,219,222942,卖盘
620,13:46:57,10.19,0.01,90,91710,买盘
621,13:46:51,10.18,--,20,20360,卖盘
622,13:46:42,10.18,-0.01,9,9162,卖盘
623,13:46:36,10.19,--,37,37703,买盘
624,13:46:30,10.19,--,6,6114,买盘
625,13:46:27,10.19,0.01,50,50950,买盘
626,13:46:15,10.18,--,0,610,卖盘
627,13:46:06,10.18,--,31,31558,卖盘
628,13:46:00,10.18,-0.01,1,1018,卖盘
629,13:45:51,10.19,--,2,2038,买盘
630,13:45:45,10.19,0.01,13,13247,买盘
631,13:45:36,10.18,--,6,6108,卖盘
632,13:45:27,10.18,--,5,5090,卖盘
633,13:45:21,10.18,-0.01,1,1018,卖盘
634,13:45:06,10.19,0.01,107,109033,买盘
635,13:44:45,10.18,-0.01,1,1018,卖盘
636,13:44:42,10.19,0.01,1,1019,买盘
637,13:44:36,10.18,-0.01,27,27486,卖盘
638,13:44:27,10.19,0.01,5,5095,买盘
639,13:44:21,10.18,--,100,101800,卖盘
640,13:44:12,10.18,-0.01,1,1018,卖盘
641,13:44:06,10.19,--,6,6114,买盘
642,13:43:57,10.19,--,32,32608,买盘
643,13:43:51,10.19,0.01,1,1019,买盘
644,13:43:41,10.18,--,22,22396,卖盘
645,13:43:35,10.18,--,4,4072,卖盘
646,13:43:21,10.18,--,1,1018,卖盘
647,13:43:11,10.18,-0.01,2,2036,卖盘
648,13:43:06,10.19,0.01,100,101900,买盘
649,13:43:00,10.18,--,1,1018,买盘
650,13:42:51,10.18,--,10,10180,买盘
651,13:42:45,10.18,--,45,45810,买盘
652,13:42:41,10.18,0.01,147,149646,买盘
653,13:42:36,10.17,--,11,11187,卖盘
654,13:42:30,10.17,--,5,5085,卖盘
655,13:42:21,10.17,--,7,7119,卖盘
656,13:42:11,10.17,-0.01,20,20340,卖盘
657,13:42:06,10.18,0.01,15,15270,买盘
658,13:42:00,10.17,--,24,24753,卖盘
659,13:41:56,10.17,--,2,2847,卖盘
660,13:41:51,10.17,--,2,2034,卖盘
661,13:41:41,10.17,-0.01,100,101700,卖盘
662,13:41:35,10.18,0.01,7,7126,买盘
663,13:41:30,10.17,-0.01,4,4068,卖盘
664,13:41:26,10.18,--,20,20360,买盘
665,13:41:21,10.18,--,8,8144,买盘
666,13:41:14,10.18,0.01,1,1018,买盘
667,13:41:06,10.17,-0.01,4,4068,卖盘
668,13:41:00,10.18,0.01,17,17306,买盘
669,13:40:55,10.17,-0.01,5,5085,卖盘
670,13:40:51,10.18,0.01,3,3054,买盘
671,13:40:44,10.17,-0.01,6,6102,卖盘
672,13:40:35,10.18,--,6,6108,买盘
673,13:40:30,10.18,0.01,50,50900,买盘
674,13:40:21,10.17,--,2,2034,卖盘
675,13:40:06,10.17,-0.01,4,4068,卖盘
676,13:40:00,10.18,--,10,10180,买盘
677,13:39:51,10.18,0.01,5,5090,买盘
678,13:39:45,10.17,-0.01,8,8136,卖盘
679,13:39:36,10.18,0.01,7,7126,买盘
680,13:39:24,10.17,--,6,6102,卖盘
681,13:39:20,10.17,--,3,3051,卖盘
682,13:39:06,10.17,-0.01,73,74241,卖盘
683,13:38:59,10.18,0.01,50,50900,买盘
684,13:38:53,10.17,--,1,1017,卖盘
685,13:38:51,10.17,-0.01,10,10170,卖盘
686,13:38:45,10.18,--,1,1018,买盘
687,13:38:36,10.18,--,11,11198,买盘
688,13:38:30,10.18,0.01,2,2036,买盘
689,13:38:24,10.17,--,1,1017,卖盘
690,13:38:15,10.17,--,4,4068,卖盘
691,13:38:05,10.17,--,6,6102,卖盘
692,13:37:54,10.17,-0.01,5,5085,卖盘
693,13:37:51,10.18,0.01,4,4072,买盘
694,13:37:35,10.17,-0.01,4,4068,卖盘
695,13:37:30,10.18,--,20,20360,买盘
696,13:37:24,10.18,--,5,5090,买盘
697,13:37:06,10.18,--,6,6108,买盘
698,13:37:00,10.18,--,3,3054,买盘
699,13:36:45,10.18,--,3,3054,买盘
700,13:36:39,10.18,0.01,60,61080,买盘
701,13:36:35,10.17,--,4,4068,卖盘
702,13:36:24,10.17,--,5,5085,卖盘
703,13:36:15,10.17,-0.01,320,325440,卖盘
704,13:36:09,10.18,0.01,6,6108,买盘
705,13:36:05,10.17,-0.01,88,89496,卖盘
706,13:36:00,10.18,0.01,10,10180,买盘
707,13:35:45,10.17,--,32,32544,卖盘
708,13:35:39,10.17,--,47,47799,卖盘
709,13:35:30,10.17,--,10,10170,卖盘
710,13:35:24,10.17,--,347,352899,卖盘
711,13:35:20,10.17,--,138,141159,买盘
712,13:35:15,10.17,--,1,1017,买盘
713,13:35:09,10.17,0.01,26,26442,买盘
714,13:35:00,10.16,-0.01,1,1016,卖盘
715,13:34:54,10.17,0.01,28,28476,买盘
716,13:34:39,10.16,-0.01,10,10160,卖盘
717,13:34:30,10.17,--,6,6102,买盘
718,13:34:24,10.17,--,4,4068,买盘
719,13:34:14,10.17,0.01,14,14238,买盘
720,13:34:09,10.16,-0.01,15,15240,卖盘
721,13:34:00,10.17,0.01,2,2034,买盘
722,13:33:54,10.16,--,1,1016,卖盘
723,13:33:50,10.16,-0.01,8,8128,卖盘
724,13:33:38,10.17,--,6,6102,买盘
725,13:33:30,10.17,0.01,61,62037,买盘
726,13:33:24,10.16,--,6,6096,卖盘
727,13:33:18,10.16,--,1,1016,卖盘
728,13:33:09,10.16,--,4,4064,卖盘
729,13:33:03,10.16,--,22,22352,卖盘
730,13:32:54,10.16,--,3,3048,卖盘
731,13:32:45,10.16,-0.01,350,355600,卖盘
732,13:32:39,10.17,0.01,225,229333,买盘
733,13:32:32,10.16,--,174,176936,卖盘
734,13:32:24,10.16,--,91,92456,卖盘
735,13:32:18,10.16,--,1,1016,卖盘
736,13:32:14,10.16,--,901,916015,卖盘
737,13:32:08,10.16,--,53,53848,卖盘
738,13:31:54,10.16,-0.01,5,5080,卖盘
739,13:31:48,10.17,--,1,1017,买盘
740,13:31:44,10.17,--,21,21357,买盘
741,13:31:39,10.17,--,5,5085,买盘
742,13:31:32,10.17,--,49,50036,卖盘
743,13:31:24,10.17,--,55,55935,卖盘
744,13:31:17,10.17,--,38,38646,卖盘
745,13:31:14,10.17,--,150,152550,卖盘
746,13:31:09,10.17,-0.01,106,107802,卖盘
747,13:31:03,10.18,--,30,30540,买盘
748,13:30:59,10.18,--,1,1018,买盘
749,13:30:54,10.18,0.01,93,94674,买盘
750,13:30:47,10.17,--,614,625017,卖盘
751,13:30:44,10.17,--,21,21357,卖盘
752,13:30:39,10.17,--,542,551214,卖盘
753,13:30:32,10.17,--,26,26442,卖盘
754,13:30:29,10.17,--,263,268152,卖盘
755,13:30:24,10.17,--,81,82377,卖盘
756,13:30:17,10.17,--,18,18306,卖盘
757,13:30:09,10.17,--,32,33225,卖盘
758,13:29:59,10.17,--,54,54918,卖盘
759,13:29:54,10.17,--,100,101700,卖盘
760,13:29:38,10.17,--,6,6102,卖盘
761,13:29:33,10.17,-0.01,5,5085,卖盘
762,13:29:17,10.18,--,1,1018,买盘
763,13:29:09,10.18,0.01,6,6108,买盘
764,13:29:03,10.17,--,60,61020,卖盘
765,13:28:53,10.17,--,24,24408,卖盘
766,13:28:48,10.17,-0.01,14,14238,卖盘
767,13:28:39,10.18,--,112,114016,买盘
768,13:28:33,10.18,--,18,18324,买盘
769,13:28:24,10.18,0.01,1,1018,买盘
770,13:28:18,10.17,-0.01,915,931165,卖盘
771,13:28:09,10.18,--,5,5090,买盘
772,13:28:02,10.18,0.01,12,12216,买盘
773,13:27:54,10.17,--,672,683424,卖盘
774,13:27:48,10.17,--,5,5085,卖盘
775,13:27:39,10.17,-0.01,5,5085,卖盘
776,13:27:32,10.18,0.01,1,1018,买盘
777,13:27:29,10.17,--,1,1017,卖盘
778,13:27:24,10.17,-0.01,5,5085,卖盘
779,13:27:08,10.18,0.01,5,5090,买盘
780,13:27:02,10.17,--,42,43395,卖盘
781,13:26:48,10.17,--,19,19323,卖盘
782,13:26:44,10.17,--,52,53738,卖盘
783,13:26:39,10.17,--,4,4068,卖盘
784,13:26:29,10.17,--,18,18306,卖盘
785,13:26:09,10.17,-0.01,27,27469,卖盘
786,13:26:03,10.18,0.01,1,1018,买盘
787,13:25:53,10.17,-0.01,10,10170,卖盘
788,13:25:47,10.18,0.01,2,2036,买盘
789,13:25:38,10.17,--,5,5085,卖盘
790,13:25:33,10.17,--,8,8136,卖盘
791,13:25:26,10.17,--,1,1017,卖盘
792,13:25:23,10.17,--,384,391239,卖盘
793,13:25:18,10.17,--,50,50850,卖盘
794,13:25:08,10.17,--,5,5085,卖盘
795,13:25:03,10.17,-0.01,19,19323,卖盘
796,13:24:38,10.18,0.01,20,20360,买盘
797,13:24:23,10.17,-0.01,6,6102,卖盘
798,13:24:18,10.18,--,10,10180,买盘
799,13:24:08,10.18,--,85,86530,买盘
800,13:23:53,10.18,--,46,46828,卖盘
801,13:23:48,10.18,-0.01,55,55990,卖盘
802,13:23:38,10.19,0.01,5,5095,买盘
803,13:23:27,10.18,--,4,4072,卖盘
804,13:23:18,10.18,0.01,101,102818,中性盘
805,13:23:08,10.17,-0.01,104,105768,卖盘
806,13:22:41,10.18,0.01,1,1018,买盘
807,13:22:38,10.17,-0.01,6,6102,卖盘
808,13:22:26,10.18,--,0,0,中性盘
809,13:22:23,10.18,0.01,1,1018,买盘
810,13:22:18,10.17,--,1,1017,卖盘
811,13:22:08,10.17,--,104,105768,卖盘
812,13:22:03,10.17,-0.01,500,508601,卖盘
813,13:21:53,10.18,0.01,280,285986,买盘
814,13:21:47,10.17,--,56,56952,卖盘
815,13:21:41,10.17,--,170,172890,卖盘
816,13:21:38,10.17,-0.01,6,6102,卖盘
817,13:21:32,10.18,0.01,1,1018,买盘
818,13:21:27,10.17,--,9,9153,卖盘
819,13:21:17,10.17,--,178,181026,卖盘
820,13:21:12,10.17,-0.01,205,208485,卖盘
821,13:21:08,10.18,0.01,105,106890,买盘
822,13:20:48,10.17,-0.01,101,102717,卖盘
823,13:20:42,10.18,0.01,47,47846,买盘
824,13:20:38,10.17,-0.01,4,4068,卖盘
825,13:20:23,10.18,--,4,4072,买盘
826,13:20:18,10.18,-0.01,146,148699,卖盘
827,13:20:06,10.19,0.01,106,108014,买盘
828,13:20:03,10.18,--,291,296747,卖盘
829,13:19:56,10.18,-0.01,33,33594,卖盘
830,13:19:53,10.19,0.01,3,3057,买盘
831,13:19:41,10.18,--,222,226433,卖盘
832,13:19:38,10.18,-0.01,4,4072,卖盘
833,13:19:33,10.19,0.01,1,1019,买盘
834,13:19:27,10.18,--,8,8144,卖盘
835,13:19:07,10.18,-0.01,38,38684,卖盘
836,13:19:03,10.19,0.01,120,122280,买盘
837,13:18:41,10.18,--,1,1018,卖盘
838,13:18:35,10.18,-0.01,4,4072,卖盘
839,13:18:20,10.19,0.01,1,1019,买盘
840,13:18:06,10.18,--,8,8144,卖盘
841,13:17:57,10.18,--,64,65152,卖盘
842,13:17:41,10.18,--,120,122160,卖盘
843,13:17:36,10.18,--,5,5090,卖盘
844,13:17:32,10.18,-0.01,48,48864,卖盘
845,13:17:17,10.19,0.02,31,31589,买盘
846,13:17:12,10.17,--,0,0,卖盘
847,13:17:05,10.17,--,37,37629,卖盘
848,13:17:02,10.17,-0.01,1,1017,卖盘
849,13:16:47,10.18,-0.01,16,16288,卖盘
850,13:16:35,10.19,--,6,6114,买盘
851,13:16:26,10.19,--,0,0,买盘
852,13:16:20,10.19,0.01,139,141641,买盘
853,13:16:17,10.18,--,1,1018,买盘
854,13:16:11,10.18,0.01,28,28504,买盘
855,13:16:06,10.17,-0.01,4,4068,卖盘
856,13:15:56,10.18,--,28,28504,买盘
857,13:15:51,10.18,--,527,536486,买盘
858,13:15:41,10.18,--,19,19342,买盘
859,13:15:36,10.18,--,6,6108,买盘
860,13:15:32,10.18,--,1,1018,买盘
861,13:15:26,10.18,0.01,18,18324,买盘
862,13:15:17,10.17,-0.01,30,30510,卖盘
863,13:15:12,10.18,0.01,1,1018,买盘
864,13:15:06,10.17,-0.01,14,14238,卖盘
865,13:15:02,10.18,--,19,19342,买盘
866,13:14:57,10.18,0.01,1,1018,买盘
867,13:14:47,10.17,-0.01,16,16272,卖盘
868,13:14:42,10.18,--,80,81440,买盘
869,13:14:36,10.18,--,6,6108,买盘
870,13:14:26,10.18,0.01,300,305400,买盘
871,13:14:21,10.17,-0.01,462,470779,卖盘
872,13:14:11,10.18,0.01,5,5090,买盘
873,13:14:06,10.17,-0.01,14,14238,卖盘
874,13:13:51,10.18,--,283,288094,买盘
875,13:13:41,10.18,--,27,27486,买盘
876,13:13:36,10.18,-0.01,5,5090,买盘
877,13:13:32,10.19,--,46,47383,卖盘
878,13:13:26,10.19,0.01,58,59611,买盘
879,13:13:21,10.18,--,2,2036,买盘
880,13:13:17,10.18,--,7,7126,卖盘
881,13:13:06,10.18,-0.01,37,37666,卖盘
882,13:13:01,10.19,0.01,1,1019,买盘
883,13:12:41,10.18,0.01,349,355282,买盘
884,13:12:35,10.17,-0.01,4,4068,卖盘
885,13:12:20,10.18,--,10,10180,买盘
886,13:12:12,10.18,0.01,1,1018,买盘
887,13:12:05,10.17,--,11,11187,卖盘
888,13:11:57,10.17,--,12,12204,卖盘
889,13:11:50,10.17,--,97,98781,买盘
890,13:11:41,10.17,0.01,73,74241,买盘
891,13:11:36,10.16,-0.01,4,4064,卖盘
892,13:11:26,10.17,--,110,111870,买盘
893,13:11:20,10.17,--,185,188145,买盘
894,13:11:15,10.17,--,1,1017,买盘
895,13:11:11,10.17,--,10,10170,买盘
896,13:11:05,10.17,--,35,35595,买盘
897,13:10:41,10.17,--,198,202250,卖盘
898,13:10:35,10.17,-0.01,23,23391,卖盘
899,13:10:26,10.18,0.01,11,11198,买盘
900,13:10:21,10.17,--,51,51867,卖盘
901,13:10:11,10.17,-0.01,321,326457,卖盘
902,13:10:05,10.18,0.01,5,5090,买盘
903,13:09:41,10.17,0.01,40,40812,买盘
904,13:09:35,10.16,-0.01,136,138176,卖盘
905,13:09:26,10.17,--,135,137803,买盘
906,13:09:20,10.17,0.01,80,81360,买盘
907,13:09:11,10.16,-0.01,1,1016,卖盘
908,13:09:05,10.17,--,195,199077,买盘
909,13:09:00,10.17,0.01,22,22374,买盘
910,13:08:56,10.16,--,10,10160,卖盘
911,13:08:50,10.16,-0.01,10,10160,卖盘
912,13:08:41,10.17,0.01,11,11187,买盘
913,13:08:35,10.16,--,98,99568,卖盘
914,13:08:26,10.16,-0.01,15,15240,卖盘
915,13:08:15,10.17,0.01,38,38646,买盘
916,13:08:11,10.16,--,10,10160,卖盘
917,13:08:05,10.16,-0.01,14,14224,卖盘
918,13:07:56,10.17,--,2,2034,买盘
919,13:07:50,10.17,--,11,11187,买盘
920,13:07:41,10.17,0.01,10,10170,买盘
921,13:07:36,10.16,--,25,25400,卖盘
922,13:07:14,10.16,-0.01,115,117348,卖盘
923,13:07:11,10.17,0.01,3,3051,买盘
924,13:07:05,10.16,--,6,6096,卖盘
925,13:06:56,10.16,-0.01,20,20320,卖盘
926,13:06:50,10.17,0.01,20,20340,买盘
927,13:06:44,10.16,--,25,25400,卖盘
928,13:06:41,10.16,--,90,91440,卖盘
929,13:06:35,10.16,-0.01,6,6096,卖盘
930,13:06:29,10.17,--,52,52884,买盘
931,13:06:26,10.17,0.01,40,40680,买盘
932,13:06:20,10.16,--,59,59944,卖盘
933,13:06:14,10.16,-0.01,12,12192,卖盘
934,13:06:11,10.17,0.01,1,1017,买盘
935,13:06:05,10.16,-0.01,5,5080,卖盘
936,13:05:55,10.17,0.01,32,32544,买盘
937,13:05:50,10.16,-0.01,39,39624,卖盘
938,13:05:44,10.17,--,10,10170,买盘
939,13:05:40,10.17,--,5,5085,买盘
940,13:05:35,10.17,--,5,5085,买盘
941,13:05:20,10.17,--,1,1017,买盘
942,13:05:14,10.17,--,1011,1028187,卖盘
943,13:05:05,10.17,-0.01,6,6102,卖盘
944,13:04:50,10.18,--,5,5090,买盘
945,13:04:44,10.18,--,54,54972,买盘
946,13:04:35,10.18,--,6,6108,买盘
947,13:04:25,10.18,--,1,1018,买盘
948,13:04:20,10.18,--,1,1018,买盘
949,13:04:05,10.18,0.01,15,15270,买盘
950,13:03:44,10.17,--,50,50850,卖盘
951,13:03:35,10.17,-0.01,6,6102,卖盘
952,13:03:23,10.18,0.01,10,10180,买盘
953,13:03:14,10.17,-0.01,10,10170,卖盘
954,13:03:05,10.18,--,15,15270,买盘
955,13:02:44,10.18,--,10,10180,买盘
956,13:02:38,10.18,0.01,1,1018,买盘
957,13:02:35,10.17,-0.01,7,7119,卖盘
958,13:02:29,10.18,0.01,61,62098,买盘
959,13:02:08,10.17,-0.01,18,18306,卖盘
960,13:02:05,10.18,0.01,6,6108,买盘
961,13:01:50,10.17,--,51,51867,卖盘
962,13:01:44,10.17,--,100,101700,卖盘
963,13:01:38,10.17,--,18,18306,卖盘
964,13:01:35,10.17,-0.01,199,202383,卖盘
965,13:01:29,10.18,0.01,10,10180,买盘
966,13:01:20,10.17,--,18,18306,卖盘
967,13:01:14,10.17,-0.01,106,107802,卖盘
968,13:01:05,10.18,0.01,6,6108,买盘
969,13:00:59,10.17,-0.01,31,31527,卖盘
970,13:00:53,10.18,--,10,10180,买盘
971,13:00:50,10.18,--,132,134376,卖盘
972,13:00:44,10.18,--,0,0,卖盘
973,13:00:35,10.18,--,247,251446,卖盘
974,13:00:29,10.18,--,0,0,卖盘
975,13:00:23,10.18,--,69,70242,卖盘
976,13:00:20,10.18,-0.01,63,64134,卖盘
977,13:00:05,10.19,-0.01,432,440544,卖盘
978,11:30:00,10.2,--,0,0,卖盘
979,11:30:00,10.2,--,0,0,卖盘
980,11:29:36,10.2,-0.01,5,5100,卖盘
981,11:29:30,10.21,--,1,1021,买盘
982,11:29:26,10.21,0.01,2,2042,买盘
983,11:29:15,10.2,-0.01,10,10200,卖盘
984,11:29:11,10.21,0.01,1,1021,买盘
985,11:29:06,10.2,-0.01,455,464099,卖盘
986,11:29:00,10.21,--,1,1021,买盘
987,11:28:56,10.21,0.01,1,1021,买盘
988,11:28:46,10.2,-0.01,20,20400,卖盘
989,11:28:41,10.21,--,1,1021,买盘
990,11:28:36,10.21,0.01,5,5105,买盘
991,11:28:21,10.2,--,78,79560,卖盘
992,11:28:06,10.2,--,4,4079,卖盘
993,11:28:00,10.2,-0.01,20,20400,卖盘
994,11:27:51,10.21,0.01,18,18378,买盘
995,11:27:45,10.2,--,11,11220,卖盘
996,11:27:39,10.2,--,200,204000,卖盘
997,11:27:36,10.2,--,10,10200,卖盘
998,11:27:30,10.2,-0.01,18,18360,卖盘
999,11:27:15,10.21,0.01,100,102100,买盘
1000,11:27:06,10.2,-0.01,5,5100,卖盘
1001,11:26:55,10.21,0.01,1,1021,买盘
1002,11:26:51,10.2,--,20,20400,卖盘
1003,11:26:45,10.2,--,88,90443,买盘
1004,11:26:36,10.2,0.01,6,6120,买盘
1005,11:26:30,10.19,-0.01,30,30570,卖盘
1006,11:26:06,10.2,--,25,25500,买盘
1007,11:26:00,10.2,--,1,1019,买盘
1008,11:25:51,10.2,0.01,1,1019,买盘
1009,11:25:36,10.19,--,4,4076,卖盘
1010,11:25:15,10.19,-0.01,929,946651,卖盘
1011,11:25:09,10.2,--,1,1019,买盘
1012,11:25:06,10.2,0.01,6,6120,买盘
1013,11:24:54,10.19,-0.01,49,49931,卖盘
1014,11:24:51,10.2,0.01,10,10200,买盘
1015,11:24:45,10.19,--,130,132470,卖盘
1016,11:24:39,10.19,--,9,9171,卖盘
1017,11:24:36,10.19,--,125,127375,卖盘
1018,11:24:24,10.19,-0.01,1,1019,卖盘
1019,11:24:21,10.2,0.01,1,1019,买盘
1020,11:24:15,10.19,--,1,1222,卖盘
1021,11:24:09,10.19,--,4,4076,卖盘
1022,11:24:06,10.19,--,6,6114,卖盘
1023,11:24:00,10.19,--,100,101900,卖盘
1024,11:23:54,10.19,--,114,116166,卖盘
1025,11:23:50,10.19,--,9,9171,卖盘
1026,11:23:45,10.19,0.01,87,89294,买盘
1027,11:23:35,10.18,-0.01,4,4072,卖盘
1028,11:23:30,10.19,0.01,1,1019,买盘
1029,11:23:24,10.18,--,410,417380,卖盘
1030,11:23:05,10.18,--,6,6108,卖盘
1031,11:23:00,10.18,-0.01,2,2036,卖盘
1032,11:22:35,10.19,0.01,5,5095,买盘
1033,11:22:20,10.18,--,5,5090,卖盘
1034,11:22:05,10.18,--,5,5090,卖盘
1035,11:21:49,10.18,-0.01,1,1018,卖盘
1036,11:21:45,10.19,--,1,1019,买盘
1037,11:21:35,10.19,0.01,6,6114,买盘
1038,11:21:05,10.18,--,11,11198,卖盘
1039,11:21:00,10.18,-0.01,51,51918,卖盘
1040,11:20:48,10.19,--,1,1019,买盘
1041,11:20:33,10.19,0.01,24,24456,买盘
1042,11:20:30,10.18,--,1,1018,卖盘
1043,11:20:09,10.18,--,112,114433,卖盘
1044,11:20:03,10.18,--,4,4072,卖盘
1045,11:19:54,10.18,-0.01,104,106299,卖盘
1046,11:19:45,10.19,--,1,1019,卖盘
1047,11:19:33,10.19,-0.01,6,6114,卖盘
1048,11:19:24,10.2,0.01,4,4079,买盘
1049,11:19:18,10.19,-0.01,102,104365,卖盘
1050,11:19:03,10.2,--,5,5100,买盘
1051,11:19:00,10.2,0.01,1,1019,买盘
1052,11:18:48,10.19,--,1,1019,卖盘
1053,11:18:33,10.19,--,5,5095,卖盘
1054,11:18:30,10.19,--,2,2038,卖盘
1055,11:18:24,10.19,--,20,20380,卖盘
1056,11:18:15,10.19,--,8,8152,卖盘
1057,11:18:09,10.19,--,17,18097,卖盘
1058,11:18:03,10.19,--,7,7133,卖盘
1059,11:18:00,10.19,-0.01,102,104365,卖盘
1060,11:17:54,10.2,0.01,107,109139,买盘
1061,11:17:39,10.19,--,102,104365,卖盘
1062,11:17:33,10.19,--,4,4076,卖盘
1063,11:17:30,10.19,-0.01,103,105384,卖盘
1064,11:17:15,10.2,--,1,1019,买盘
1065,11:17:09,10.2,0.01,10,10200,买盘
1066,11:17:03,10.19,-0.01,7,7133,卖盘
1067,11:16:59,10.2,--,18,19278,卖盘
1068,11:16:54,10.2,--,148,151388,卖盘
1069,11:16:48,10.2,--,23,23460,卖盘
1070,11:16:39,10.2,--,132,135068,卖盘
1071,11:16:33,10.2,-0.01,166,169748,卖盘
1072,11:16:24,10.21,0.01,122,124990,买盘
1073,11:16:18,10.2,-0.01,105,107528,卖盘
1074,11:16:09,10.21,0.01,2,2042,买盘
1075,11:16:03,10.2,--,5,5100,卖盘
1076,11:15:48,10.2,-0.01,11,11220,卖盘
1077,11:15:44,10.21,--,1,1021,买盘
1078,11:15:39,10.21,0.01,1,1021,买盘
1079,11:15:33,10.2,--,35,35700,卖盘
1080,11:15:24,10.2,0.01,10,10200,卖盘
1081,11:15:18,10.19,--,0,0,卖盘
1082,11:15:14,10.19,--,1740,1773895,卖盘
1083,11:15:03,10.19,--,5,5095,卖盘
1084,11:14:59,10.19,-0.01,102,104365,卖盘
1085,11:14:39,10.2,0.01,292,297840,买盘
1086,11:14:33,10.19,--,6,6114,卖盘
1087,11:14:09,10.19,--,204,208731,卖盘
1088,11:14:03,10.19,--,107,109460,卖盘
1089,11:13:57,10.19,--,1,1019,卖盘
1090,11:13:54,10.19,-0.01,102,104365,卖盘
1091,11:13:48,10.2,--,103,105488,买盘
1092,11:13:33,10.2,--,75,77234,买盘
1093,11:13:27,10.2,0.01,13,13259,买盘
1094,11:13:24,10.19,0.01,754,768590,买盘
1095,11:13:03,10.18,-0.01,167,170006,卖盘
1096,11:12:57,10.19,--,5,5095,买盘
1097,11:12:54,10.19,--,3,3057,买盘
1098,11:12:48,10.19,--,22,22418,买盘
1099,11:12:33,10.19,--,5,5095,买盘
1100,11:12:24,10.19,0.01,2,2608,买盘
1101,11:12:18,10.18,--,1,1018,卖盘
1102,11:12:12,10.18,-0.01,92,93656,卖盘
1103,11:12:09,10.19,0.01,1,1019,买盘
1104,11:12:03,10.18,--,5,5090,卖盘
1105,11:11:48,10.18,--,1,1018,卖盘
1106,11:11:39,10.18,--,72,73703,买盘
1107,11:11:33,10.18,0.01,528,537504,买盘
1108,11:11:18,10.17,--,53,53901,卖盘
1109,11:11:12,10.17,-0.01,3,3051,卖盘
1110,11:11:09,10.18,0.01,38,38684,买盘
1111,11:11:03,10.17,--,10,10170,卖盘
1112,11:10:42,10.17,-0.01,1,1017,卖盘
1113,11:10:39,10.18,0.01,21,21378,买盘
1114,11:10:33,10.17,-0.01,605,615285,卖盘
1115,11:10:24,10.18,0.01,40,40720,买盘
1116,11:10:12,10.17,--,37,37629,卖盘
1117,11:10:09,10.17,--,2,2034,卖盘
1118,11:10:03,10.17,-0.01,4,4068,卖盘
1119,11:09:57,10.18,0.01,1,1018,买盘
1120,11:09:48,10.17,--,48,48816,卖盘
1121,11:09:42,10.17,-0.01,1,1017,卖盘
1122,11:09:33,10.18,--,146,148628,买盘
1123,11:09:27,10.18,--,66,67188,买盘
1124,11:09:18,10.18,0.01,10,10180,买盘
1125,11:09:12,10.17,--,38,38646,卖盘
1126,11:09:08,10.17,--,1,1017,卖盘
1127,11:09:03,10.17,--,5,5085,卖盘
1128,11:08:48,10.17,--,5,5085,卖盘
1129,11:08:42,10.17,-0.01,18,18306,卖盘
1130,11:08:38,10.18,0.01,1,1018,买盘
1131,11:08:33,10.17,--,6,6102,卖盘
1132,11:08:27,10.17,-0.01,309,314253,卖盘
1133,11:08:18,10.18,0.01,20,20360,买盘
1134,11:08:12,10.17,--,6,6102,卖盘
1135,11:08:08,10.17,-0.01,35,35595,卖盘
1136,11:08:03,10.18,0.01,426,433668,买盘
1137,11:07:57,10.17,--,44,44748,卖盘
1138,11:07:53,10.17,--,6,6102,卖盘
1139,11:07:48,10.17,-0.01,72,73224,卖盘
1140,11:07:42,10.18,--,52,52936,买盘
1141,11:07:33,10.18,0.01,15,15270,买盘
1142,11:07:27,10.17,-0.01,1,1017,卖盘
1143,11:07:18,10.18,0.01,20,20360,买盘
1144,11:07:12,10.17,--,42,42714,卖盘
1145,11:07:08,10.17,-0.01,36,36612,卖盘
1146,11:07:03,10.18,0.01,13,13234,买盘
1147,11:06:57,10.17,--,25,25425,卖盘
1148,11:06:48,10.17,--,100,101700,卖盘
1149,11:06:42,10.17,--,58,58986,卖盘
1150,11:06:36,10.17,--,26,26442,卖盘
1151,11:06:33,10.17,-0.01,4,4068,卖盘
1152,11:06:27,10.18,--,1,1018,买盘
1153,11:06:21,10.18,0.01,1,1018,买盘
1154,11:06:18,10.17,-0.01,137,139329,卖盘
1155,11:06:03,10.18,0.01,18,18324,买盘
1156,11:05:57,10.17,--,74,75258,卖盘
1157,11:05:48,10.17,-0.01,452,459684,卖盘
1158,11:05:42,10.18,--,121,123178,买盘
1159,11:05:33,10.18,0.01,5,5090,买盘
1160,11:05:27,10.17,-0.01,35,35595,卖盘
1161,11:05:21,10.18,0.01,2,2036,买盘
1162,11:05:18,10.17,--,3,3051,卖盘
1163,11:05:12,10.17,-0.01,31,31527,卖盘
1164,11:05:06,10.18,--,50,50900,买盘
1165,11:05:03,10.18,0.01,20,20360,买盘
1166,11:04:57,10.17,--,40,40680,卖盘
1167,11:04:51,10.17,--,52,52884,卖盘
1168,11:04:42,10.17,--,481,489177,卖盘
1169,11:04:36,10.17,-0.01,190,193230,卖盘
1170,11:04:32,10.18,--,5,5090,买盘
1171,11:04:18,10.18,0.01,1,1018,买盘
1172,11:04:12,10.17,--,60,61020,卖盘
1173,11:04:06,10.17,-0.01,34,34578,卖盘
1174,11:04:03,10.18,--,10,10180,买盘
1175,11:03:57,10.18,--,1,1018,买盘
1176,11:03:42,10.18,--,15,15270,买盘
1177,11:03:33,10.18,--,88,89584,买盘
1178,11:03:27,10.18,0.01,21,21378,买盘
1179,11:03:21,10.17,--,1,1017,卖盘
1180,11:03:18,10.17,--,23,23391,卖盘
1181,11:03:12,10.17,-0.01,32,32544,卖盘
1182,11:03:03,10.18,0.01,9,9162,买盘
1183,11:02:51,10.17,-0.01,1,1017,卖盘
1184,11:02:36,10.18,0.01,7,7126,买盘
1185,11:02:27,10.17,--,51,51867,卖盘
1186,11:02:21,10.17,--,29,29493,卖盘
1187,11:02:17,10.17,-0.01,115,116955,卖盘
1188,11:02:12,10.18,0.01,48,48864,买盘
1189,11:02:06,10.17,--,50,50850,卖盘
1190,11:01:57,10.17,--,60,61375,卖盘
1191,11:01:51,10.17,-0.01,101,102717,卖盘
1192,11:01:47,10.18,--,250,254500,卖盘
1193,11:01:42,10.18,0.01,112,114016,买盘
1194,11:01:36,10.17,--,30,30510,卖盘
1195,11:01:32,10.17,-0.01,28,28476,卖盘
1196,11:01:27,10.18,0.01,2,2036,买盘
1197,11:01:21,10.17,--,203,206817,卖盘
1198,11:01:12,10.17,-0.01,331,337054,卖盘
1199,11:01:06,10.18,--,357,364077,卖盘
1200,11:01:01,10.18,--,102,104263,卖盘
1201,11:00:57,10.18,--,132,134803,卖盘
1202,11:00:51,10.18,--,173,176541,卖盘
1203,11:00:47,10.18,--,102,104263,卖盘
1204,11:00:42,10.18,--,105,107317,卖盘
1205,11:00:36,10.18,--,126,128695,卖盘
1206,11:00:32,10.18,--,20,20360,卖盘
1207,11:00:27,10.18,--,135,137430,卖盘
1208,11:00:21,10.18,--,190,193420,卖盘
1209,11:00:17,10.18,--,112,114016,卖盘
1210,11:00:12,10.18,--,78,79404,卖盘
1211,11:00:06,10.18,--,570,580260,卖盘
1212,10:59:57,10.18,--,14,14252,卖盘
1213,10:59:51,10.18,--,65,66170,卖盘
1214,10:59:47,10.18,--,172,175096,卖盘
1215,10:59:42,10.18,--,400,407200,卖盘
1216,10:59:36,10.18,--,29,30377,买盘
1217,10:59:32,10.18,-0.01,50,50900,买盘
1218,10:59:27,10.19,0.01,2414,2460029,买盘
1219,10:59:21,10.18,-0.01,91,92638,卖盘
1220,10:59:12,10.19,--,1,1019,买盘
1221,10:59:06,10.19,--,11,11209,买盘
1222,10:58:56,10.19,0.02,77,79318,买盘
1223,10:58:45,10.17,--,19,19323,卖盘
1224,10:58:36,10.17,-0.01,350,355950,卖盘
1225,10:58:27,10.18,--,80,81440,买盘
1226,10:58:21,10.18,0.01,70,71260,买盘
1227,10:58:15,10.17,--,2,2034,卖盘
1228,10:58:12,10.17,--,19,19323,卖盘
1229,10:58:06,10.17,-0.01,1048,1065816,卖盘
1230,10:57:41,10.18,0.01,45,45810,买盘
1231,10:57:36,10.17,-0.01,31,31527,卖盘
1232,10:57:30,10.18,0.01,1,1018,买盘
1233,10:57:21,10.17,--,3,3051,卖盘
1234,10:57:11,10.17,--,88,89496,卖盘
1235,10:57:06,10.17,--,40,40680,卖盘
1236,10:56:56,10.17,--,56,56952,卖盘
1237,10:56:41,10.17,--,27,27459,卖盘
1238,10:56:35,10.17,--,114,115938,卖盘
1239,10:56:30,10.17,--,699,710883,卖盘
1240,10:56:26,10.17,--,1,1017,卖盘
1241,10:56:06,10.17,--,22,22374,卖盘
1242,10:56:00,10.17,0.01,875,890220,买盘
1243,10:55:56,10.16,--,2183,2218354,卖盘
1244,10:55:50,10.16,-0.01,35,35560,卖盘
1245,10:55:45,10.17,--,1,1017,买盘
1246,10:55:41,10.17,-0.03,4124,4194514,卖盘
1247,10:55:36,10.2,0.01,495,505165,买盘
1248,10:55:30,10.19,0.01,180,183420,买盘
1249,10:55:26,10.18,--,108,110371,卖盘
1250,10:55:21,10.18,--,542,551756,卖盘
1251,10:55:15,10.18,-0.01,132,134803,卖盘
1252,10:55:11,10.19,0.01,30,30570,买盘
1253,10:55:06,10.18,--,4,4072,卖盘
1254,10:55:00,10.18,--,102,104263,卖盘
1255,10:54:56,10.18,--,24,24432,卖盘
1256,10:54:50,10.18,-0.01,17,17306,卖盘
1257,10:54:45,10.19,--,268,273092,卖盘
1258,10:54:36,10.19,--,6,6114,卖盘
1259,10:54:26,10.19,--,10,10190,卖盘
1260,10:54:21,10.19,-0.01,17,17323,卖盘
1261,10:54:15,10.2,0.01,45,45900,买盘
1262,10:54:05,10.19,--,33,33627,卖盘
1263,10:54:00,10.19,-0.01,23,23437,卖盘
1264,10:53:56,10.2,0.01,10,10200,买盘
1265,10:53:45,10.19,--,230,234370,卖盘
1266,10:53:41,10.19,-0.01,230,234370,买盘
1267,10:53:36,10.2,0.01,44,44880,买盘
1268,10:53:30,10.19,--,102,104365,卖盘
1269,10:53:26,10.19,--,65,66235,卖盘
1270,10:53:20,10.19,--,107,109460,卖盘
1271,10:53:15,10.19,--,107,109033,卖盘
1272,10:53:11,10.19,--,29,29551,卖盘
1273,10:53:06,10.19,--,75,76638,卖盘
1274,10:52:59,10.19,--,1,1019,卖盘
1275,10:52:50,10.19,-0.01,181,184968,卖盘
1276,10:52:36,10.2,0.01,23,23460,买盘
1277,10:52:30,10.19,--,783,798090,卖盘
1278,10:52:26,10.19,-0.01,5,5095,卖盘
1279,10:52:21,10.2,0.01,52,53478,买盘
1280,10:52:10,10.19,--,48,48912,卖盘
1281,10:52:05,10.19,--,517,526823,卖盘
1282,10:52:00,10.19,--,48,48912,卖盘
1283,10:51:45,10.19,-0.01,2,2038,卖盘
1284,10:51:39,10.2,--,125,127683,卖盘
1285,10:51:36,10.2,--,8,8159,卖盘
1286,10:51:30,10.2,0.01,397,405776,买盘
1287,10:51:24,10.19,--,41,41779,卖盘
1288,10:51:21,10.19,--,500,509500,卖盘
1289,10:51:15,10.19,0.01,96,97824,买盘
1290,10:51:09,10.18,--,13,13234,卖盘
1291,10:51:06,10.18,--,5,5090,卖盘
1292,10:51:00,10.18,-0.01,1861,1894498,卖盘
1293,10:50:54,10.19,--,103,104957,卖盘
1294,10:50:50,10.19,--,784,798896,卖盘
1295,10:50:44,10.19,-0.01,1,1019,卖盘
1296,10:50:38,10.2,0.01,1,1019,买盘
1297,10:50:35,10.19,-0.01,133,135527,卖盘
1298,10:50:24,10.2,0.01,227,231539,买盘
1299,10:50:20,10.19,--,15,15285,卖盘
1300,10:50:15,10.19,--,562,572678,卖盘
1301,10:50:09,10.19,--,1,1019,卖盘
1302,10:50:05,10.19,-0.01,62,63178,卖盘
1303,10:49:53,10.2,0.01,7,7139,买盘
1304,10:49:50,10.19,--,554,564526,卖盘
1305,10:49:44,10.19,--,174,177306,卖盘
1306,10:49:35,10.19,--,151,154531,卖盘
1307,10:49:20,10.19,--,88,89672,卖盘
1308,10:49:15,10.19,--,150,152850,卖盘
1309,10:49:09,10.19,--,130,132470,卖盘
1310,10:49:05,10.19,--,6,6114,卖盘
1311,10:49:00,10.19,--,261,265959,卖盘
1312,10:48:50,10.19,--,121,123299,卖盘
1313,10:48:44,10.19,--,26,26494,卖盘
1314,10:48:35,10.19,--,17,17323,卖盘
1315,10:48:30,10.19,0.01,736,750676,买盘
1316,10:48:15,10.18,-0.01,2,2036,卖盘
1317,10:48:05,10.19,0.01,11,11209,买盘
1318,10:47:50,10.18,--,49,49882,卖盘
1319,10:47:45,10.18,--,40,40720,卖盘
1320,10:47:39,10.18,--,10,10180,卖盘
1321,10:47:35,10.18,--,31,31558,卖盘
1322,10:47:30,10.18,-0.01,14,14252,卖盘
1323,10:47:24,10.19,0.01,10,10190,买盘
1324,10:47:15,10.18,-0.01,60,61080,卖盘
1325,10:47:09,10.19,0.01,1,1019,买盘
1326,10:47:05,10.18,-0.01,5,5090,卖盘
1327,10:46:59,10.19,--,11,11209,买盘
1328,10:46:54,10.19,--,6,6114,买盘
1329,10:46:44,10.19,--,73,75375,卖盘
1330,10:46:38,10.19,--,462,470778,卖盘
1331,10:46:35,10.19,-0.01,5,5095,卖盘
1332,10:46:30,10.2,0.01,9,9180,买盘
1333,10:46:24,10.19,-0.01,5,5095,卖盘
1334,10:46:15,10.2,0.01,22,22440,买盘
1335,10:46:09,10.19,0.01,158,161032,买盘
1336,10:46:05,10.18,--,5,5090,卖盘
1337,10:46:00,10.18,-0.01,60,61080,卖盘
1338,10:45:53,10.19,0.01,502,511538,买盘
1339,10:45:45,10.18,--,569,579242,卖盘
1340,10:45:39,10.18,-0.01,283,288094,卖盘
1341,10:45:35,10.19,0.01,15,15285,买盘
1342,10:45:29,10.18,-0.01,24,24432,卖盘
1343,10:45:24,10.19,--,453,461607,买盘
1344,10:45:09,10.19,0.01,20,20380,买盘
1345,10:45:05,10.18,--,4,4072,卖盘
1346,10:45:00,10.18,--,4,4072,卖盘
1347,10:44:54,10.18,-0.01,20,20360,卖盘
1348,10:44:50,10.19,--,36,36684,买盘
1349,10:44:35,10.19,0.01,6,6114,买盘
1350,10:44:30,10.18,--,45,45810,卖盘
1351,10:44:20,10.18,--,1,1018,卖盘
1352,10:44:14,10.18,--,16,16288,卖盘
1353,10:44:08,10.18,--,305,310490,买盘
1354,10:44:05,10.18,--,5,5090,买盘
1355,10:44:00,10.18,--,2,2036,买盘
1356,10:43:47,10.18,--,7,7126,卖盘
1357,10:43:45,10.18,0.01,41,41738,中性盘
1358,10:43:39,10.17,--,507,516127,卖盘
1359,10:43:33,10.17,-0.01,5,5085,卖盘
1360,10:43:30,10.18,--,7,7635,卖盘
1361,10:43:24,10.18,--,99,100782,卖盘
1362,10:43:18,10.18,--,196,200016,卖盘
1363,10:43:15,10.18,--,51,52589,卖盘
1364,10:43:09,10.18,--,229,233122,卖盘
1365,10:43:03,10.18,--,15,15270,卖盘
1366,10:42:59,10.18,--,1,1018,卖盘
1367,10:42:54,10.18,--,143,145574,卖盘
1368,10:42:44,10.18,--,113,115400,买盘
1369,10:42:32,10.18,--,7,7126,买盘
1370,10:42:18,10.18,--,965,983021,卖盘
1371,10:42:14,10.18,--,28,28504,卖盘
1372,10:42:09,10.18,--,4,4072,卖盘
1373,10:42:03,10.18,--,33,33594,卖盘
1374,10:41:59,10.18,-0.01,1001,1019018,卖盘
1375,10:41:53,10.19,--,20,20380,买盘
1376,10:41:48,10.19,0.01,1,1019,买盘
1377,10:41:44,10.18,-0.01,358,364820,卖盘
1378,10:41:39,10.19,--,100,101900,卖盘
1379,10:41:32,10.19,--,73,74916,卖盘
1380,10:41:29,10.19,--,28,28532,卖盘
1381,10:41:24,10.19,--,553,564036,卖盘
1382,10:41:18,10.19,--,50,51479,卖盘
1383,10:41:14,10.19,--,87,89264,卖盘
1384,10:41:08,10.19,--,283,288377,卖盘
1385,10:41:03,10.19,--,106,108014,卖盘
1386,10:40:59,10.19,--,354,361255,卖盘
1387,10:40:53,10.19,--,33,33627,卖盘
1388,10:40:38,10.19,-0.01,330,336270,卖盘
1389,10:40:32,10.2,0.01,5,5100,买盘
1390,10:40:29,10.19,-0.01,106,108014,卖盘
1391,10:40:23,10.2,--,335,342230,卖盘
1392,10:40:18,10.2,--,19,19380,卖盘
1393,10:40:14,10.2,--,93,94860,卖盘
1394,10:40:08,10.2,--,248,253286,卖盘
1395,10:40:03,10.2,--,166,169320,卖盘
1396,10:39:59,10.2,-0.01,122,124970,卖盘
1397,10:39:54,10.21,0.01,1,1021,买盘
1398,10:39:44,10.2,--,50,51530,卖盘
1399,10:39:38,10.2,--,417,425339,卖盘
1400,10:39:33,10.2,-0.01,100,102530,卖盘
1401,10:39:29,10.21,0.01,1,1021,买盘
1402,10:39:23,10.2,--,80,81600,卖盘
1403,10:39:17,10.2,--,60,61730,卖盘
1404,10:39:02,10.2,--,135,138230,卖盘
1405,10:38:53,10.2,--,10,10200,卖盘
1406,10:38:39,10.2,-0.01,211,215219,卖盘
1407,10:38:32,10.21,0.01,5,5105,买盘
1408,10:38:29,10.2,--,34,35251,买盘
1409,10:38:24,10.2,--,15,16279,卖盘
1410,10:38:18,10.2,--,50,51530,卖盘
1411,10:38:08,10.2,0.01,50,51530,买盘
1412,10:38:03,10.19,--,54,55555,卖盘
1413,10:37:59,10.19,--,0,0,卖盘
1414,10:37:53,10.19,-0.01,290,295510,卖盘
1415,10:37:48,10.2,--,483,493475,买盘
1416,10:37:33,10.2,0.01,66,67850,买盘
1417,10:37:23,10.19,--,50,51479,卖盘
1418,10:37:18,10.19,--,88,89672,卖盘
1419,10:37:08,10.19,--,50,51479,卖盘
1420,10:37:03,10.19,--,4,4076,卖盘
1421,10:36:59,10.19,-0.01,1,1548,卖盘
1422,10:36:54,10.2,0.01,40,40800,买盘
1423,10:36:48,10.19,-0.01,301,307248,卖盘
1424,10:36:38,10.2,--,46,46920,卖盘
1425,10:36:33,10.2,0.01,1030,1051130,买盘
1426,10:36:29,10.19,-0.01,82,84087,卖盘
1427,10:36:23,10.2,0.01,162,165240,买盘
1428,10:36:18,10.19,--,50,51479,卖盘
1429,10:36:13,10.19,--,69,70637,卖盘
1430,10:36:09,10.19,--,9,9171,卖盘
1431,10:36:02,10.19,--,116,118733,卖盘
1432,10:35:53,10.19,--,111,113638,卖盘
1433,10:35:47,10.19,--,102,103978,卖盘
1434,10:35:42,10.19,--,50,51479,卖盘
1435,10:35:38,10.19,--,154,157455,卖盘
1436,10:35:32,10.19,-0.01,70,71859,卖盘
1437,10:35:23,10.2,0.01,55,56630,买盘
1438,10:35:17,10.19,--,50,51479,卖盘
1439,10:35:12,10.19,-0.01,324,330685,卖盘
1440,10:35:08,10.2,0.01,56,57650,买盘
1441,10:35:03,10.19,-0.01,51,52498,卖盘
1442,10:34:57,10.2,0.01,51,52550,买盘
1443,10:34:47,10.19,--,51,52498,卖盘
1444,10:34:38,10.19,--,15,15285,卖盘
1445,10:34:32,10.19,--,120,122280,卖盘
1446,10:34:27,10.19,-0.01,73,75273,卖盘
1447,10:34:23,10.2,0.01,2,2039,买盘
1448,10:34:17,10.19,--,48,48912,卖盘
1449,10:34:11,10.19,--,36,36684,卖盘
1450,10:34:08,10.19,--,35,35665,卖盘
1451,10:34:02,10.19,--,86,87634,卖盘
1452,10:33:57,10.19,--,64,65216,卖盘
1453,10:33:53,10.19,--,8,8152,卖盘
1454,10:33:48,10.19,--,37,37703,卖盘
1455,10:33:38,10.19,-0.01,20,20380,卖盘
1456,10:33:32,10.2,0.01,22,22440,买盘
1457,10:33:23,10.19,-0.01,2000,2038000,卖盘
1458,10:33:18,10.2,0.01,1,1019,买盘
1459,10:33:11,10.19,-0.01,52,52988,卖盘
1460,10:33:08,10.2,0.01,68,69360,买盘
1461,10:33:02,10.19,-0.01,6,6114,卖盘
1462,10:32:56,10.2,0.01,26,26519,买盘
1463,10:32:53,10.19,--,50,50950,卖盘
1464,10:32:47,10.19,--,45,45855,卖盘
1465,10:32:41,10.19,--,8,8152,卖盘
1466,10:32:38,10.19,--,117,119752,买盘
1467,10:32:26,10.19,--,63,64197,买盘
1468,10:32:23,10.19,--,29,29551,买盘
1469,10:32:17,10.19,-0.01,2,2038,卖盘
1470,10:32:11,10.2,0.02,26,26519,买盘
1471,10:32:08,10.18,-0.02,1562,1590116,卖盘
1472,10:32:02,10.2,0.01,2,2039,买盘
1473,10:31:56,10.19,0.01,5,5095,中性盘
1474,10:31:53,10.18,--,20,20360,卖盘
1475,10:31:47,10.18,-0.02,168,171064,卖盘
1476,10:31:41,10.2,0.02,26,27335,买盘
1477,10:31:32,10.18,--,26,26468,卖盘
1478,10:31:26,10.18,0.01,50,50900,买盘
1479,10:31:17,10.17,-0.01,28,29167,卖盘
1480,10:31:11,10.18,-0.01,1990,2026593,卖盘
1481,10:31:08,10.19,0.01,966,984924,买盘
1482,10:31:02,10.18,-0.01,282,287076,卖盘
1483,10:30:56,10.19,--,55,56045,买盘
1484,10:30:53,10.19,--,354,361174,卖盘
1485,10:30:47,10.19,--,2170,2211230,卖盘
1486,10:30:41,10.19,--,165,168175,卖盘
1487,10:30:38,10.19,-0.01,56,57064,卖盘
1488,10:30:32,10.2,--,451,460060,买盘
1489,10:30:26,10.2,--,148,150960,卖盘
1490,10:30:23,10.2,--,300,306040,卖盘
1491,10:30:17,10.2,--,187,190740,卖盘
1492,10:30:11,10.2,--,292,298288,卖盘
1493,10:30:07,10.2,--,275,280500,卖盘
1494,10:30:02,10.2,-0.01,400,408530,卖盘
1495,10:29:56,10.21,0.01,13,13273,买盘
1496,10:29:52,10.2,--,414,422279,卖盘
1497,10:29:47,10.2,--,4,4079,卖盘
1498,10:29:41,10.2,-0.01,34,34680,卖盘
1499,10:29:26,10.21,0.01,63,64323,买盘
1500,10:29:22,10.2,-0.01,53,54590,卖盘
1501,10:29:17,10.21,--,436,445156,买盘
1502,10:29:11,10.21,0.01,34,34714,买盘
1503,10:29:02,10.2,--,60,61730,卖盘
1504,10:28:56,10.2,--,1026,1046519,卖盘
1505,10:28:41,10.2,--,5,5100,卖盘
1506,10:28:35,10.2,--,50,51530,卖盘
1507,10:28:26,10.2,-0.01,18,18360,卖盘
1508,10:28:20,10.21,--,1,1021,买盘
1509,10:28:17,10.21,--,647,661117,卖盘
1510,10:28:11,10.21,--,41,41861,卖盘
1511,10:28:02,10.21,-0.01,80,82210,卖盘
1512,10:27:47,10.22,0.01,51,52653,买盘
1513,10:27:41,10.21,--,4,4084,卖盘
1514,10:27:35,10.21,-0.01,128,130688,卖盘
1515,10:27:32,10.22,--,71,73093,买盘
1516,10:27:26,10.22,0.01,1,1022,买盘
1517,10:27:20,10.21,--,224,229643,买盘
1518,10:27:17,10.21,--,54,55664,买盘
1519,10:27:11,10.21,--,8,8168,买盘
1520,10:27:05,10.21,0.01,107,109247,买盘
1521,10:27:02,10.2,-0.02,89,91269,卖盘
1522,10:26:47,10.22,--,51,52653,买盘
1523,10:26:41,10.22,0.01,6,6132,买盘
1524,10:26:35,10.21,0.01,56,57176,买盘
1525,10:26:26,10.2,--,84,86210,卖盘
1526,10:26:17,10.2,--,0,0,卖盘
1527,10:26:11,10.2,--,60,61730,卖盘
1528,10:26:05,10.2,--,9,9180,卖盘
1529,10:26:02,10.2,-0.01,2432,2480680,卖盘
1530,10:25:56,10.21,--,160,163360,买盘
1531,10:25:50,10.21,-0.01,1,1021,买盘
1532,10:25:47,10.22,0.01,338,346376,买盘
1533,10:25:41,10.21,--,229,233809,卖盘
1534,10:25:35,10.21,--,43,43903,卖盘
1535,10:25:32,10.21,--,216,220536,卖盘
1536,10:25:26,10.21,-0.01,29,29609,卖盘
1537,10:25:20,10.22,0.01,175,178890,买盘
1538,10:25:17,10.21,--,162,165932,卖盘
1539,10:25:11,10.21,0.01,288,294578,买盘
1540,10:25:05,10.2,-0.01,50,51530,卖盘
1541,10:24:56,10.21,0.01,209,213389,买盘
1542,10:24:50,10.2,-0.01,50,51775,卖盘
1543,10:24:47,10.21,0.01,110,112840,买盘
1544,10:24:41,10.2,-0.01,55,56630,卖盘
1545,10:24:35,10.21,--,13,13273,买盘
1546,10:24:31,10.21,--,694,709554,卖盘
1547,10:24:26,10.21,--,1960,2001690,卖盘
1548,10:24:20,10.21,--,357,364497,卖盘
1549,10:24:11,10.21,-0.01,5,5105,卖盘
1550,10:24:05,10.22,--,151,154322,买盘
1551,10:24:02,10.22,--,30,30660,买盘
1552,10:23:56,10.22,0.01,21,21462,买盘
1553,10:23:50,10.21,--,140,142940,卖盘
1554,10:23:41,10.21,--,9,9189,卖盘
1555,10:23:26,10.21,--,59,60239,卖盘
1556,10:23:20,10.21,-0.01,56,57706,卖盘
1557,10:23:16,10.22,0.01,1,1022,买盘
1558,10:23:11,10.21,-0.01,15,15315,卖盘
1559,10:22:56,10.22,--,49,50078,买盘
1560,10:22:50,10.22,-0.01,2169,2217045,卖盘
1561,10:22:46,10.23,0.01,80,82658,买盘
1562,10:22:41,10.22,--,105,107841,卖盘
1563,10:22:35,10.22,--,5,5110,卖盘
1564,10:22:31,10.22,-0.01,81,83313,卖盘
1565,10:22:26,10.23,0.01,2,2046,买盘
1566,10:22:20,10.22,--,6,6132,卖盘
1567,10:22:11,10.22,--,55,56741,卖盘
1568,10:22:05,10.22,--,30,30660,卖盘
1569,10:22:01,10.22,-0.01,50,51631,卖盘
1570,10:21:50,10.23,--,67,68541,买盘
1571,10:21:46,10.23,0.01,58,59334,买盘
1572,10:21:41,10.22,--,5,5110,卖盘
1573,10:21:35,10.22,-0.01,128,130816,卖盘
1574,10:21:31,10.23,0.01,12,12276,买盘
1575,10:21:26,10.22,--,100,102731,卖盘
1576,10:21:20,10.22,-0.01,65,67370,卖盘
1577,10:21:14,10.23,0.01,50,51150,买盘
1578,10:21:11,10.22,-0.01,355,362810,卖盘
1579,10:21:05,10.23,--,252,257796,买盘
1580,10:20:56,10.23,0.01,52,53646,买盘
1581,10:20:50,10.22,-0.01,51,52122,卖盘
1582,10:20:44,10.23,0.01,17,17391,买盘
1583,10:20:41,10.22,-0.01,71,72562,卖盘
1584,10:20:35,10.23,--,84,85932,买盘
1585,10:20:29,10.23,0.01,300,306900,买盘
1586,10:20:26,10.22,--,123,125706,卖盘
1587,10:20:20,10.22,-0.01,20,20440,卖盘
1588,10:20:14,10.23,0.01,301,307923,买盘
1589,10:20:11,10.22,-0.01,152,155344,卖盘
1590,10:20:05,10.23,0.01,369,377487,买盘
1591,10:19:59,10.22,-0.01,20,20440,卖盘
1592,10:19:56,10.23,--,1,1023,买盘
1593,10:19:50,10.23,0.01,1,1023,买盘
1594,10:19:41,10.22,--,57,58254,卖盘
1595,10:19:35,10.22,--,36,36792,卖盘
1596,10:19:26,10.22,--,2,2044,卖盘
1597,10:19:20,10.22,--,74,75628,卖盘
1598,10:19:11,10.22,-0.01,103,105266,卖盘
1599,10:19:05,10.23,--,15,15345,买盘
1600,10:18:59,10.23,0.01,1,1023,买盘
1601,10:18:50,10.22,--,18,18396,卖盘
1602,10:18:41,10.22,--,5,5110,卖盘
1603,10:18:26,10.22,-0.01,6,6132,卖盘
1604,10:18:20,10.23,0.01,70,71610,买盘
1605,10:18:14,10.22,-0.01,51,52122,卖盘
1606,10:18:11,10.23,--,7,7161,买盘
1607,10:18:05,10.23,-0.01,279,285417,卖盘
1608,10:17:59,10.24,0.01,55,56320,买盘
1609,10:17:56,10.23,--,53,54219,卖盘
1610,10:17:50,10.23,--,0,0,买盘
1611,10:17:44,10.23,0.01,55,56265,买盘
1612,10:17:40,10.22,-0.01,11,11242,卖盘
1613,10:17:35,10.23,--,29,30137,卖盘
1614,10:17:29,10.23,--,74,76254,买盘
1615,10:17:25,10.23,0.01,2,2046,买盘
1616,10:17:20,10.22,-0.01,397,405734,卖盘
1617,10:17:14,10.23,0.01,249,254727,买盘
1618,10:17:10,10.22,--,115,117530,卖盘
1619,10:17:05,10.22,-0.01,34,34748,卖盘
1620,10:16:59,10.23,0.01,148,151404,买盘
1621,10:16:55,10.22,--,24,24528,卖盘
1622,10:16:50,10.22,-0.01,168,171696,卖盘
1623,10:16:44,10.23,--,618,632715,卖盘
1624,10:16:40,10.23,--,10,10230,卖盘
1625,10:16:35,10.23,--,10,10230,卖盘
1626,10:16:29,10.23,--,81,82863,卖盘
1627,10:16:25,10.23,--,3,3069,卖盘
1628,10:16:10,10.23,--,9,9207,卖盘
1629,10:15:59,10.23,--,84,86453,卖盘
1630,10:15:50,10.23,-0.01,20,20460,卖盘
1631,10:15:44,10.24,--,4,4096,买盘
1632,10:15:40,10.24,0.01,42,43008,买盘
1633,10:15:35,10.23,--,37,37851,买盘
1634,10:15:29,10.23,0.01,29,29667,买盘
1635,10:15:10,10.22,-0.01,5,5110,卖盘
1636,10:15:05,10.23,--,51,52173,买盘
1637,10:14:54,10.23,0.01,1,1023,买盘
1638,10:14:50,10.22,--,53,54166,卖盘
1639,10:14:40,10.22,--,5,5110,卖盘
1640,10:14:35,10.22,-0.01,12,12264,卖盘
1641,10:14:25,10.23,-0.01,1,1023,买盘
1642,10:14:20,10.24,--,112,114688,买盘
1643,10:14:14,10.24,0.02,51,52224,买盘
1644,10:14:08,10.22,-0.01,41,41902,卖盘
1645,10:14:05,10.23,--,8,8184,卖盘
1646,10:13:59,10.23,--,56,57288,卖盘
1647,10:13:50,10.23,--,56,57288,卖盘
1648,10:13:44,10.23,--,10,10230,卖盘
1649,10:13:38,10.23,-0.01,5,5115,卖盘
1650,10:13:29,10.24,--,51,52224,买盘
1651,10:13:20,10.24,0.01,74,75776,买盘
1652,10:13:14,10.23,--,28,28644,卖盘
1653,10:13:08,10.23,--,4,4092,卖盘
1654,10:13:05,10.23,--,263,269049,卖盘
1655,10:12:59,10.23,--,54,55364,卖盘
1656,10:12:53,10.23,--,10,10230,卖盘
1657,10:12:50,10.23,-0.01,119,121737,卖盘
1658,10:12:44,10.24,0.01,89,91136,买盘
1659,10:12:38,10.23,-0.01,32,32736,卖盘
1660,10:12:35,10.24,--,20,20480,买盘
1661,10:12:29,10.24,--,50,51240,买盘
1662,10:12:23,10.24,0.01,49,50176,买盘
1663,10:12:20,10.23,--,5,5115,卖盘
1664,10:12:08,10.23,-0.01,4,4092,卖盘
1665,10:11:59,10.24,0.01,41,41984,买盘
1666,10:11:53,10.23,-0.01,72,73656,卖盘
1667,10:11:50,10.24,0.01,116,118784,买盘
1668,10:11:44,10.23,--,137,140151,卖盘
1669,10:11:38,10.23,-0.01,6,6138,卖盘
1670,10:11:35,10.24,--,57,58368,买盘
1671,10:11:23,10.24,--,145,148480,买盘
1672,10:11:20,10.24,--,2,2048,买盘
1673,10:11:08,10.24,--,10,10240,买盘
1674,10:10:59,10.24,0.01,29,29696,买盘
1675,10:10:53,10.23,--,3,3069,卖盘
1676,10:10:44,10.23,--,5,5115,卖盘
1677,10:10:38,10.23,-0.01,24,24552,中性盘
1678,10:10:35,10.24,0.01,315,322560,买盘
1679,10:10:23,10.23,--,51,52173,买盘
1680,10:10:20,10.23,--,53,54219,买盘
1681,10:10:14,10.23,--,113,115599,买盘
1682,10:10:08,10.23,0.01,368,376464,买盘
1683,10:10:04,10.22,--,1,1022,卖盘
1684,10:09:53,10.22,-0.01,9,9198,卖盘
1685,10:09:49,10.23,0.01,4,4092,买盘
1686,10:09:38,10.22,-0.01,4,4088,卖盘
1687,10:09:34,10.23,--,54,55242,买盘
1688,10:09:29,10.23,--,68,69564,买盘
1689,10:09:14,10.23,0.01,73,74679,买盘
1690,10:09:08,10.22,--,76,77672,卖盘
1691,10:08:59,10.22,-0.01,55,56210,卖盘
1692,10:08:53,10.23,0.01,113,115599,买盘
1693,10:08:49,10.22,--,31,31682,卖盘
1694,10:08:38,10.22,--,904,923888,卖盘
1695,10:08:23,10.22,-0.01,84,85848,卖盘
1696,10:08:14,10.23,0.01,72,73656,买盘
1697,10:08:08,10.22,-0.01,28,28616,卖盘
1698,10:07:53,10.23,--,1,1023,买盘
1699,10:07:49,10.23,0.01,51,52173,买盘
1700,10:07:44,10.22,--,6,6132,卖盘
1701,10:07:38,10.22,--,8,8789,卖盘
1702,10:07:28,10.22,-0.01,119,121618,卖盘
1703,10:07:23,10.23,0.01,138,141378,买盘
1704,10:07:19,10.22,--,842,860789,卖盘
1705,10:07:08,10.22,-0.01,5,5110,卖盘
1706,10:07:04,10.23,0.01,51,52173,买盘
1707,10:06:47,10.22,-0.01,17,17374,卖盘
1708,10:06:38,10.23,0.01,6,6138,买盘
1709,10:06:29,10.22,-0.01,17,17374,卖盘
1710,10:06:23,10.23,--,1,1023,买盘
1711,10:06:14,10.23,0.01,5,5115,买盘
1712,10:06:08,10.22,--,4,4088,卖盘
1713,10:05:59,10.22,-0.01,4,4088,卖盘
1714,10:05:44,10.23,--,51,52173,买盘
1715,10:05:38,10.23,--,28,28644,买盘
1716,10:05:23,10.23,--,20,20460,买盘
1717,10:05:13,10.23,0.01,180,184140,买盘
1718,10:05:08,10.22,--,60,61320,卖盘
1719,10:04:53,10.22,--,69,70518,卖盘
1720,10:04:43,10.22,-0.01,95,97090,卖盘
1721,10:04:38,10.23,--,6,6138,买盘
1722,10:04:28,10.23,--,58,59334,买盘
1723,10:04:23,10.23,0.01,4,4092,买盘
1724,10:04:17,10.22,--,15,15330,卖盘
1725,10:04:08,10.22,--,54,55188,卖盘
1726,10:04:02,10.22,--,36,37405,卖盘
1727,10:03:58,10.22,-0.01,11,11242,卖盘
1728,10:03:38,10.23,0.01,5,5115,买盘
1729,10:03:28,10.22,--,53,54166,卖盘
1730,10:03:23,10.22,--,17,17374,卖盘
1731,10:03:17,10.22,-0.01,20,20440,卖盘
1732,10:03:13,10.23,--,105,107415,买盘
1733,10:03:08,10.23,--,60,61380,买盘
1734,10:03:02,10.23,0.01,51,52173,买盘
1735,10:02:53,10.22,-0.01,50,51100,卖盘
1736,10:02:47,10.23,0.01,6,6138,买盘
1737,10:02:43,10.22,--,23,23506,卖盘
1738,10:02:38,10.22,--,283,289226,卖盘
1739,10:02:32,10.22,-0.01,49,50078,卖盘
1740,10:02:28,10.23,--,22,22506,买盘
1741,10:02:23,10.23,0.01,96,98208,买盘
1742,10:02:17,10.22,--,27,27594,卖盘
1743,10:02:13,10.22,--,25,25550,卖盘
1744,10:02:08,10.22,--,151,154322,卖盘
1745,10:02:02,10.22,--,50,51100,卖盘
1746,10:01:58,10.22,--,5,5110,卖盘
1747,10:01:38,10.22,--,25,25550,卖盘
1748,10:01:32,10.22,-0.01,97,99134,卖盘
1749,10:01:28,10.23,--,38,38874,买盘
1750,10:01:23,10.23,--,155,158565,买盘
1751,10:01:17,10.23,--,82,83886,买盘
1752,10:01:08,10.23,--,177,181071,买盘
1753,10:00:53,10.23,--,113,115599,买盘
1754,10:00:47,10.23,--,66,67518,买盘
1755,10:00:37,10.23,--,33,33759,买盘
1756,10:00:32,10.23,0.01,50,51150,买盘
1757,10:00:28,10.22,-0.01,70,71540,卖盘
1758,10:00:23,10.23,0.01,33,33759,买盘
1759,10:00:17,10.22,--,221,225862,卖盘
1760,10:00:07,10.22,-0.01,271,276962,卖盘
1761,10:00:02,10.23,--,21,21483,买盘
1762,09:59:53,10.23,--,49,50127,买盘
1763,09:59:38,10.23,--,76,77748,买盘
1764,09:59:32,10.23,--,85,86955,买盘
1765,09:59:23,10.23,0.01,5,5115,买盘
1766,09:59:17,10.22,-0.01,80,81760,卖盘
1767,09:59:07,10.23,0.01,20,20460,买盘
1768,09:59:02,10.22,-0.01,6,6132,卖盘
1769,09:58:56,10.23,--,5,5115,买盘
1770,09:58:47,10.23,0.01,801,819423,买盘
1771,09:58:37,10.22,--,121,123662,卖盘
1772,09:58:32,10.22,-0.02,456,466032,卖盘
1773,09:58:26,10.24,0.01,36,36864,买盘
1774,09:58:22,10.23,0.01,8,8184,买盘
1775,09:58:17,10.22,-0.01,76,77672,卖盘
1776,09:58:11,10.23,--,120,122760,卖盘
1777,09:58:07,10.23,-0.01,4,4092,卖盘
1778,09:57:56,10.24,--,107,109568,买盘
1779,09:57:52,10.24,--,0,0,买盘
1780,09:57:37,10.24,0.02,5,5120,买盘
1781,09:57:32,10.22,--,17,17374,卖盘
1782,09:57:26,10.22,--,59,60298,卖盘
1783,09:57:22,10.22,-0.01,309,316758,卖盘
1784,09:57:17,10.23,--,283,289509,买盘
1785,09:57:11,10.23,--,51,52173,买盘
1786,09:57:07,10.23,0.01,102,104346,买盘
1787,09:56:56,10.22,-0.01,17,17374,卖盘
1788,09:56:52,10.23,0.01,444,454212,买盘
1789,09:56:47,10.22,-0.01,23,23506,卖盘
1790,09:56:41,10.23,--,1,1023,买盘
1791,09:56:37,10.23,0.01,249,254727,买盘
1792,09:56:32,10.22,-0.01,26,26572,卖盘
1793,09:56:11,10.23,0.01,1002,1025046,买盘
1794,09:56:07,10.22,--,25,25550,卖盘
1795,09:56:02,10.22,-0.01,12,12264,卖盘
1796,09:55:52,10.23,0.01,77,78771,买盘
1797,09:55:41,10.22,-0.01,40,40880,卖盘
1798,09:55:37,10.23,--,7,7161,买盘
1799,09:55:22,10.23,--,719,735537,卖盘
1800,09:55:11,10.23,-0.01,22,22506,卖盘
1801,09:55:07,10.24,--,0,0,买盘
1802,09:55:02,10.24,0.01,102,104448,买盘
1803,09:54:56,10.23,-0.01,30,30690,卖盘
1804,09:54:52,10.24,0.01,1,1024,买盘
1805,09:54:41,10.23,-0.01,6,6138,卖盘
1806,09:54:37,10.24,0.01,94,96256,买盘
1807,09:54:26,10.23,0.01,27,27621,中性盘
1808,09:54:22,10.22,--,193,197246,卖盘
1809,09:54:11,10.22,--,30,30823,卖盘
1810,09:54:07,10.22,--,7,7154,卖盘
1811,09:54:01,10.22,-0.01,14,14308,卖盘
1812,09:53:56,10.23,0.01,1,1023,买盘
1813,09:53:52,10.22,-0.01,70,71540,卖盘
1814,09:53:41,10.23,0.01,26,26598,买盘
1815,09:53:32,10.22,--,0,0,卖盘
1816,09:53:22,10.22,--,50,51100,卖盘
1817,09:53:17,10.22,--,20,20440,卖盘
1818,09:53:11,10.22,--,293,299446,卖盘
1819,09:53:07,10.22,-0.02,109,111398,卖盘
1820,09:52:56,10.24,--,51,52224,买盘
1821,09:52:52,10.24,0.02,11,11264,买盘
1822,09:52:41,10.22,--,7,7154,卖盘
1823,09:52:37,10.22,--,6,6132,卖盘
1824,09:52:31,10.22,-0.01,123,125706,卖盘
1825,09:52:11,10.23,-0.01,5,5115,买盘
1826,09:52:01,10.24,--,11,11264,买盘
1827,09:51:56,10.24,0.02,177,181248,买盘
1828,09:51:46,10.22,--,367,375074,卖盘
1829,09:51:41,10.22,-0.02,4,4088,卖盘
1830,09:51:31,10.24,0.02,13,13312,买盘
1831,09:51:26,10.22,--,54,55188,卖盘
1832,09:51:11,10.22,--,51,52122,卖盘
1833,09:51:05,10.22,--,7,7154,卖盘
1834,09:51:01,10.22,--,6,6132,卖盘
1835,09:50:56,10.22,--,12,12264,卖盘
1836,09:50:46,10.22,--,18,18396,卖盘
1837,09:50:41,10.22,--,180,183960,卖盘
1838,09:50:31,10.22,--,13,13286,卖盘
1839,09:50:26,10.22,--,46,47012,卖盘
1840,09:50:20,10.22,--,122,124684,卖盘
1841,09:50:16,10.22,--,270,275940,卖盘
1842,09:50:11,10.22,-0.01,5,5110,卖盘
1843,09:50:05,10.23,--,10,10230,买盘
1844,09:50:01,10.23,0.01,21,21483,中性盘
1845,09:49:56,10.22,--,15,15330,卖盘
1846,09:49:50,10.22,-0.01,100,102200,卖盘
1847,09:49:46,10.23,-0.01,2,2046,中性盘
1848,09:49:41,10.24,0.02,56,57344,买盘
1849,09:49:35,10.22,--,7,7154,卖盘
1850,09:49:25,10.22,--,3,3066,卖盘
1851,09:49:10,10.22,-0.02,5,5110,卖盘
1852,09:49:05,10.24,0.02,3,3072,买盘
1853,09:49:01,10.22,-0.02,8,8176,卖盘
1854,09:48:56,10.24,0.01,58,59392,买盘
1855,09:48:50,10.23,--,3,3069,买盘
1856,09:48:46,10.23,--,100,102300,买盘
1857,09:48:40,10.23,--,113,115599,买盘
1858,09:48:31,10.23,--,5,5115,买盘
1859,09:48:16,10.23,0.01,6,6138,卖盘
1860,09:48:11,10.22,-0.01,4,4088,卖盘
1861,09:48:05,10.23,-0.02,72,73656,卖盘
1862,09:48:01,10.25,--,97,99425,买盘
1863,09:47:55,10.25,--,0,0,买盘
1864,09:47:50,10.25,0.02,74,75850,买盘
1865,09:47:41,10.23,0.01,13,13299,买盘
1866,09:47:35,10.22,-0.01,20,20440,卖盘
1867,09:47:25,10.23,--,28,28644,买盘
1868,09:47:20,10.23,-0.01,44,45012,卖盘
1869,09:47:10,10.24,-0.01,6,6144,买盘
1870,09:47:01,10.25,--,0,0,买盘
1871,09:46:55,10.25,0.01,74,75850,买盘
1872,09:46:50,10.24,--,202,206848,买盘
1873,09:46:41,10.24,0.02,81,82944,买盘
1874,09:46:35,10.22,-0.03,174,177828,卖盘
1875,09:46:31,10.25,--,0,0,买盘
1876,09:46:20,10.25,0.03,74,75850,买盘
1877,09:46:16,10.22,-0.01,437,446614,卖盘
1878,09:46:10,10.23,-0.01,19,19437,卖盘
1879,09:46:05,10.24,0.01,79,80896,买盘
1880,09:46:00,10.23,--,8,8184,卖盘
1881,09:45:55,10.23,--,87,89001,卖盘
1882,09:45:50,10.23,-0.01,84,85932,卖盘
1883,09:45:40,10.24,0.01,5,5120,买盘
1884,09:45:35,10.23,-0.01,28,28644,卖盘
1885,09:45:20,10.24,--,7,7168,买盘
1886,09:45:10,10.24,-0.01,46,47104,卖盘
1887,09:45:05,10.25,--,6,6150,买盘
1888,09:44:55,10.25,--,74,75850,买盘
1889,09:44:50,10.25,--,7,7175,买盘
1890,09:44:44,10.25,--,0,0,买盘
1891,09:44:41,10.25,--,119,121975,买盘
1892,09:44:35,10.25,--,75,76875,买盘
1893,09:44:29,10.25,0.01,28,28700,买盘
1894,09:44:20,10.24,-0.01,185,189440,卖盘
1895,09:44:10,10.25,0.01,176,180400,买盘
1896,09:44:05,10.24,--,13,13312,卖盘
1897,09:43:44,10.24,--,91,93184,买盘
1898,09:43:40,10.24,--,11,11264,买盘
1899,09:43:35,10.24,--,52,53248,买盘
1900,09:43:29,10.24,-0.01,1,1024,买盘
1901,09:43:20,10.25,--,5,5125,买盘
1902,09:43:14,10.25,0.02,97,99425,买盘
1903,09:43:10,10.23,-0.01,6,6138,卖盘
1904,09:43:04,10.24,--,100,102400,买盘
1905,09:42:55,10.24,--,1,1024,买盘
1906,09:42:44,10.24,--,504,516096,买盘
1907,09:42:40,10.24,0.01,149,152576,买盘
1908,09:42:35,10.23,--,1,1023,买盘
1909,09:42:29,10.23,--,7,7161,买盘
1910,09:42:25,10.23,-0.01,10,10230,买盘
1911,09:42:19,10.24,--,0,0,买盘
1912,09:42:14,10.24,--,25,25600,买盘
1913,09:42:10,10.24,0.01,5,5120,买盘
1914,09:42:04,10.23,-0.01,42,42966,卖盘
1915,09:41:59,10.24,--,28,28672,买盘
1916,09:41:49,10.24,--,82,83968,买盘
1917,09:41:44,10.24,--,0,0,买盘
1918,09:41:40,10.24,0.02,41,41984,买盘
1919,09:41:19,10.22,-0.02,150,153300,卖盘
1920,09:41:14,10.24,0.01,25,25600,买盘
1921,09:41:10,10.23,-0.01,4,4092,卖盘
1922,09:40:59,10.24,--,0,0,买盘
1923,09:40:49,10.24,0.02,6,6144,买盘
1924,09:40:44,10.22,-0.02,29,29638,卖盘
1925,09:40:40,10.24,--,8,8192,买盘
1926,09:40:34,10.24,0.01,77,78848,买盘
1927,09:40:29,10.23,-0.01,1,1023,中性盘
1928,09:40:19,10.24,0.02,1,1024,买盘
1929,09:40:14,10.22,--,757,773654,买盘
1930,09:40:10,10.22,--,193,197246,买盘
1931,09:40:04,10.22,--,4,4088,买盘
1932,09:39:55,10.22,--,118,120596,卖盘
1933,09:39:44,10.22,--,48,49812,买盘
1934,09:39:40,10.22,--,6,6132,买盘
1935,09:39:34,10.22,--,7,7154,买盘
1936,09:39:29,10.22,--,24,24528,买盘
1937,09:39:24,10.22,--,18,18396,买盘
1938,09:39:19,10.22,--,39,39858,买盘
1939,09:39:14,10.22,--,100,102200,买盘
1940,09:39:09,10.22,--,9,9198,买盘
1941,09:39:04,10.22,-0.02,1911,1953307,卖盘
1942,09:38:59,10.24,--,28,28672,买盘
1943,09:38:49,10.24,--,8,8396,买盘
1944,09:38:44,10.24,0.01,101,103424,买盘
1945,09:38:39,10.23,--,718,734657,买盘
1946,09:38:29,10.23,--,2,2046,买盘
1947,09:38:25,10.23,--,3,3069,买盘
1948,09:38:14,10.23,0.01,1,1023,买盘
1949,09:38:09,10.22,--,116,118552,卖盘
1950,09:38:04,10.22,-0.01,3,3066,卖盘
1951,09:37:59,10.23,0.01,112,114576,买盘
1952,09:37:53,10.22,-0.01,188,192136,卖盘
1953,09:37:49,10.23,--,10,10230,买盘
1954,09:37:44,10.23,0.01,201,206032,买盘
1955,09:37:34,10.22,-0.01,45,45990,卖盘
1956,09:37:29,10.23,0.01,20,20460,买盘
1957,09:37:23,10.22,--,55,56210,卖盘
1958,09:37:19,10.22,-0.01,122,124684,卖盘
1959,09:37:14,10.23,--,61,62403,买盘
1960,09:37:08,10.23,--,88,90024,买盘
1961,09:37:04,10.23,--,15,15345,买盘
1962,09:36:58,10.23,--,107,109461,买盘
1963,09:36:53,10.23,0.01,140,143220,买盘
1964,09:36:49,10.22,-0.01,6,6132,卖盘
1965,09:36:43,10.23,0.01,10,10230,买盘
1966,09:36:38,10.22,-0.01,4,4088,卖盘
1967,09:36:13,10.23,--,161,164703,买盘
1968,09:36:08,10.23,--,10,10230,买盘
1969,09:36:04,10.23,-0.01,1321,1352262,卖盘
1970,09:35:58,10.24,--,25,25600,买盘
1971,09:35:53,10.24,--,1,1024,买盘
1972,09:35:49,10.24,--,10,10240,买盘
1973,09:35:43,10.24,0.01,1,1024,买盘
1974,09:35:38,10.23,-0.01,5,5115,卖盘
1975,09:35:34,10.24,--,307,314368,卖盘
1976,09:35:19,10.24,-0.01,35,35840,卖盘
1977,09:35:13,10.25,-0.01,118,120950,中性盘
1978,09:35:08,10.26,0.01,18,18468,买盘
1979,09:35:04,10.25,--,30,30750,买盘
1980,09:34:58,10.25,--,2,2050,买盘
1981,09:34:43,10.25,--,183,187575,买盘
1982,09:34:38,10.25,0.01,10,10250,买盘
1983,09:34:34,10.24,-0.01,6,6144,卖盘
1984,09:34:28,10.25,0.01,435,445875,买盘
1985,09:34:13,10.24,-0.01,20,20480,卖盘
1986,09:34:08,10.25,--,176,180400,买盘
1987,09:34:04,10.25,0.01,6,6150,买盘
1988,09:33:58,10.24,-0.01,10,10240,买盘
1989,09:33:53,10.25,--,127,130175,买盘
1990,09:33:49,10.25,--,319,326975,买盘
1991,09:33:43,10.25,0.01,255,261375,买盘
1992,09:33:38,10.24,--,210,215040,买盘
1993,09:33:34,10.24,--,44,45056,买盘
1994,09:33:28,10.24,0.01,48,49152,买盘
1995,09:33:23,10.23,-0.01,29,29667,卖盘
1996,09:33:13,10.24,--,14,14336,买盘
1997,09:33:08,10.24,--,8,8192,买盘
1998,09:33:04,10.24,--,4,4096,买盘
1999,09:32:58,10.24,0.01,18,18432,买盘
2000,09:32:53,10.23,-0.01,250,255750,卖盘
2001,09:32:43,10.24,0.01,241,246784,买盘
2002,09:32:38,10.23,-0.01,252,257796,卖盘
2003,09:32:28,10.24,0.01,159,162816,买盘
2004,09:32:23,10.23,--,118,120714,卖盘
2005,09:32:18,10.23,--,49,50270,卖盘
2006,09:32:13,10.23,--,300,306900,卖盘
2007,09:32:08,10.23,--,5,5115,卖盘
2008,09:31:58,10.23,-0.01,27,27621,卖盘
2009,09:31:53,10.24,--,31,31744,买盘
2010,09:31:43,10.24,--,90,92160,买盘
2011,09:31:38,10.24,-0.01,167,171253,卖盘
2012,09:31:28,10.25,0.01,213,219104,买盘
2013,09:31:23,10.24,0.01,20,20480,买盘
2014,09:31:13,10.23,--,528,540144,卖盘
2015,09:31:08,10.23,-0.01,18,18414,卖盘
2016,09:31:03,10.24,--,104,106496,买盘
2017,09:30:58,10.24,--,232,237568,买盘
2018,09:30:53,10.24,--,31,31744,买盘
2019,09:30:43,10.24,--,50,51200,买盘
2020,09:30:37,10.24,--,170,174080,买盘
2021,09:30:22,10.24,--,28,28672,买盘
2022,09:30:13,10.24,--,18,18432,买盘
2023,09:30:07,10.24,-0.01,528,541685,卖盘
2024,09:30:02,10.25,0.01,209,214225,买盘
2025,09:28:53,10.24,--,0,0,卖盘
2026,09:25:04,10.24,10.24,775,793610,买盘
