,time,price,change,volume,amount,type
0,15:00:00,17.65,--,0,0,买盘
1,15:00:00,17.65,--,142,250629,买盘
2,14:59:58,17.65,-0.02,17,30004,中性盘
3,14:59:53,17.67,0.02,270,477090,买盘
4,14:59:47,17.65,-0.02,4,7059,卖盘
5,14:59:43,17.67,--,16,28272,买盘
6,14:59:38,17.67,0.02,159,280953,买盘
7,14:59:32,17.65,--,18,31769,买盘
8,14:59:28,17.65,--,49,86485,卖盘
9,14:59:23,17.65,--,8,14119,卖盘
10,14:59:17,17.65,-0.02,8,14119,卖盘
11,14:59:13,17.67,0.02,49,86583,买盘
12,14:59:08,17.65,--,24,42360,买盘
13,14:59:02,17.65,-0.02,10,17667,卖盘
14,14:58:58,17.67,--,17,30039,买盘
15,14:58:53,17.67,-0.01,38,67146,卖盘
16,14:58:47,17.68,0.01,22,38896,买盘
17,14:58:43,17.67,--,5,8835,买盘
18,14:58:38,17.67,-0.01,16,28272,卖盘
19,14:58:32,17.68,--,1,1768,买盘
20,14:58:28,17.68,0.01,146,258128,买盘
21,14:58:23,17.67,-0.01,100,176700,卖盘
22,14:58:17,17.68,-0.01,47,83096,卖盘
23,14:58:13,17.69,--,14,24766,买盘
24,14:58:08,17.69,-0.01,15,26535,卖盘
25,14:58:02,17.7,0.01,34,60180,买盘
26,14:57:53,17.69,--,1,1769,卖盘
27,14:57:38,17.69,0.01,14,24766,买盘
28,14:57:32,17.68,--,1,2740,卖盘
29,14:57:28,17.68,--,21,37905,买盘
30,14:57:23,17.68,0.01,14,24752,买盘
31,14:57:13,17.67,--,23,40641,卖盘
32,14:57:08,17.67,--,0,0,中性盘
33,14:57:02,17.67,--,8,14136,买盘
34,14:56:58,17.67,--,3,5301,买盘
35,14:56:53,17.67,--,60,106020,买盘
36,14:56:47,17.67,-0.01,12,21204,买盘
37,14:56:43,17.68,--,0,0,买盘
38,14:56:38,17.68,--,39,68952,买盘
39,14:56:32,17.68,--,6,10608,买盘
40,14:56:23,17.68,-0.01,131,233022,卖盘
41,14:56:17,17.69,--,7,12383,买盘
42,14:56:13,17.69,-0.01,30,53070,卖盘
43,14:56:08,17.7,--,23,40710,买盘
44,14:56:02,17.7,--,25,44250,买盘
45,14:55:53,17.7,-0.07,34,60180,卖盘
46,14:55:47,17.77,0.07,1,1777,买盘
47,14:55:37,17.7,--,3,5310,买盘
48,14:55:32,17.7,0.02,17,30090,买盘
49,14:55:26,17.68,-0.02,5,8840,卖盘
50,14:55:22,17.7,0.02,25,44250,买盘
51,14:55:17,17.68,--,25,44553,买盘
52,14:55:11,17.68,--,33,58344,买盘
53,14:55:07,17.68,--,97,171496,买盘
54,14:55:02,17.68,--,28,49504,买盘
55,14:54:56,17.68,-0.02,105,185640,卖盘
56,14:54:52,17.7,--,16,28320,买盘
57,14:54:47,17.7,--,170,300900,买盘
58,14:54:41,17.7,--,7,12390,买盘
59,14:54:37,17.7,--,48,84960,卖盘
60,14:54:32,17.7,-0.08,1,1770,卖盘
61,14:54:26,17.78,0.08,2,3556,买盘
62,14:54:17,17.7,0.02,757,1340810,买盘
63,14:54:11,17.68,--,9,15912,买盘
64,14:54:07,17.68,-0.01,156,275808,卖盘
65,14:54:02,17.69,-0.01,53,93757,中性盘
66,14:53:56,17.7,0.01,150,265500,买盘
67,14:53:52,17.69,--,20,35380,买盘
68,14:53:47,17.69,-0.01,10,17690,卖盘
69,14:53:41,17.7,--,0,0,买盘
70,14:53:37,17.7,--,29,51330,买盘
71,14:53:32,17.7,-0.05,536,948720,卖盘
72,14:53:22,17.75,--,4,7100,买盘
73,14:53:17,17.75,--,28,49700,买盘
74,14:53:11,17.75,--,26,46150,买盘
75,14:53:07,17.75,--,8,14200,买盘
76,14:53:02,17.75,-0.04,463,821825,卖盘
77,14:52:56,17.79,--,13,23127,买盘
78,14:52:52,17.79,--,29,51591,卖盘
79,14:52:37,17.79,--,2,3558,卖盘
80,14:52:22,17.79,-0.01,7,12453,卖盘
81,14:52:11,17.8,--,11,19580,卖盘
82,14:52:02,17.8,-0.01,18,32040,卖盘
83,14:51:56,17.81,0.02,8,14247,买盘
84,14:51:52,17.79,-0.03,78,138762,卖盘
85,14:51:22,17.82,0.03,20,35640,买盘
86,14:51:17,17.79,--,8,14232,卖盘
87,14:51:11,17.79,--,16,28464,卖盘
88,14:51:07,17.79,-0.03,8,14232,卖盘
89,14:51:02,17.82,--,9,16038,买盘
90,14:50:56,17.82,0.03,18,32076,买盘
91,14:50:22,17.79,--,114,202806,卖盘
92,14:50:11,17.79,-0.01,2,3558,卖盘
93,14:50:07,17.8,0.01,1,1780,买盘
94,14:50:02,17.79,--,15,26685,卖盘
95,14:49:51,17.79,--,1,1779,买盘
96,14:49:47,17.79,--,70,124530,买盘
97,14:49:41,17.79,-0.02,76,135204,卖盘
98,14:49:36,17.81,0.01,22,39182,买盘
99,14:49:32,17.8,--,11,19580,买盘
100,14:49:26,17.8,0.01,255,453900,买盘
101,14:49:11,17.79,--,2,3558,卖盘
102,14:49:06,17.79,-0.01,2,3558,卖盘
103,14:49:01,17.8,0.01,22,39160,买盘
104,14:48:55,17.79,0.01,19,33801,买盘
105,14:48:52,17.78,0.01,1,1778,卖盘
106,14:48:47,17.77,--,0,0,卖盘
107,14:48:41,17.77,--,118,209686,中性盘
108,14:48:36,17.77,-0.02,150,266550,卖盘
109,14:48:26,17.79,0.02,27,48033,买盘
110,14:48:20,17.77,--,6,10662,卖盘
111,14:48:16,17.77,--,4,7108,卖盘
112,14:48:11,17.77,-0.01,2,3554,卖盘
113,14:48:05,17.78,-0.01,146,259588,卖盘
114,14:48:01,17.79,--,36,64044,买盘
115,14:47:56,17.79,--,32,56928,买盘
116,14:47:50,17.79,--,20,35580,买盘
117,14:47:46,17.79,0.01,1,1779,买盘
118,14:47:40,17.78,-0.02,86,152908,卖盘
119,14:47:31,17.8,--,5,8900,买盘
120,14:47:25,17.8,--,5,8900,买盘
121,14:47:20,17.8,--,3,5340,买盘
122,14:47:16,17.8,--,20,35600,卖盘
123,14:47:10,17.8,-0.02,155,275900,卖盘
124,14:47:01,17.82,--,15,26730,买盘
125,14:46:55,17.82,0.02,13,23166,买盘
126,14:46:46,17.8,-0.01,9,16020,卖盘
127,14:46:40,17.81,-0.01,3,5343,卖盘
128,14:46:35,17.82,--,0,0,买盘
129,14:46:31,17.82,--,10,17820,买盘
130,14:46:25,17.82,0.01,31,56133,买盘
131,14:46:16,17.81,-0.03,41,73021,卖盘
132,14:46:05,17.84,--,0,0,买盘
133,14:46:01,17.84,0.01,17,30328,买盘
134,14:45:55,17.83,0.02,17,30310,中性盘
135,14:45:46,17.81,-0.01,70,124669,卖盘
136,14:45:40,17.82,--,0,0,卖盘
137,14:45:31,17.82,-0.03,1,1782,中性盘
138,14:45:25,17.85,0.03,51,91035,买盘
139,14:45:05,17.82,-0.03,2,3564,卖盘
140,14:45:01,17.85,0.01,31,55335,买盘
141,14:44:55,17.84,0.03,30,53520,中性盘
142,14:44:50,17.81,-0.03,2,3561,卖盘
143,14:44:40,17.84,-0.01,10,17840,中性盘
144,14:44:31,17.85,0.02,72,128520,买盘
145,14:44:25,17.83,-0.02,20,35660,卖盘
146,14:44:16,17.85,--,0,0,买盘
147,14:44:10,17.85,--,113,201705,买盘
148,14:44:05,17.85,--,11,19635,买盘
149,14:44:01,17.85,--,23,41055,买盘
150,14:43:55,17.85,--,42,74970,买盘
151,14:43:46,17.85,--,52,92820,买盘
152,14:43:40,17.85,--,7,12495,买盘
153,14:43:35,17.85,0.01,51,91035,买盘
154,14:43:31,17.84,--,23,41032,卖盘
155,14:43:15,17.84,0.01,35,62440,买盘
156,14:43:01,17.83,0.02,56,99847,买盘
157,14:42:50,17.81,--,9,16919,买盘
158,14:42:46,17.81,--,2,3561,买盘
159,14:42:40,17.81,--,5,8905,买盘
160,14:42:20,17.81,0.01,5,8905,买盘
161,14:42:15,17.8,--,10,17800,买盘
162,14:42:10,17.8,--,27,48060,买盘
163,14:42:05,17.8,--,232,412960,买盘
164,14:42:00,17.8,--,15,26700,买盘
165,14:41:55,17.8,--,18,32040,买盘
166,14:41:40,17.8,--,28,49840,买盘
167,14:41:35,17.8,--,35,62300,卖盘
168,14:41:30,17.8,--,4,7120,卖盘
169,14:41:25,17.8,--,24,42720,卖盘
170,14:41:20,17.8,-0.01,10,17800,卖盘
171,14:41:15,17.81,0.01,12,21372,买盘
172,14:41:04,17.8,--,0,0,中性盘
173,14:41:00,17.8,--,24,42720,买盘
174,14:40:55,17.8,--,62,110360,买盘
175,14:40:49,17.8,0.05,1,1780,中性盘
176,14:40:44,17.75,-0.05,300,532500,卖盘
177,14:40:40,17.8,-0.01,56,99680,卖盘
178,14:40:34,17.81,0.01,16,28495,买盘
179,14:40:29,17.8,-0.01,10,17800,卖盘
180,14:40:25,17.81,--,11,19591,买盘
181,14:40:19,17.81,-0.02,4,7123,中性盘
182,14:40:14,17.83,0.03,3,5348,买盘
183,14:40:10,17.8,-0.01,15,26700,卖盘
184,14:40:04,17.81,0.02,75,134981,买盘
185,14:39:59,17.79,-0.03,123,219190,卖盘
186,14:39:55,17.82,0.02,68,122583,买盘
187,14:39:49,17.8,--,27,48433,卖盘
188,14:39:44,17.8,--,0,0,卖盘
189,14:39:40,17.8,-0.03,501,891780,卖盘
190,14:39:34,17.83,--,0,0,买盘
191,14:39:25,17.83,--,1,1782,买盘
192,14:39:10,17.83,-0.01,850,1516548,卖盘
193,14:39:04,17.84,--,23,41032,买盘
194,14:38:55,17.84,-0.01,41,73144,买盘
195,14:38:49,17.85,--,0,0,买盘
196,14:38:40,17.85,--,16,28560,卖盘
197,14:38:34,17.85,--,81,144585,卖盘
198,14:38:25,17.85,--,50,89250,卖盘
199,14:38:19,17.85,-0.01,68,121380,卖盘
200,14:38:14,17.86,0.01,28,50008,买盘
201,14:38:10,17.85,-0.01,2,3570,卖盘
202,14:38:04,17.86,0.01,12,21432,买盘
203,14:37:59,17.85,-0.01,41,73185,卖盘
204,14:37:55,17.86,--,15,26790,买盘
205,14:37:49,17.86,--,0,0,中性盘
206,14:37:40,17.86,-0.02,61,108946,卖盘
207,14:37:19,17.88,--,21,37548,卖盘
208,14:37:10,17.88,--,6,10728,卖盘
209,14:37:04,17.88,--,14,25032,买盘
210,14:36:55,17.88,0.02,45,80460,买盘
211,14:36:49,17.86,0.01,5,8930,卖盘
212,14:36:44,17.85,--,200,357000,卖盘
213,14:36:40,17.85,-0.02,32,57120,卖盘
214,14:36:34,17.87,0.02,31,55397,买盘
215,14:36:29,17.85,--,1,1785,卖盘
216,14:36:19,17.85,--,55,98175,卖盘
217,14:36:10,17.85,--,5,8925,卖盘
218,14:36:04,17.85,--,3,5355,买盘
219,14:35:59,17.85,0.02,2,3570,买盘
220,14:35:55,17.83,--,17,30310,买盘
221,14:35:49,17.83,--,48,85583,卖盘
222,14:35:44,17.83,-0.03,1,1782,卖盘
223,14:35:39,17.86,0.03,66,117876,买盘
224,14:35:34,17.83,-0.02,36,64187,卖盘
225,14:35:25,17.85,--,2,3570,买盘
226,14:35:19,17.85,--,56,99960,卖盘
227,14:34:54,17.85,0.01,41,73185,买盘
228,14:34:49,17.84,-0.01,44,78496,卖盘
229,14:34:44,17.85,0.01,83,148155,买盘
230,14:34:39,17.84,-0.01,12,21408,卖盘
231,14:34:34,17.85,--,172,307020,买盘
232,14:34:29,17.85,--,13,23205,买盘
233,14:34:19,17.85,--,28,49980,卖盘
234,14:34:13,17.85,--,16,28560,卖盘
235,14:34:09,17.85,--,8,14280,卖盘
236,14:34:04,17.85,--,8,14280,买盘
237,14:33:58,17.85,0.01,17,30345,买盘
238,14:33:49,17.84,--,56,99904,卖盘
239,14:33:43,17.84,--,35,62440,买盘
240,14:33:39,17.84,--,3,5352,买盘
241,14:33:34,17.84,--,10,17840,买盘
242,14:33:28,17.84,--,6,10704,买盘
243,14:33:24,17.84,--,10,17840,买盘
244,14:33:19,17.84,--,33,58872,卖盘
245,14:33:13,17.84,-0.01,2,3568,卖盘
246,14:33:09,17.85,--,1,1785,买盘
247,14:33:04,17.85,--,20,35700,买盘
248,14:32:58,17.85,--,20,35700,买盘
249,14:32:49,17.85,--,33,58905,卖盘
250,14:32:43,17.85,--,12,21420,卖盘
251,14:32:19,17.85,--,75,133875,买盘
252,14:32:13,17.85,--,11,19635,买盘
253,14:32:04,17.85,-0.01,17,30345,买盘
254,14:31:58,17.86,-0.01,44,78584,买盘
255,14:31:49,17.87,--,0,0,买盘
256,14:31:34,17.87,--,32,57184,买盘
257,14:31:28,17.87,--,89,159043,买盘
258,14:31:19,17.87,--,35,62545,卖盘
259,14:31:08,17.87,-0.01,3,5361,卖盘
260,14:31:04,17.88,0.01,1,1788,买盘
261,14:30:58,17.87,0.01,28,50036,买盘
262,14:30:49,17.86,--,58,103588,卖盘
263,14:30:38,17.86,0.04,37,66082,买盘
264,14:30:34,17.82,-0.04,20,35640,卖盘
265,14:30:28,17.86,--,5,8930,买盘
266,14:30:19,17.86,-0.01,29,51794,卖盘
267,14:30:13,17.87,0.05,9,16083,买盘
268,14:30:04,17.82,-0.05,119,212058,卖盘
269,14:29:58,17.87,--,102,182274,买盘
270,14:29:49,17.87,0.01,50,89350,买盘
271,14:29:43,17.86,0.05,12,21432,中性盘
272,14:29:38,17.81,--,0,0,卖盘
273,14:29:34,17.81,-0.06,8,14247,卖盘
274,14:29:28,17.87,0.04,1,1787,买盘
275,14:29:19,17.83,0.03,5,8915,买盘
276,14:29:13,17.8,--,0,0,卖盘
277,14:29:08,17.8,-0.08,358,637649,卖盘
278,14:29:03,17.88,--,33,59004,买盘
279,14:28:58,17.88,0.04,143,255684,买盘
280,14:28:49,17.84,-0.04,485,865240,卖盘
281,14:28:43,17.88,--,6,10728,卖盘
282,14:28:38,17.88,-0.02,15,26820,卖盘
283,14:28:34,17.9,0.02,313,560270,买盘
284,14:28:18,17.88,-0.04,755,1351316,卖盘
285,14:28:03,17.92,--,25,44800,卖盘
286,14:27:58,17.92,-0.01,17,30464,卖盘
287,14:27:52,17.93,--,4,7172,买盘
288,14:27:48,17.93,-0.03,25,44825,卖盘
289,14:27:33,17.96,--,0,0,买盘
290,14:27:18,17.96,0.04,66,118536,买盘
291,14:27:13,17.92,--,0,0,卖盘
292,14:27:07,17.92,-0.03,5,8960,卖盘
293,14:27:03,17.95,0.02,33,59235,买盘
294,14:26:58,17.93,--,36,64548,买盘
295,14:26:52,17.93,-0.02,5,8965,卖盘
296,14:26:43,17.95,0.01,51,91545,买盘
297,14:26:37,17.94,0.03,15,26910,买盘
298,14:26:22,17.91,--,0,0,卖盘
299,14:26:07,17.91,--,4,7164,卖盘
300,14:25:58,17.91,-0.04,3,5373,中性盘
301,14:25:52,17.95,0.05,267,479265,买盘
302,14:25:37,17.9,-0.02,3,5370,卖盘
303,14:25:33,17.92,--,11,19712,买盘
304,14:25:28,17.92,0.01,6,10752,买盘
305,14:25:22,17.91,-0.01,51,91341,卖盘
306,14:25:02,17.92,--,15,26880,买盘
307,14:24:57,17.92,--,15,26880,买盘
308,14:24:52,17.92,-0.01,9,16128,卖盘
309,14:24:37,17.93,--,5,8965,买盘
310,14:24:32,17.93,-0.03,30,53790,卖盘
311,14:24:22,17.96,-0.02,13,23348,中性盘
312,14:24:07,17.98,--,0,0,买盘
313,14:24:02,17.98,--,18,32364,买盘
314,14:23:57,17.98,0.06,19,34162,买盘
315,14:23:52,17.92,-0.06,68,121856,卖盘
316,14:23:42,17.98,0.04,44,79112,买盘
317,14:23:22,17.94,--,16,28704,卖盘
318,14:23:07,17.94,0.04,4,7176,买盘
319,14:23:02,17.9,-0.03,75,134250,卖盘
320,14:22:57,17.93,0.01,28,50204,买盘
321,14:22:52,17.92,--,32,57344,卖盘
322,14:22:42,17.92,--,75,134400,买盘
323,14:22:37,17.92,0.01,12,21504,买盘
324,14:22:32,17.91,--,6,10746,买盘
325,14:22:27,17.91,0.01,3,5373,买盘
326,14:22:22,17.9,-0.01,57,102029,卖盘
327,14:22:17,17.91,--,2,3582,买盘
328,14:22:12,17.91,0.01,25,44775,买盘
329,14:22:02,17.9,-0.01,11,19690,卖盘
330,14:21:57,17.91,--,10,17910,买盘
331,14:21:52,17.91,-0.01,82,146862,卖盘
332,14:21:42,17.92,--,5,8960,买盘
333,14:21:37,17.92,0.01,2,3584,买盘
334,14:21:27,17.91,-0.01,3,5373,卖盘
335,14:21:22,17.92,0.01,1,1792,中性盘
336,14:21:12,17.91,-0.02,2,3582,卖盘
337,14:21:07,17.93,--,36,64548,买盘
338,14:21:02,17.93,--,13,23309,买盘
339,14:20:57,17.93,--,13,23309,买盘
340,14:20:52,17.93,-0.02,28,50204,卖盘
341,14:20:37,17.95,--,22,39490,买盘
342,14:20:31,17.95,--,2,3590,买盘
343,14:20:27,17.95,--,0,0,买盘
344,14:20:22,17.95,-0.03,26,47567,卖盘
345,14:20:01,17.98,0.01,13,24273,买盘
346,14:19:57,17.97,--,41,73677,买盘
347,14:19:52,17.97,-0.01,56,100632,中性盘
348,14:19:42,17.98,--,0,0,买盘
349,14:19:37,17.98,0.04,21,37758,买盘
350,14:19:31,17.94,0.01,36,64584,买盘
351,14:19:27,17.93,0.01,1,1793,买盘
352,14:19:22,17.92,-0.02,43,77056,卖盘
353,14:19:12,17.94,--,5,8970,买盘
354,14:19:07,17.94,-0.04,197,354315,卖盘
355,14:19:01,17.98,--,22,39556,买盘
356,14:18:57,17.98,0.02,31,55738,买盘
357,14:18:52,17.96,-0.03,2,3592,卖盘
358,14:18:46,17.99,0.03,20,35980,买盘
359,14:18:42,17.96,0.01,1,1796,卖盘
360,14:18:22,17.95,--,0,0,卖盘
361,14:18:16,17.95,-0.04,100,179500,卖盘
362,14:18:07,17.99,--,1,1798,买盘
363,14:18:01,17.99,0.02,27,48572,买盘
364,14:17:51,17.97,--,54,97038,卖盘
365,14:17:46,17.97,0.01,109,195873,买盘
366,14:17:42,17.96,--,2,3592,卖盘
367,14:17:37,17.96,--,70,125720,卖盘
368,14:17:31,17.96,--,10,17960,卖盘
369,14:17:06,17.96,-0.01,31,55676,卖盘
370,14:17:01,17.97,0.01,30,54808,买盘
371,14:16:56,17.96,--,17,30532,买盘
372,14:16:46,17.96,--,6,10776,买盘
373,14:16:31,17.96,--,137,246950,卖盘
374,14:16:21,17.96,--,15,26940,卖盘
375,14:16:16,17.96,--,0,0,卖盘
376,14:16:06,17.96,--,0,0,卖盘
377,14:15:56,17.96,--,21,38614,买盘
378,14:15:46,17.96,--,1,1796,买盘
379,14:15:41,17.96,0.01,2,3592,买盘
380,14:15:36,17.95,-0.01,26,46670,卖盘
381,14:15:31,17.96,--,5,8980,买盘
382,14:15:21,17.96,--,3,5388,买盘
383,14:15:06,17.96,-0.03,18,33226,卖盘
384,14:15:01,17.99,0.02,9,16190,买盘
385,14:14:56,17.97,0.01,10,17970,买盘
386,14:14:51,17.96,-0.01,134,240664,卖盘
387,14:14:36,17.97,0.01,10,17970,卖盘
388,14:14:21,17.96,--,0,0,卖盘
389,14:14:10,17.96,--,40,71840,卖盘
390,14:14:06,17.96,-0.01,27,48492,卖盘
391,14:14:01,17.97,--,6,10782,买盘
392,14:13:55,17.97,--,12,21564,买盘
393,14:13:46,17.97,-0.01,9,16172,买盘
394,14:13:36,17.98,--,0,0,买盘
395,14:13:21,17.98,-0.01,87,156426,中性盘
396,14:13:06,17.99,-0.01,14,25185,卖盘
397,14:13:01,18.0,--,0,0,买盘
398,14:12:55,18.0,0.01,15,27000,买盘
399,14:12:51,17.99,-0.01,6,10793,卖盘
400,14:12:36,18.0,--,14,25200,买盘
401,14:12:31,18.0,--,3,5400,卖盘
402,14:12:06,18.0,--,40,72000,卖盘
403,14:12:01,18.0,0.01,64,115200,买盘
404,14:11:55,17.99,0.02,17,30582,买盘
405,14:11:51,17.97,-0.01,14,25158,卖盘
406,14:11:46,17.98,0.01,2,3596,卖盘
407,14:11:40,17.97,--,0,0,卖盘
408,14:11:31,17.97,--,31,55707,卖盘
409,14:11:25,17.97,-0.03,19,34143,卖盘
410,14:11:16,18.0,--,5,9000,买盘
411,14:11:10,18.0,0.04,22,39600,买盘
412,14:11:01,17.96,-0.04,67,120332,卖盘
413,14:10:55,18.0,0.02,2,3600,买盘
414,14:10:46,17.98,--,0,0,卖盘
415,14:10:40,17.98,--,0,0,卖盘
416,14:10:36,17.98,-0.04,2,3596,卖盘
417,14:10:10,18.02,--,6,10812,卖盘
418,14:10:06,18.02,0.04,10,18020,卖盘
419,14:10:00,17.98,-0.04,9,16182,卖盘
420,14:09:55,18.02,0.05,10,18020,买盘
421,14:09:40,17.97,-0.03,26,46722,卖盘
422,14:09:35,18.0,0.03,101,181800,买盘
423,14:09:10,17.97,-0.02,15,26955,卖盘
424,14:09:00,17.99,--,5,8995,买盘
425,14:08:55,17.99,0.03,5,8995,买盘
426,14:08:40,17.96,--,0,0,卖盘
427,14:08:10,17.96,-0.03,40,71840,卖盘
428,14:08:00,17.99,--,3,5396,买盘
429,14:07:55,17.99,--,11,19789,买盘
430,14:07:30,17.99,-0.03,31,55768,卖盘
431,14:07:25,18.02,--,0,0,买盘
432,14:07:10,18.02,--,0,0,买盘
433,14:07:00,18.02,--,7,12614,买盘
434,14:06:55,18.02,0.03,66,118932,买盘
435,14:06:45,17.99,--,0,0,卖盘
436,14:06:40,17.99,-0.01,28,50371,卖盘
437,14:06:10,18.0,--,29,52200,卖盘
438,14:06:00,18.0,--,17,30600,买盘
439,14:05:49,18.0,0.01,2,3600,买盘
440,14:05:40,17.99,--,28,50371,卖盘
441,14:05:25,17.99,-0.01,30,53969,卖盘
442,14:05:10,18.0,-0.01,60,108000,卖盘
443,14:05:00,18.01,--,4,7204,买盘
444,14:04:49,18.01,--,2,3602,买盘
445,14:04:40,18.01,0.01,22,39622,卖盘
446,14:04:15,18.0,--,0,0,卖盘
447,14:04:10,18.0,-0.02,39,70200,卖盘
448,14:04:04,18.02,0.01,26,46852,买盘
449,14:03:55,18.01,--,31,55831,卖盘
450,14:03:49,18.01,0.01,6,10806,买盘
451,14:03:40,18.0,-0.01,29,52200,卖盘
452,14:03:34,18.01,--,1,1801,买盘
453,14:03:19,18.01,--,3,5403,卖盘
454,14:03:10,18.01,-0.01,41,73841,卖盘
455,14:03:04,18.02,--,1,1802,买盘
456,14:02:54,18.02,--,4,7208,买盘
457,14:02:49,18.02,-0.02,3,5406,买盘
458,14:02:40,18.04,--,0,0,买盘
459,14:02:09,18.04,--,3,5412,卖盘
460,14:02:04,18.04,--,4,7216,买盘
461,14:01:54,18.04,0.03,10,18040,买盘
462,14:01:49,18.01,-0.03,2,3602,卖盘
463,14:01:39,18.04,-0.01,22,39688,卖盘
464,14:01:29,18.05,0.01,25,45125,买盘
465,14:01:24,18.04,-0.01,2,3608,卖盘
466,14:01:19,18.05,--,0,0,买盘
467,14:01:04,18.05,--,11,19855,卖盘
468,14:00:58,18.05,-0.01,2,3610,卖盘
469,14:00:54,18.06,0.01,8,14447,买盘
470,14:00:49,18.05,-0.01,5,9025,卖盘
471,14:00:39,18.06,-0.01,18,32507,卖盘
472,14:00:24,18.07,--,14,25298,卖盘
473,14:00:19,18.07,-0.01,10,18070,卖盘
474,14:00:04,18.08,--,50,90399,买盘
475,13:59:54,18.08,--,0,0,买盘
476,13:59:49,18.08,--,13,23503,买盘
477,13:59:39,18.08,--,0,0,买盘
478,13:59:34,18.08,--,7,12655,买盘
479,13:59:28,18.08,--,5,9040,买盘
480,13:59:24,18.08,--,2,3615,买盘
481,13:59:19,18.08,0.04,30,54239,买盘
482,13:59:13,18.04,--,0,0,卖盘
483,13:59:09,18.04,-0.03,250,451000,卖盘
484,13:59:04,18.07,--,14,25298,买盘
485,13:58:57,18.07,--,15,27105,买盘
486,13:58:49,18.07,0.02,4,7228,买盘
487,13:58:39,18.05,-0.02,11,19855,中性盘
488,13:58:28,18.07,0.03,9,16263,买盘
489,13:58:24,18.04,--,48,86592,买盘
490,13:58:03,18.04,--,59,106436,买盘
491,13:57:54,18.04,--,13,23452,买盘
492,13:57:49,18.04,--,1,1804,买盘
493,13:57:33,18.04,0.05,9,16236,买盘
494,13:57:27,17.99,-0.04,8,14391,卖盘
495,13:57:24,18.03,0.01,2,3606,卖盘
496,13:57:12,18.02,0.02,22,39644,买盘
497,13:57:09,18.0,--,3,5400,买盘
498,13:57:04,18.0,--,15,27000,买盘
499,13:56:54,18.0,0.01,42,75600,买盘
500,13:56:48,17.99,-0.01,1,1798,卖盘
501,13:56:42,18.0,--,3,5400,买盘
502,13:56:33,18.0,0.01,4,7200,买盘
503,13:56:24,17.99,0.01,75,134925,买盘
504,13:55:57,17.98,--,56,100688,买盘
505,13:55:53,17.98,--,0,0,买盘
506,13:55:42,17.98,-0.01,10,17980,买盘
507,13:55:23,17.99,--,0,0,买盘
508,13:55:12,17.99,--,0,0,中性盘
509,13:55:03,17.99,0.01,17,30582,买盘
510,13:54:57,17.98,0.02,16,28768,买盘
511,13:54:53,17.96,--,0,0,卖盘
512,13:54:48,17.96,--,6,10776,卖盘
513,13:54:37,17.96,-0.01,24,44002,买盘
514,13:54:21,17.97,--,2,4492,卖盘
515,13:54:18,17.97,--,48,86256,买盘
516,13:54:03,17.97,--,35,62894,买盘
517,13:53:57,17.97,0.01,5,8985,中性盘
518,13:53:51,17.96,-0.01,36,64656,卖盘
519,13:53:42,17.97,--,2,3594,买盘
520,13:53:33,17.97,--,24,43128,卖盘
521,13:53:27,17.97,-0.04,6,10782,卖盘
522,13:53:18,18.01,--,0,0,买盘
523,13:53:03,18.01,--,9,16209,买盘
524,13:52:57,18.01,0.05,10,18010,买盘
525,13:52:51,17.96,--,0,0,卖盘
526,13:52:21,17.96,--,0,0,卖盘
527,13:52:12,17.96,--,5,9878,买盘
528,13:52:03,17.96,--,41,73636,买盘
529,13:51:57,17.96,0.01,53,95188,买盘
530,13:51:51,17.95,-0.01,17,30515,卖盘
531,13:51:48,17.96,--,11,19756,买盘
532,13:51:42,17.96,--,22,39512,买盘
533,13:51:33,17.96,--,15,26940,买盘
534,13:51:18,17.96,-0.09,248,446306,卖盘
535,13:51:12,18.05,--,0,0,买盘
536,13:51:03,18.05,0.01,20,36100,买盘
537,13:50:57,18.04,-0.01,11,19844,买盘
538,13:50:51,18.05,--,0,0,买盘
539,13:50:48,18.05,0.04,5,9025,买盘
540,13:50:42,18.01,--,32,57632,卖盘
541,13:50:36,18.01,-0.04,2,3602,卖盘
542,13:50:33,18.05,0.05,26,46930,买盘
543,13:50:27,18.0,--,0,0,卖盘
544,13:50:21,18.0,-0.01,28,50400,卖盘
545,13:50:18,18.01,0.01,2,3602,买盘
546,13:49:51,18.0,0.04,39,71100,买盘
547,13:49:42,17.96,-0.04,45,80820,卖盘
548,13:49:27,18.0,0.05,121,217800,买盘
549,13:49:21,17.95,-0.01,19,34105,卖盘
550,13:49:06,17.96,0.01,2,3592,买盘
551,13:49:02,17.95,--,2,3590,买盘
552,13:48:57,17.95,0.02,35,62825,买盘
553,13:48:51,17.93,-0.01,27,48411,卖盘
554,13:48:42,17.94,--,12,21528,买盘
555,13:48:36,17.94,0.01,14,25116,买盘
556,13:48:27,17.93,0.01,9,16137,买盘
557,13:48:21,17.92,-0.01,20,35840,卖盘
558,13:48:12,17.93,--,0,0,买盘
559,13:48:02,17.93,0.03,50,89650,买盘
560,13:47:57,17.9,--,0,0,卖盘
561,13:47:51,17.9,-0.01,42,75180,卖盘
562,13:47:47,17.91,--,50,89550,买盘
563,13:47:15,17.91,--,4,7164,卖盘
564,13:47:00,17.91,--,20,35820,买盘
565,13:46:57,17.91,--,3,5373,买盘
566,13:46:51,17.91,--,34,60894,卖盘
567,13:46:45,17.91,--,7,12537,卖盘
568,13:46:42,17.91,-0.01,5,8955,卖盘
569,13:46:36,17.92,0.02,23,41216,买盘
570,13:46:27,17.9,--,9,16109,买盘
571,13:46:21,17.9,-0.01,13,23269,卖盘
572,13:46:15,17.91,0.01,13,23283,买盘
573,13:46:12,17.9,--,9,16109,卖盘
574,13:46:06,17.9,-0.01,10,17900,卖盘
575,13:45:57,17.91,0.01,10,17910,买盘
576,13:45:51,17.9,-0.01,28,50119,卖盘
577,13:45:42,17.91,--,2,3582,买盘
578,13:45:27,17.91,0.01,5,8955,买盘
579,13:45:21,17.9,-0.01,28,50119,卖盘
580,13:45:12,17.91,--,3,5373,买盘
581,13:44:57,17.91,0.01,2,3582,买盘
582,13:44:51,17.9,-0.01,28,50119,卖盘
583,13:44:36,17.91,--,4,7164,买盘
584,13:44:30,17.91,--,10,17910,买盘
585,13:44:21,17.91,--,8,14328,卖盘
586,13:43:51,17.91,--,28,50148,卖盘
587,13:43:21,17.91,--,0,0,卖盘
588,13:43:12,17.91,-0.01,28,50148,买盘
589,13:42:56,17.92,--,13,23296,卖盘
590,13:42:51,17.92,--,28,50176,卖盘
591,13:42:41,17.92,0.01,67,120064,买盘
592,13:42:21,17.91,-0.01,5,8955,中性盘
593,13:42:06,17.92,--,1,1792,买盘
594,13:41:56,17.92,-0.01,21,37632,买盘
595,13:41:51,17.93,--,0,0,买盘
596,13:41:45,17.93,--,1,1793,买盘
597,13:41:36,17.93,--,7,12551,买盘
598,13:41:30,17.93,0.02,60,107580,买盘
599,13:41:21,17.91,-0.01,8,14328,中性盘
600,13:41:15,17.92,--,2,3584,买盘
601,13:41:11,17.92,--,6,10752,卖盘
602,13:40:51,17.92,--,0,0,卖盘
603,13:40:36,17.92,0.02,7,12544,中性盘
604,13:40:30,17.9,-0.02,50,89500,卖盘
605,13:40:21,17.92,--,0,0,卖盘
606,13:40:15,17.92,--,5,8960,卖盘
607,13:40:00,17.92,-0.05,15,26880,卖盘
608,13:39:51,17.97,--,0,0,买盘
609,13:39:36,17.97,0.05,17,30548,买盘
610,13:39:30,17.92,0.02,41,73472,买盘
611,13:39:24,17.9,--,1,1789,买盘
612,13:39:21,17.9,0.01,16,28639,卖盘
613,13:38:51,17.89,-0.01,37,66193,卖盘
614,13:38:39,17.9,0.01,54,96659,买盘
615,13:38:21,17.89,--,27,48303,卖盘
616,13:38:15,17.89,--,10,17890,卖盘
617,13:38:09,17.89,--,8,14723,买盘
618,13:38:06,17.89,--,6,10734,买盘
619,13:38:00,17.89,--,2,3578,买盘
620,13:37:51,17.89,-0.01,10,19267,卖盘
621,13:37:24,17.9,0.01,2,3579,买盘
622,13:37:21,17.89,--,27,48303,卖盘
623,13:37:06,17.89,--,17,30824,买盘
624,13:36:54,17.89,0.01,3,5367,买盘
625,13:36:51,17.88,-0.01,37,66156,卖盘
626,13:36:45,17.89,0.01,20,35780,买盘
627,13:36:39,17.88,0.01,160,286080,买盘
628,13:36:30,17.87,--,9,16083,买盘
629,13:36:24,17.87,--,3,5361,买盘
630,13:36:20,17.87,-0.01,4,7148,卖盘
631,13:36:00,17.88,0.01,28,50064,买盘
632,13:35:50,17.87,--,8,14296,卖盘
633,13:35:35,17.87,--,0,0,中性盘
634,13:35:30,17.87,--,9,16083,买盘
635,13:35:24,17.87,0.01,7,12509,买盘
636,13:35:20,17.86,-0.01,28,50008,卖盘
637,13:35:15,17.87,--,6,10722,买盘
638,13:35:09,17.87,--,11,19657,买盘
639,13:35:05,17.87,-0.01,15,26805,卖盘
640,13:34:54,17.88,--,5,8940,买盘
641,13:34:50,17.88,--,31,55428,买盘
642,13:34:30,17.88,0.02,113,202044,买盘
643,13:34:24,17.86,-0.01,28,50008,卖盘
644,13:34:15,17.87,--,15,26805,买盘
645,13:34:09,17.87,0.01,10,17870,买盘
646,13:34:05,17.86,--,20,35720,卖盘
647,13:33:54,17.86,--,66,117876,卖盘
648,13:33:45,17.86,--,15,26790,卖盘
649,13:33:39,17.86,-0.01,3,5358,卖盘
650,13:33:35,17.87,--,2,3574,买盘
651,13:33:30,17.87,0.01,19,33953,买盘
652,13:33:20,17.86,-0.01,4,7144,卖盘
653,13:33:15,17.87,-0.01,5,8935,中性盘
654,13:33:05,17.88,0.01,10,17880,买盘
655,13:33:00,17.87,-0.01,6,10722,卖盘
656,13:32:54,17.88,0.01,59,105492,买盘
657,13:32:45,17.87,-0.01,15,26805,卖盘
658,13:32:33,17.88,0.01,2,3576,买盘
659,13:32:29,17.87,-0.01,20,35740,卖盘
660,13:32:24,17.88,--,32,57216,买盘
661,13:32:09,17.88,--,86,153768,卖盘
662,13:32:03,17.88,-0.01,50,89400,卖盘
663,13:31:54,17.89,0.01,30,53670,买盘
664,13:31:48,17.88,-0.01,6,10728,卖盘
665,13:31:45,17.89,--,22,39358,买盘
666,13:31:18,17.89,--,7,13900,卖盘
667,13:31:14,17.89,--,31,55459,卖盘
668,13:31:09,17.89,--,56,100184,卖盘
669,13:30:59,17.89,--,73,130597,卖盘
670,13:30:54,17.89,--,27,48303,卖盘
671,13:30:39,17.89,--,14,25457,买盘
672,13:30:24,17.89,--,30,53670,买盘
673,13:30:14,17.89,-0.02,286,513031,卖盘
674,13:29:59,17.91,--,2,3582,买盘
675,13:29:54,17.91,-0.02,22,39402,卖盘
676,13:29:29,17.93,--,0,0,买盘
677,13:29:24,17.93,--,0,0,买盘
678,13:29:18,17.93,0.03,2,3586,买盘
679,13:29:14,17.9,--,24,42960,卖盘
680,13:28:59,17.9,0.01,62,111391,买盘
681,13:28:54,17.89,-0.01,28,50092,卖盘
682,13:28:33,17.9,--,5,8950,买盘
683,13:28:24,17.9,--,34,60859,买盘
684,13:28:18,17.9,--,3,5370,买盘
685,13:28:14,17.9,0.01,5,8950,买盘
686,13:27:54,17.89,-0.01,37,66193,卖盘
687,13:27:48,17.9,--,10,17900,买盘
688,13:27:39,17.9,0.01,100,179000,买盘
689,13:27:24,17.89,-0.01,45,80505,卖盘
690,13:27:18,17.9,--,0,0,买盘
691,13:27:09,17.9,--,36,64439,买盘
692,13:27:03,17.9,0.01,27,48329,买盘
693,13:26:59,17.89,-0.01,11,19679,卖盘
694,13:26:54,17.9,--,27,48329,买盘
695,13:26:48,17.9,--,5,8950,买盘
696,13:26:44,17.9,0.01,41,73390,买盘
697,13:26:39,17.89,-0.01,14,25046,卖盘
698,13:26:33,17.9,0.01,8,14319,买盘
699,13:26:29,17.89,-0.01,29,51881,卖盘
700,13:26:18,17.9,0.01,2,3579,买盘
701,13:26:14,17.89,--,8,14312,卖盘
702,13:26:09,17.89,0.01,38,67982,卖盘
703,13:26:03,17.88,--,8,14304,卖盘
704,13:25:59,17.88,-0.01,40,71520,卖盘
705,13:25:48,17.89,--,4,7156,买盘
706,13:25:44,17.89,--,0,0,中性盘
707,13:25:39,17.89,--,10,17890,买盘
708,13:25:33,17.89,--,17,30413,买盘
709,13:25:27,17.89,--,2,3578,卖盘
710,13:25:12,17.89,-0.01,3,5367,卖盘
711,13:25:08,17.9,-0.02,638,1143398,卖盘
712,13:25:03,17.92,--,2,3584,买盘
713,13:24:57,17.92,0.01,31,55552,买盘
714,13:24:53,17.91,--,2,3582,卖盘
715,13:24:48,17.91,-0.01,1,1791,卖盘
716,13:24:38,17.92,--,8,14336,买盘
717,13:24:27,17.92,-0.01,10,17920,卖盘
718,13:24:23,17.93,--,0,0,买盘
719,13:24:18,17.93,-0.02,47,84271,买盘
720,13:24:03,17.95,0.04,1,1795,卖盘
721,13:23:57,17.91,-0.07,400,716400,卖盘
722,13:23:38,17.98,-0.01,13,23374,卖盘
723,13:23:33,17.99,-0.01,10,17990,卖盘
724,13:23:27,18.0,--,4,7200,买盘
725,13:23:08,18.0,-0.01,12,22500,卖盘
726,13:22:27,18.01,0.01,6,10806,买盘
727,13:22:08,18.0,-0.01,2,3600,卖盘
728,13:21:57,18.01,0.01,9,16209,买盘
729,13:21:27,18.0,--,60,108000,卖盘
730,13:21:12,18.0,--,14,26100,买盘
731,13:20:53,18.0,--,10,18000,买盘
732,13:20:33,18.0,--,1,1800,买盘
733,13:20:18,18.0,--,2,3600,买盘
734,13:20:03,18.0,--,72,130500,卖盘
735,13:19:48,18.0,-0.01,22,39600,卖盘
736,13:19:42,18.01,0.01,43,77443,买盘
737,13:19:08,18.0,--,0,0,卖盘
738,13:18:53,18.0,--,1,1800,卖盘
739,13:18:48,18.0,--,0,0,卖盘
740,13:17:32,18.0,--,8,14400,卖盘
741,13:17:02,18.0,--,0,900,买盘
742,13:16:51,18.0,0.03,10,18000,买盘
743,13:16:32,17.97,--,0,0,卖盘
744,13:16:21,17.97,0.03,27,48519,买盘
745,13:16:17,17.94,-0.03,201,360594,卖盘
746,13:16:12,17.97,--,51,91647,买盘
747,13:16:06,17.97,--,5,8985,买盘
748,13:16:02,17.97,--,17,30548,买盘
749,13:15:56,17.97,--,6,10782,买盘
750,13:15:51,17.97,--,20,35940,买盘
751,13:15:47,17.97,--,5,8985,买盘
752,13:15:42,17.97,--,3,5391,买盘
753,13:15:32,17.97,--,20,35940,买盘
754,13:15:27,17.97,-0.02,11,19767,卖盘
755,13:15:17,17.99,0.02,15,26984,买盘
756,13:15:02,17.97,--,3,5391,买盘
757,13:14:57,17.97,--,30,53910,买盘
758,13:14:47,17.97,--,7,12579,卖盘
759,13:14:42,17.97,--,10,17970,卖盘
760,13:14:32,17.97,--,4,7188,卖盘
761,13:14:21,17.97,--,3,5391,卖盘
762,13:14:02,17.97,--,1,1797,买盘
763,13:13:42,17.97,-0.02,2,3594,买盘
764,13:13:26,17.99,--,0,0,买盘
765,13:13:21,17.99,--,36,64763,买盘
766,13:13:17,17.99,0.02,40,71960,买盘
767,13:13:02,17.97,--,2,3594,买盘
768,13:12:47,17.97,--,1,1797,卖盘
769,13:12:32,17.97,0.02,4,7188,买盘
770,13:12:21,17.95,-0.02,50,89750,卖盘
771,13:12:17,17.97,--,5,8985,买盘
772,13:11:51,17.97,0.02,6,10782,买盘
773,13:11:47,17.95,--,9,16155,卖盘
774,13:11:42,17.95,-0.02,28,50260,卖盘
775,13:11:27,17.97,0.02,5,8985,买盘
776,13:11:06,17.95,--,10,17950,卖盘
777,13:10:57,17.95,--,0,0,卖盘
778,13:10:05,17.95,0.01,6,11182,买盘
779,13:09:41,17.94,--,0,0,中性盘
780,13:09:36,17.94,-0.01,28,50232,卖盘
781,13:09:30,17.95,--,71,127445,买盘
782,13:09:11,17.95,--,5,8975,买盘
783,13:09:06,17.95,--,46,82570,买盘
784,13:08:45,17.95,--,3,5385,买盘
785,13:08:41,17.95,--,44,78980,买盘
786,13:08:36,17.95,--,0,0,买盘
787,13:08:29,17.95,--,16,28720,买盘
788,13:08:26,17.95,--,17,30515,买盘
789,13:08:20,17.95,--,35,62825,买盘
790,13:08:11,17.95,-0.02,9,16155,买盘
791,13:08:05,17.97,0.02,35,62894,买盘
792,13:07:56,17.95,--,1,1795,买盘
793,13:07:51,17.95,--,37,66415,买盘
794,13:07:41,17.95,--,34,61030,买盘
795,13:07:36,17.95,--,47,84365,买盘
796,13:07:29,17.95,--,17,30515,买盘
797,13:07:26,17.95,--,95,170525,买盘
798,13:07:20,17.95,--,25,44875,买盘
799,13:07:11,17.95,--,55,98725,买盘
800,13:07:00,17.95,--,69,123855,卖盘
801,13:06:56,17.95,--,0,0,中性盘
802,13:06:51,17.95,--,0,0,买盘
803,13:06:45,17.95,-0.03,195,351407,卖盘
804,13:06:35,17.98,--,9,16182,卖盘
805,13:06:11,17.98,--,1,1798,卖盘
806,13:06:05,17.98,--,30,53940,买盘
807,13:05:56,17.98,0.01,20,35960,买盘
808,13:05:41,17.97,--,9,16172,买盘
809,13:05:35,17.97,--,22,39534,卖盘
810,13:05:20,17.97,0.01,18,32345,买盘
811,13:05:10,17.96,-0.01,100,179600,卖盘
812,13:05:05,17.97,-0.01,29,52113,卖盘
813,13:04:59,17.98,--,20,35960,买盘
814,13:04:44,17.98,-0.01,4,7192,卖盘
815,13:04:40,17.99,--,0,0,买盘
816,13:04:35,17.99,0.01,36,64763,卖盘
817,13:04:10,17.98,-0.01,16,28768,买盘
818,13:04:05,17.99,--,14,25185,卖盘
819,13:03:59,17.99,--,33,59366,买盘
820,13:03:44,17.99,--,38,68362,买盘
821,13:03:35,17.99,--,0,0,买盘
822,13:03:29,17.99,-0.01,10,17990,买盘
823,13:03:05,18.0,--,0,0,买盘
824,13:02:35,18.0,-0.02,169,304200,卖盘
825,13:02:29,18.02,--,2,3604,卖盘
826,13:02:23,18.02,-0.01,16,28832,卖盘
827,13:02:14,18.03,0.01,29,52287,买盘
828,13:02:05,18.02,--,29,52258,卖盘
829,13:01:50,18.02,--,3,5406,卖盘
830,13:01:44,18.02,--,4,7208,卖盘
831,13:01:35,18.02,--,0,0,卖盘
832,13:01:14,18.02,--,2,3604,卖盘
833,13:01:05,18.02,--,0,0,卖盘
834,13:00:44,18.02,--,2,3604,卖盘
835,13:00:35,18.02,-0.01,3,5406,卖盘
836,13:00:20,18.03,-0.02,14,25242,卖盘
837,13:00:05,18.05,0.01,141,254505,买盘
838,11:30:00,18.04,--,0,0,中性盘
839,11:29:59,18.04,--,0,0,卖盘
840,11:29:52,18.04,0.01,6,10824,买盘
841,11:28:51,18.03,--,0,0,卖盘
842,11:28:46,18.03,-0.02,5,9015,卖盘
843,11:28:41,18.05,0.03,3,5415,买盘
844,11:28:36,18.02,--,0,0,卖盘
845,11:28:30,18.02,-0.01,6,10812,卖盘
846,11:28:21,18.03,0.01,12,21636,买盘
847,11:28:16,18.02,-0.01,28,50456,卖盘
848,11:27:56,18.03,--,20,36060,卖盘
849,11:27:51,18.03,0.01,20,36060,买盘
850,11:27:46,18.02,--,28,50456,卖盘
851,11:27:36,18.02,--,27,48654,买盘
852,11:27:25,18.02,0.01,2,3604,买盘
853,11:27:15,18.01,--,0,0,卖盘
854,11:26:46,18.01,-0.01,30,54030,卖盘
855,11:26:40,18.02,0.01,28,50456,买盘
856,11:26:36,18.01,--,2,3602,卖盘
857,11:26:21,18.01,--,2,3602,卖盘
858,11:26:16,18.01,--,0,0,卖盘
859,11:26:10,18.01,-0.01,1,1801,卖盘
860,11:26:06,18.02,0.01,25,45050,买盘
861,11:25:51,18.01,0.01,1,1801,买盘
862,11:25:45,18.0,-0.01,28,50400,卖盘
863,11:25:36,18.01,--,3,5403,买盘
864,11:25:30,18.01,-0.01,16,28816,卖盘
865,11:25:21,18.02,0.01,5,9010,买盘
866,11:25:15,18.01,--,2,3602,卖盘
867,11:25:06,18.01,0.01,2,3602,卖盘
868,11:25:00,18.0,--,0,0,卖盘
869,11:24:51,18.0,-0.01,2,3600,卖盘
870,11:24:46,18.01,0.01,5,9005,中性盘
871,11:24:25,18.0,--,10,18000,卖盘
872,11:24:15,18.0,--,0,0,卖盘
873,11:24:09,18.0,--,3,5400,买盘
874,11:24:06,18.0,--,1,1800,买盘
875,11:24:00,18.0,-0.04,46,82800,卖盘
876,11:23:51,18.04,-0.02,5,9020,卖盘
877,11:23:36,18.06,--,10,18060,买盘
878,11:23:24,18.06,0.02,4,7223,买盘
879,11:23:21,18.04,--,10,18040,卖盘
880,11:22:51,18.04,0.04,2,3608,买盘
881,11:22:45,18.0,--,6,10800,卖盘
882,11:22:39,18.0,-0.05,53,95400,卖盘
883,11:22:35,18.05,--,0,0,买盘
884,11:22:24,18.05,--,12,21660,卖盘
885,11:22:15,18.05,0.05,11,19855,买盘
886,11:22:09,18.0,-0.05,44,79200,卖盘
887,11:22:00,18.05,--,2,3610,买盘
888,11:21:54,18.05,--,2,3610,买盘
889,11:21:51,18.05,0.04,5,9025,买盘
890,11:21:39,18.01,-0.02,5,9005,卖盘
891,11:21:36,18.03,0.02,2,3606,买盘
892,11:20:49,18.01,--,0,0,中性盘
893,11:20:45,18.01,--,0,0,买盘
894,11:20:30,18.01,-0.01,18,32418,卖盘
895,11:20:15,18.02,--,2,3604,买盘
896,11:20:03,18.02,-0.01,10,18020,买盘
897,11:20:00,18.03,--,0,0,买盘
898,11:19:24,18.03,--,2,3606,买盘
899,11:19:18,18.03,-0.02,36,64908,卖盘
900,11:18:54,18.05,--,0,0,买盘
901,11:18:30,18.05,--,3,5415,买盘
902,11:18:24,18.05,-0.01,6,10830,卖盘
903,11:18:09,18.06,--,8,14447,卖盘
904,11:18:03,18.06,--,2,3611,卖盘
905,11:17:54,18.06,-0.01,5,9030,卖盘
906,11:17:00,18.07,--,27,48789,买盘
907,11:16:54,18.07,--,18,32526,卖盘
908,11:16:39,18.07,-0.01,65,117455,卖盘
909,11:16:09,18.08,-0.01,40,73766,卖盘
910,11:15:54,18.09,0.01,12,21708,买盘
911,11:15:48,18.08,-0.01,34,61833,卖盘
912,11:15:44,18.09,0.01,1,1809,买盘
913,11:15:30,18.08,--,145,262160,卖盘
914,11:15:14,18.08,0.02,10,18080,买盘
915,11:15:09,18.06,--,51,92106,买盘
916,11:15:03,18.06,-0.01,49,88494,卖盘
917,11:14:59,18.07,0.01,33,59631,买盘
918,11:14:39,18.06,0.01,2,3611,买盘
919,11:14:14,18.05,0.02,3,5415,买盘
920,11:14:09,18.03,--,0,0,卖盘
921,11:14:03,18.03,-0.01,28,50484,卖盘
922,11:13:59,18.04,--,22,39688,买盘
923,11:13:54,18.04,--,3,5412,买盘
924,11:13:39,18.04,0.01,4,7216,买盘
925,11:13:33,18.03,--,0,0,卖盘
926,11:13:24,18.03,0.01,8,14424,买盘
927,11:13:09,18.02,--,6,10812,买盘
928,11:12:57,18.02,0.02,2,3604,买盘
929,11:12:48,18.0,-0.01,14,25200,卖盘
930,11:12:42,18.01,0.01,3,5403,买盘
931,11:12:24,18.0,0.04,220,396414,买盘
932,11:12:18,17.96,--,22,39512,买盘
933,11:12:12,17.96,--,10,17960,买盘
934,11:12:03,17.96,--,50,89800,买盘
935,11:11:57,17.96,--,7,12572,买盘
936,11:11:54,17.96,--,4,7184,买盘
937,11:11:48,17.96,--,16,28736,买盘
938,11:11:42,17.96,--,2,3592,买盘
939,11:11:39,17.96,-0.01,21,39098,卖盘
940,11:11:24,17.97,0.01,3,5391,买盘
941,11:11:18,17.96,-0.01,36,64656,卖盘
942,11:11:09,17.97,--,16,28752,买盘
943,11:11:03,17.97,--,119,213843,卖盘
944,11:10:54,17.97,--,1,1797,买盘
945,11:10:42,17.97,--,10,17970,买盘
946,11:10:33,17.97,-0.01,2,3594,买盘
947,11:10:27,17.98,0.02,2,3596,卖盘
948,11:10:18,17.96,-0.01,8,14368,卖盘
949,11:10:12,17.97,-0.02,22,39534,卖盘
950,11:10:09,17.99,-0.01,1,1798,卖盘
951,11:10:03,18.0,0.01,10,18000,买盘
952,11:09:48,17.99,--,15,27398,买盘
953,11:09:39,17.99,--,13,23386,买盘
954,11:09:33,17.99,0.04,2,3597,买盘
955,11:09:24,17.95,--,0,0,卖盘
956,11:09:18,17.95,-0.01,9,16155,卖盘
957,11:09:12,17.96,0.01,14,25144,卖盘
958,11:08:38,17.95,--,0,0,卖盘
959,11:08:27,17.95,--,0,0,卖盘
960,11:08:18,17.95,--,0,0,卖盘
961,11:08:08,17.95,--,20,35900,卖盘
962,11:07:42,17.95,--,0,0,卖盘
963,11:07:12,17.95,-0.04,24,43080,卖盘
964,11:06:57,17.99,0.01,2,3597,买盘
965,11:06:53,17.98,--,0,0,买盘
966,11:06:48,17.98,--,21,37758,买盘
967,11:06:33,17.98,-0.01,15,26970,中性盘
968,11:06:23,17.99,--,0,0,买盘
969,11:06:18,17.99,0.04,28,50371,买盘
970,11:06:12,17.95,--,0,0,卖盘
971,11:06:08,17.95,-0.01,43,77185,卖盘
972,11:06:03,17.96,-0.01,25,44900,买盘
973,11:05:57,17.97,--,3,5391,中性盘
974,11:05:51,17.97,--,1,1797,买盘
975,11:05:48,17.97,--,5,8985,买盘
976,11:05:36,17.97,0.02,13,23361,买盘
977,11:05:27,17.95,-0.02,19,34105,卖盘
978,11:05:21,17.97,--,1,1797,买盘
979,11:05:18,17.97,--,0,0,买盘
980,11:05:12,17.97,0.02,3,5391,买盘
981,11:04:57,17.95,--,3,5385,买盘
982,11:04:36,17.95,0.01,2,3590,买盘
983,11:04:33,17.94,0.02,18,32292,买盘
984,11:04:27,17.92,-0.01,25,44800,中性盘
985,11:04:21,17.93,--,19,34067,卖盘
986,11:04:12,17.93,--,56,100408,买盘
987,11:04:03,17.93,0.01,13,23309,买盘
988,11:03:57,17.92,--,30,53760,卖盘
989,11:03:51,17.92,--,42,75264,卖盘
990,11:03:48,17.92,--,59,105728,买盘
991,11:03:42,17.92,--,27,48384,买盘
992,11:03:36,17.92,--,12,21504,买盘
993,11:03:33,17.92,-0.01,27,48384,卖盘
994,11:03:27,17.93,0.01,15,26895,中性盘
995,11:03:21,17.92,--,0,0,卖盘
996,11:03:12,17.92,-0.02,36,64512,卖盘
997,11:03:06,17.94,--,20,35880,卖盘
998,11:03:03,17.94,--,42,75348,买盘
999,11:02:48,17.94,-0.01,30,53820,卖盘
1000,11:02:27,17.95,--,7,12565,卖盘
1001,11:02:21,17.95,--,0,0,卖盘
1002,11:02:12,17.95,--,6,10770,卖盘
1003,11:02:06,17.95,-0.01,12,21540,卖盘
1004,11:02:03,17.96,-0.01,4,7184,卖盘
1005,11:01:51,17.97,--,7,12579,卖盘
1006,11:01:47,17.97,-0.01,3,5391,卖盘
1007,11:01:42,17.98,--,1,1798,买盘
1008,11:01:36,17.98,--,2,3596,买盘
1009,11:01:32,17.98,--,0,0,买盘
1010,11:01:27,17.98,--,3,5394,买盘
1011,11:01:21,17.98,0.02,10,17980,中性盘
1012,11:01:17,17.96,-0.01,19,34124,卖盘
1013,11:01:02,17.97,-0.02,2,3594,卖盘
1014,11:00:42,17.99,-0.01,181,325619,卖盘
1015,11:00:36,18.0,-0.01,318,572400,卖盘
1016,11:00:32,18.01,0.01,11,19811,买盘
1017,11:00:27,18.0,--,112,201600,卖盘
1018,11:00:21,18.0,-0.01,40,72000,卖盘
1019,11:00:17,18.01,-0.01,15,27015,卖盘
1020,11:00:12,18.02,0.01,24,43248,买盘
1021,11:00:06,18.01,--,162,291762,卖盘
1022,11:00:02,18.01,-0.01,10,18010,卖盘
1023,10:59:51,18.02,--,21,37842,卖盘
1024,10:59:36,18.02,--,19,34238,买盘
1025,10:59:32,18.02,0.01,5,9010,买盘
1026,10:59:27,18.01,-0.01,17,30617,卖盘
1027,10:59:21,18.02,-0.01,16,28832,卖盘
1028,10:59:06,18.03,0.01,5,9015,买盘
1029,10:58:57,18.02,--,3,5406,卖盘
1030,10:58:51,18.02,0.01,115,207230,买盘
1031,10:58:42,18.01,-0.01,14,25214,卖盘
1032,10:58:27,18.02,--,21,37842,买盘
1033,10:58:15,18.02,-0.01,37,66674,卖盘
1034,10:57:57,18.03,0.01,6,10818,买盘
1035,10:57:51,18.02,-0.01,28,50456,卖盘
1036,10:57:41,18.03,0.01,2,3606,买盘
1037,10:57:36,18.02,-0.01,15,27030,卖盘
1038,10:57:27,18.03,--,2,3606,买盘
1039,10:57:21,18.03,0.01,8,14424,卖盘
1040,10:56:57,18.02,-0.03,115,207230,卖盘
1041,10:56:51,18.05,0.02,24,43320,买盘
1042,10:56:45,18.03,0.01,3,5409,中性盘
1043,10:56:41,18.02,-0.02,12,21624,卖盘
1044,10:56:36,18.04,0.01,1,1804,卖盘
1045,10:56:27,18.03,--,16,28848,买盘
1046,10:56:21,18.03,-0.01,16,28848,卖盘
1047,10:56:15,18.04,--,4,7216,买盘
1048,10:56:06,18.04,--,3,5412,买盘
1049,10:55:56,18.04,0.01,19,34276,买盘
1050,10:55:51,18.03,-0.01,54,97362,卖盘
1051,10:55:45,18.04,0.01,1,1804,买盘
1052,10:55:41,18.03,-0.01,15,27045,卖盘
1053,10:55:21,18.04,-0.01,15,27060,卖盘
1054,10:55:06,18.05,--,0,0,买盘
1055,10:54:56,18.05,--,72,129960,买盘
1056,10:54:51,18.05,--,47,84835,买盘
1057,10:54:45,18.05,0.02,5,9025,买盘
1058,10:54:36,18.03,--,0,0,卖盘
1059,10:54:30,18.03,-0.01,14,25242,卖盘
1060,10:54:26,18.04,--,45,81180,卖盘
1061,10:54:21,18.04,-0.01,32,57728,卖盘
1062,10:54:11,18.05,0.01,2,3610,买盘
1063,10:54:06,18.04,--,1,1804,卖盘
1064,10:54:00,18.04,--,12,21648,卖盘
1065,10:53:51,18.04,-0.01,29,52316,卖盘
1066,10:53:45,18.05,0.01,2,3610,买盘
1067,10:53:26,18.04,--,6,10824,卖盘
1068,10:53:21,18.04,--,29,52316,卖盘
1069,10:53:11,18.04,--,13,23452,卖盘
1070,10:53:00,18.04,--,53,95612,买盘
1071,10:52:56,18.04,--,25,45100,买盘
1072,10:52:51,18.04,--,37,66748,买盘
1073,10:52:45,18.04,--,8,14432,买盘
1074,10:52:36,18.04,-0.01,38,68552,卖盘
1075,10:52:30,18.05,--,0,0,中性盘
1076,10:52:26,18.05,--,1,1805,卖盘
1077,10:52:21,18.05,--,29,52345,卖盘
1078,10:52:15,18.05,-0.01,13,23465,卖盘
1079,10:52:00,18.06,--,2,3611,买盘
1080,10:51:56,18.06,0.01,1,1805,买盘
1081,10:51:51,18.05,--,30,54150,卖盘
1082,10:51:45,18.05,-0.01,8,14440,卖盘
1083,10:51:41,18.06,0.01,3,5418,买盘
1084,10:51:26,18.05,-0.01,12,21660,卖盘
1085,10:51:21,18.06,-0.01,25,45150,卖盘
1086,10:51:15,18.07,0.02,5,9035,买盘
1087,10:50:51,18.05,-0.01,30,54150,卖盘
1088,10:50:45,18.06,0.01,23,41538,买盘
1089,10:50:36,18.05,-0.01,12,21660,卖盘
1090,10:50:30,18.06,--,3,5418,买盘
1091,10:50:21,18.06,-0.01,6,10836,卖盘
1092,10:50:15,18.07,--,20,36140,买盘
1093,10:50:05,18.07,--,5,9035,买盘
1094,10:50:00,18.07,--,5,9035,买盘
1095,10:49:50,18.07,0.02,5,9035,买盘
1096,10:49:45,18.05,-0.02,12,21660,卖盘
1097,10:49:30,18.07,0.01,1,1807,买盘
1098,10:49:09,18.06,--,3,5418,买盘
1099,10:49:05,18.06,--,4,7223,买盘
1100,10:49:00,18.06,--,27,48762,买盘
1101,10:48:45,18.06,-0.01,42,75852,卖盘
1102,10:48:39,18.07,0.01,10,18070,买盘
1103,10:48:35,18.06,-0.01,52,93912,卖盘
1104,10:48:30,18.07,--,3,5421,买盘
1105,10:48:15,18.07,0.01,6,10842,买盘
1106,10:48:09,18.06,--,5,9030,卖盘
1107,10:48:05,18.06,0.01,28,50568,卖盘
1108,10:48:00,18.05,-0.01,30,54150,卖盘
1109,10:47:54,18.06,0.01,22,39732,买盘
1110,10:47:50,18.05,-0.01,12,21660,卖盘
1111,10:47:45,18.06,0.01,3,5418,买盘
1112,10:47:35,18.05,--,101,182305,买盘
1113,10:47:30,18.05,--,3,5415,买盘
1114,10:47:24,18.05,0.02,1,1805,买盘
1115,10:47:20,18.03,-0.01,79,142437,卖盘
1116,10:47:15,18.04,--,11,19844,买盘
1117,10:47:05,18.04,--,19,34276,卖盘
1118,10:47:00,18.04,0.01,12,21648,卖盘
1119,10:46:45,18.03,-0.02,40,72120,卖盘
1120,10:46:35,18.05,-0.01,8,14440,卖盘
1121,10:46:30,18.06,0.01,2,3611,买盘
1122,10:46:24,18.05,0.01,4,7220,中性盘
1123,10:46:15,18.04,--,47,84788,买盘
1124,10:46:05,18.04,--,3,5412,卖盘
1125,10:45:54,18.04,-0.02,7,12628,卖盘
1126,10:45:50,18.06,0.02,16,28895,买盘
1127,10:45:39,18.04,-0.01,12,21648,卖盘
1128,10:45:35,18.05,0.02,51,92055,买盘
1129,10:45:30,18.03,-0.01,16,28848,卖盘
1130,10:45:20,18.04,--,9,16236,买盘
1131,10:45:15,18.04,0.01,4,7216,买盘
1132,10:45:05,18.03,-0.01,32,57696,卖盘
1133,10:45:00,18.04,--,20,36080,买盘
1134,10:44:54,18.04,--,17,30668,买盘
1135,10:44:50,18.04,--,7,12628,买盘
1136,10:44:45,18.04,--,2,3608,买盘
1137,10:44:39,18.04,--,31,55924,卖盘
1138,10:44:35,18.04,-0.01,14,25256,卖盘
1139,10:44:30,18.05,--,14,25270,买盘
1140,10:44:15,18.05,--,0,0,买盘
1141,10:44:09,18.05,0.02,10,18050,中性盘
1142,10:44:05,18.03,--,5,9015,卖盘
1143,10:44:00,18.03,--,22,39666,卖盘
1144,10:43:45,18.03,-0.01,64,115392,卖盘
1145,10:43:35,18.04,-0.01,15,27060,卖盘
1146,10:43:30,18.05,0.02,4,7220,买盘
1147,10:43:24,18.03,-0.01,30,54090,卖盘
1148,10:43:15,18.04,--,6,10824,买盘
1149,10:43:09,18.04,--,31,55924,买盘
1150,10:43:00,18.04,--,6,10824,买盘
1151,10:42:54,18.04,--,1,1804,买盘
1152,10:42:45,18.04,--,20,36080,买盘
1153,10:42:39,18.04,-0.01,18,32472,卖盘
1154,10:42:24,18.05,--,52,93860,卖盘
1155,10:42:18,18.05,--,33,59565,卖盘
1156,10:42:09,18.05,--,30,54150,卖盘
1157,10:41:54,18.05,--,16,28880,买盘
1158,10:41:48,18.05,--,15,27075,买盘
1159,10:41:44,18.05,--,10,18050,买盘
1160,10:41:39,18.05,--,16,28880,卖盘
1161,10:41:29,18.05,-0.01,8,14440,卖盘
1162,10:41:24,18.06,-0.01,95,171570,卖盘
1163,10:41:14,18.07,0.01,3,5421,买盘
1164,10:41:09,18.06,-0.01,58,104747,卖盘
1165,10:41:03,18.07,--,12,21684,卖盘
1166,10:40:44,18.07,--,5,9035,卖盘
1167,10:40:39,18.07,--,41,74087,卖盘
1168,10:40:33,18.07,--,20,36140,买盘
1169,10:40:29,18.07,0.01,10,18070,买盘
1170,10:40:18,18.06,0.01,7,12642,买盘
1171,10:40:14,18.05,-0.01,16,28880,卖盘
1172,10:40:03,18.06,0.01,1,1805,中性盘
1173,10:39:59,18.05,-0.01,105,189525,卖盘
1174,10:39:54,18.06,0.01,108,195048,买盘
1175,10:39:44,18.05,--,24,43320,卖盘
1176,10:39:39,18.05,--,30,54150,卖盘
1177,10:39:29,18.05,-0.02,27,48735,卖盘
1178,10:39:24,18.07,0.01,2,3614,买盘
1179,10:39:18,18.06,--,2,3611,买盘
1180,10:39:14,18.06,-0.01,143,258257,卖盘
1181,10:39:09,18.07,0.01,30,54210,买盘
1182,10:38:54,18.06,--,15,27089,卖盘
1183,10:38:44,18.06,-0.02,4,7223,卖盘
1184,10:38:39,18.08,--,0,0,买盘
1185,10:38:29,18.08,0.02,20,36160,买盘
1186,10:38:24,18.06,-0.02,106,191436,卖盘
1187,10:38:08,18.08,--,10,18080,卖盘
1188,10:37:53,18.08,-0.01,4,7231,卖盘
1189,10:37:39,18.09,-0.01,21,37989,卖盘
1190,10:37:33,18.1,--,1,1810,买盘
1191,10:37:24,18.1,--,22,39820,卖盘
1192,10:37:18,18.1,-0.01,7,12670,卖盘
1193,10:37:09,18.11,--,7,12677,卖盘
1194,10:36:48,18.11,--,0,0,中性盘
1195,10:36:44,18.11,0.01,2,3622,卖盘
1196,10:36:39,18.1,-0.03,10,18100,卖盘
1197,10:36:33,18.13,--,0,0,买盘
1198,10:36:29,18.13,0.06,23,41699,买盘
1199,10:36:23,18.07,-0.04,165,298155,卖盘
1200,10:36:18,18.11,--,0,0,买盘
1201,10:36:14,18.11,0.02,19,34409,买盘
1202,10:36:09,18.09,-0.01,31,56079,卖盘
1203,10:36:02,18.1,--,11,19910,买盘
1204,10:35:53,18.1,--,9,16290,卖盘
1205,10:35:48,18.1,--,22,39820,买盘
1206,10:35:43,18.1,--,45,81450,买盘
1207,10:35:27,18.1,-0.01,4,7240,卖盘
1208,10:35:24,18.11,0.04,110,199210,买盘
1209,10:35:18,18.07,-0.04,61,110227,卖盘
1210,10:35:12,18.11,--,20,36220,买盘
1211,10:35:08,18.11,--,39,70629,买盘
1212,10:35:03,18.11,0.01,6,10866,买盘
1213,10:34:53,18.1,--,22,39820,买盘
1214,10:34:48,18.1,--,1,1810,买盘
1215,10:34:38,18.1,-0.01,1,1810,卖盘
1216,10:34:33,18.11,0.01,11,19921,买盘
1217,10:34:27,18.1,--,0,0,中性盘
1218,10:34:23,18.1,0.01,57,103170,买盘
1219,10:34:11,18.09,0.01,35,63315,买盘
1220,10:34:08,18.08,--,30,54239,卖盘
1221,10:34:03,18.08,--,16,28927,买盘
1222,10:33:53,18.08,0.01,21,37968,买盘
1223,10:33:38,18.07,--,76,137332,买盘
1224,10:33:32,18.07,0.01,10,18070,买盘
1225,10:33:18,18.06,-0.01,1,1805,卖盘
1226,10:33:12,18.07,--,4,7228,买盘
1227,10:33:08,18.07,-0.01,9,16263,卖盘
1228,10:33:02,18.08,--,2,3615,买盘
1229,10:32:53,18.08,-0.02,21,37968,卖盘
1230,10:32:47,18.1,--,16,28960,卖盘
1231,10:32:41,18.1,-0.01,65,117650,卖盘
1232,10:32:38,18.11,0.01,76,137636,买盘
1233,10:32:33,18.1,--,20,36200,卖盘
1234,10:32:27,18.1,-0.01,23,41630,卖盘
1235,10:32:17,18.11,--,6,10866,买盘
1236,10:31:56,18.11,--,12,21732,卖盘
1237,10:31:53,18.11,-0.01,192,347712,卖盘
1238,10:31:47,18.12,--,1,1812,买盘
1239,10:31:38,18.12,--,55,99660,卖盘
1240,10:31:32,18.12,-0.01,7,12684,卖盘
1241,10:31:23,18.13,-0.01,23,41699,卖盘
1242,10:31:11,18.14,-0.01,104,188656,卖盘
1243,10:31:08,18.15,0.01,43,78045,买盘
1244,10:31:02,18.14,--,1,1814,卖盘
1245,10:30:56,18.14,--,18,32652,卖盘
1246,10:30:53,18.14,--,8,14512,卖盘
1247,10:30:47,18.14,--,6,10884,卖盘
1248,10:30:41,18.14,--,14,25396,卖盘
1249,10:30:38,18.14,--,30,54420,卖盘
1250,10:30:32,18.14,--,68,123352,卖盘
1251,10:30:26,18.14,--,9,16326,卖盘
1252,10:30:23,18.14,--,10,18140,卖盘
1253,10:30:08,18.14,-0.01,2,3628,卖盘
1254,10:30:02,18.15,--,107,195293,卖盘
1255,10:29:56,18.15,--,31,56264,卖盘
1256,10:29:53,18.15,--,4,7259,卖盘
1257,10:29:47,18.15,--,11,19965,卖盘
1258,10:29:41,18.15,--,12,21780,卖盘
1259,10:29:37,18.15,--,30,54449,卖盘
1260,10:29:26,18.15,-0.01,32,58079,卖盘
1261,10:29:17,18.16,0.01,1,1816,买盘
1262,10:29:11,18.15,-0.01,20,36300,卖盘
1263,10:29:02,18.16,--,1,1816,买盘
1264,10:28:56,18.16,--,2,3632,买盘
1265,10:28:41,18.16,--,15,27240,卖盘
1266,10:28:32,18.16,-0.01,20,36320,卖盘
1267,10:28:22,18.17,--,5,9085,买盘
1268,10:28:17,18.17,--,26,47242,卖盘
1269,10:28:11,18.17,--,20,36340,卖盘
1270,10:27:32,18.17,--,10,18170,卖盘
1271,10:27:26,18.17,--,10,18170,买盘
1272,10:27:20,18.17,0.01,5,9085,买盘
1273,10:27:11,18.16,--,4,7264,卖盘
1274,10:26:56,18.16,--,16,29056,卖盘
1275,10:26:47,18.16,--,30,54480,卖盘
1276,10:26:41,18.16,-0.01,38,69008,卖盘
1277,10:26:11,18.17,--,11,19987,买盘
1278,10:25:41,18.17,--,11,19987,卖盘
1279,10:25:32,18.17,0.01,15,27255,卖盘
1280,10:25:17,18.16,--,0,0,卖盘
1281,10:25:11,18.16,-0.02,17,30872,卖盘
1282,10:24:56,18.18,-0.02,26,47268,卖盘
1283,10:24:50,18.2,0.01,32,58240,买盘
1284,10:24:41,18.19,--,1,1819,买盘
1285,10:24:35,18.19,--,4,7276,卖盘
1286,10:24:17,18.19,--,17,30923,买盘
1287,10:24:11,18.19,--,22,40018,买盘
1288,10:24:05,18.19,--,22,40018,买盘
1289,10:24:02,18.19,--,10,18190,买盘
1290,10:23:56,18.19,--,1,1819,买盘
1291,10:23:50,18.19,--,12,21828,卖盘
1292,10:23:47,18.19,-0.01,20,36380,卖盘
1293,10:23:32,18.2,-0.01,7,12740,卖盘
1294,10:23:26,18.21,--,7,12747,买盘
1295,10:23:17,18.21,0.01,59,107439,买盘
1296,10:23:11,18.2,--,0,0,买盘
1297,10:23:05,18.2,--,11,20020,买盘
1298,10:23:02,18.2,0.01,7,12740,买盘
1299,10:22:56,18.19,--,0,0,中性盘
1300,10:22:46,18.19,0.01,8,14552,买盘
1301,10:22:31,18.18,--,8,14544,买盘
1302,10:22:26,18.18,0.03,1,1818,买盘
1303,10:22:11,18.15,--,0,0,卖盘
1304,10:22:05,18.15,-0.03,10,18150,卖盘
1305,10:22:01,18.18,--,0,0,买盘
1306,10:21:50,18.18,0.03,2,3636,买盘
1307,10:21:46,18.15,--,216,392765,买盘
1308,10:21:41,18.15,0.02,21,38115,买盘
1309,10:21:35,18.13,0.01,47,85211,买盘
1310,10:21:26,18.12,--,22,39864,买盘
1311,10:21:20,18.12,--,12,21744,买盘
1312,10:21:11,18.12,--,1,1812,买盘
1313,10:21:01,18.12,--,12,21744,买盘
1314,10:20:56,18.12,-0.01,17,30804,卖盘
1315,10:20:50,18.13,--,2,3626,买盘
1316,10:20:46,18.13,--,1,1813,买盘
1317,10:20:41,18.13,-0.02,15,27195,卖盘
1318,10:20:20,18.15,-0.03,169,306735,卖盘
1319,10:20:11,18.18,-0.02,30,54540,卖盘
1320,10:19:59,18.2,--,52,94640,卖盘
1321,10:19:56,18.2,--,12,21840,卖盘
1322,10:19:41,18.2,-0.01,8,14560,卖盘
1323,10:19:35,18.21,0.01,3,5463,买盘
1324,10:19:29,18.2,--,0,0,卖盘
1325,10:19:26,18.2,-0.01,4,7280,卖盘
1326,10:19:20,18.21,--,2,3642,卖盘
1327,10:19:14,18.21,--,20,36420,卖盘
1328,10:18:50,18.21,--,7,12747,卖盘
1329,10:18:44,18.21,-0.01,10,18210,卖盘
1330,10:18:29,18.22,--,4,8381,卖盘
1331,10:18:20,18.22,--,5,9838,卖盘
1332,10:18:05,18.22,--,5,9110,卖盘
1333,10:17:59,18.22,-0.02,2,3644,卖盘
1334,10:17:56,18.24,--,0,0,买盘
1335,10:17:41,18.24,--,267,488102,卖盘
1336,10:17:35,18.24,-0.01,6,10943,卖盘
1337,10:17:29,18.25,0.01,2,3650,买盘
1338,10:17:20,18.24,0.03,152,277977,买盘
1339,10:17:11,18.21,--,4,7284,中性盘
1340,10:16:56,18.21,--,10,18210,买盘
1341,10:16:50,18.21,--,20,36420,买盘
1342,10:16:44,18.21,--,6,10926,买盘
1343,10:16:29,18.21,-0.01,13,23673,卖盘
1344,10:16:20,18.22,--,3,5466,买盘
1345,10:16:14,18.22,--,0,0,买盘
1346,10:16:10,18.22,0.02,1,1822,买盘
1347,10:16:05,18.2,-0.01,100,182000,卖盘
1348,10:15:55,18.21,--,10,18210,卖盘
1349,10:15:50,18.21,-0.01,7,12747,卖盘
1350,10:15:35,18.22,--,69,125717,卖盘
1351,10:15:29,18.22,-0.01,35,63769,卖盘
1352,10:15:14,18.23,--,30,54690,卖盘
1353,10:14:55,18.23,-0.01,28,51044,卖盘
1354,10:14:25,18.24,--,5,9120,买盘
1355,10:14:20,18.24,-0.01,18,32832,卖盘
1356,10:14:10,18.25,-0.01,1,1825,买盘
1357,10:14:05,18.26,0.01,53,96778,买盘
1358,10:13:59,18.25,--,8,14600,买盘
1359,10:13:50,18.25,--,64,116800,卖盘
1360,10:13:40,18.25,--,2,3650,卖盘
1361,10:13:29,18.25,--,5,9125,卖盘
1362,10:13:23,18.25,--,4,7300,卖盘
1363,10:13:20,18.25,--,1,1825,卖盘
1364,10:13:14,18.25,0.01,2,3650,中性盘
1365,10:13:08,18.24,-0.03,2,3647,卖盘
1366,10:13:05,18.27,--,0,0,买盘
1367,10:12:59,18.27,--,0,0,买盘
1368,10:12:53,18.27,0.03,6,10962,买盘
1369,10:12:50,18.24,-0.01,33,60191,卖盘
1370,10:12:35,18.25,--,1,1825,卖盘
1371,10:12:29,18.25,-0.02,1,1825,卖盘
1372,10:12:23,18.27,0.02,10,18270,买盘
1373,10:12:20,18.25,-0.02,2,3650,卖盘
1374,10:11:44,18.27,0.02,5,9135,买盘
1375,10:11:35,18.25,-0.02,4,7300,卖盘
1376,10:11:14,18.27,--,0,0,买盘
1377,10:10:50,18.27,0.03,13,23751,买盘
1378,10:10:38,18.24,-0.03,2,3647,卖盘
1379,10:10:35,18.27,0.02,84,153468,买盘
1380,10:10:29,18.25,0.01,9,16425,买盘
1381,10:10:20,18.24,--,43,78432,买盘
1382,10:10:14,18.24,--,10,18240,买盘
1383,10:09:59,18.24,0.01,25,45599,买盘
1384,10:09:23,18.23,--,103,187769,买盘
1385,10:09:04,18.23,--,13,23699,买盘
1386,10:08:59,18.23,--,89,162247,买盘
1387,10:08:53,18.23,--,2,3646,买盘
1388,10:08:29,18.23,--,1,1823,买盘
1389,10:08:23,18.23,-0.01,8,14584,卖盘
1390,10:08:04,18.24,--,2,3647,买盘
1391,10:07:49,18.24,--,0,0,买盘
1392,10:07:38,18.24,0.02,10,18240,买盘
1393,10:07:34,18.22,--,0,0,中性盘
1394,10:07:23,18.22,-0.01,120,218640,卖盘
1395,10:07:08,18.23,--,4,7292,卖盘
1396,10:06:38,18.23,--,5,9115,卖盘
1397,10:06:34,18.23,-0.02,3,5469,卖盘
1398,10:06:14,18.25,--,167,304775,卖盘
1399,10:06:08,18.25,-0.02,1,1825,卖盘
1400,10:05:53,18.27,0.02,3,5481,买盘
1401,10:05:44,18.25,--,0,0,卖盘
1402,10:05:38,18.25,--,2,3650,卖盘
1403,10:05:29,18.25,--,0,0,卖盘
1404,10:05:14,18.25,-0.05,30,54750,卖盘
1405,10:05:08,18.3,--,0,0,买盘
1406,10:05:02,18.3,--,23,42090,买盘
1407,10:04:59,18.3,--,1,1830,买盘
1408,10:04:47,18.3,--,30,54900,买盘
1409,10:04:44,18.3,--,0,0,买盘
1410,10:04:38,18.3,--,5,9150,买盘
1411,10:04:28,18.3,--,209,383568,卖盘
1412,10:04:23,18.3,--,0,0,卖盘
1413,10:04:17,18.3,--,1,1830,卖盘
1414,10:04:14,18.3,0.01,103,188490,买盘
1415,10:04:08,18.29,0.01,125,228625,买盘
1416,10:03:59,18.28,--,0,731,买盘
1417,10:03:53,18.28,0.03,4,7312,买盘
1418,10:03:38,18.25,--,2,3650,买盘
1419,10:03:32,18.25,--,22,40150,买盘
1420,10:03:28,18.25,0.02,1,1825,买盘
1421,10:03:17,18.23,--,9,16407,卖盘
1422,10:03:13,18.23,--,5,9115,卖盘
1423,10:03:02,18.23,0.01,10,18230,买盘
1424,10:02:58,18.22,--,9,16398,卖盘
1425,10:02:47,18.22,--,87,158514,卖盘
1426,10:02:43,18.22,--,39,71058,买盘
1427,10:02:38,18.22,--,6,10932,买盘
1428,10:02:23,18.22,--,45,81990,买盘
1429,10:02:13,18.22,--,2,3644,买盘
1430,10:02:02,18.22,0.01,3,5466,买盘
1431,10:01:58,18.21,-0.01,10,18210,卖盘
1432,10:01:43,18.22,-0.01,4,7288,卖盘
1433,10:01:32,18.23,0.01,10,18230,买盘
1434,10:01:28,18.22,--,1,1822,卖盘
1435,10:01:23,18.22,--,2,3644,卖盘
1436,10:01:13,18.22,--,1,1822,卖盘
1437,10:00:38,18.22,-0.01,65,118429,卖盘
1438,10:00:32,18.23,--,20,36460,卖盘
1439,10:00:23,18.23,--,50,91150,卖盘
1440,10:00:17,18.23,--,6,10938,卖盘
1441,10:00:08,18.23,--,106,193238,卖盘
1442,10:00:02,18.23,-0.03,2,3646,卖盘
1443,09:59:53,18.26,0.03,1,1826,买盘
1444,09:59:43,18.23,--,4,7292,卖盘
1445,09:59:38,18.23,--,5,9115,买盘
1446,09:59:32,18.23,--,33,60159,买盘
1447,09:59:23,18.23,--,0,0,中性盘
1448,09:59:17,18.23,-0.03,10,18230,中性盘
1449,09:59:13,18.26,0.03,10,18260,买盘
1450,09:59:02,18.23,--,2,3646,买盘
1451,09:58:56,18.23,-0.02,195,356578,卖盘
1452,09:58:47,18.25,-0.01,1,1825,卖盘
1453,09:58:41,18.26,0.01,6,10956,买盘
1454,09:58:38,18.25,-0.02,19,34675,卖盘
1455,09:58:23,18.27,--,13,23751,卖盘
1456,09:58:07,18.27,--,1,1827,卖盘
1457,09:57:52,18.27,-0.01,10,18270,卖盘
1458,09:57:26,18.28,0.02,5,9140,买盘
1459,09:57:17,18.26,0.01,28,51128,买盘
1460,09:57:11,18.25,-0.01,1,1825,卖盘
1461,09:57:07,18.26,--,42,76692,买盘
1462,09:57:02,18.26,-0.02,15,27390,卖盘
1463,09:56:47,18.28,0.02,5,9140,买盘
1464,09:56:37,18.26,-0.03,10,18260,卖盘
1465,09:56:32,18.29,--,0,0,买盘
1466,09:56:22,18.29,--,5,9145,买盘
1467,09:56:07,18.29,--,4,7316,买盘
1468,09:55:56,18.29,0.04,6,10974,买盘
1469,09:55:52,18.25,--,69,125925,卖盘
1470,09:55:47,18.25,--,1,1825,卖盘
1471,09:55:37,18.25,-0.02,28,51100,卖盘
1472,09:55:32,18.27,0.02,50,91350,买盘
1473,09:55:26,18.25,--,1,1825,买盘
1474,09:55:22,18.25,--,2,3650,买盘
1475,09:55:11,18.25,--,2,3650,中性盘
1476,09:55:07,18.25,--,0,0,卖盘
1477,09:55:02,18.25,-0.01,9,16425,买盘
1478,09:54:52,18.26,0.03,20,36520,买盘
1479,09:54:41,18.23,-0.02,52,94796,卖盘
1480,09:54:26,18.25,-0.01,5,9125,卖盘
1481,09:54:17,18.26,0.01,10,18260,买盘
1482,09:54:07,18.25,--,2,3650,卖盘
1483,09:54:02,18.25,0.02,19,34675,卖盘
1484,09:53:41,18.23,-0.02,34,61982,卖盘
1485,09:53:37,18.25,--,0,0,买盘
1486,09:53:26,18.25,-0.02,22,40150,卖盘
1487,09:53:22,18.27,0.01,4,7308,买盘
1488,09:53:11,18.26,-0.01,3,5478,卖盘
1489,09:53:02,18.27,--,8,14616,卖盘
1490,09:52:56,18.27,--,105,191835,卖盘
1491,09:52:47,18.27,--,0,0,卖盘
1492,09:52:41,18.27,0.01,2,3654,中性盘
1493,09:52:37,18.26,--,92,167992,卖盘
1494,09:52:26,18.26,--,38,69388,卖盘
1495,09:52:11,18.26,--,27,49302,卖盘
1496,09:52:07,18.26,--,0,0,卖盘
1497,09:52:02,18.26,--,10,18260,卖盘
1498,09:51:47,18.26,--,10,18260,买盘
1499,09:51:35,18.26,0.02,7,12782,买盘
1500,09:51:32,18.24,-0.01,38,70041,卖盘
1501,09:51:26,18.25,0.02,8,14600,卖盘
1502,09:51:17,18.23,-0.01,2,3646,卖盘
1503,09:51:11,18.24,0.01,5,9120,中性盘
1504,09:51:05,18.23,-0.02,61,111203,卖盘
1505,09:51:02,18.25,0.02,238,434350,买盘
1506,09:50:56,18.23,--,2,3646,卖盘
1507,09:50:50,18.23,--,10,18230,卖盘
1508,09:50:46,18.23,--,12,21876,卖盘
1509,09:50:41,18.23,-0.02,123,224229,卖盘
1510,09:50:35,18.25,--,8,14600,卖盘
1511,09:50:31,18.25,--,67,122275,卖盘
1512,09:50:26,18.25,-0.04,156,284700,卖盘
1513,09:50:20,18.29,--,16,29264,卖盘
1514,09:50:16,18.29,-0.01,21,38409,卖盘
1515,09:50:11,18.3,-0.02,18,32940,卖盘
1516,09:49:56,18.32,0.02,1,1832,中性盘
1517,09:49:50,18.3,--,0,0,卖盘
1518,09:49:46,18.3,-0.03,28,51240,卖盘
1519,09:49:41,18.33,--,0,0,买盘
1520,09:49:35,18.33,0.01,31,56822,买盘
1521,09:49:31,18.32,--,3,5496,卖盘
1522,09:49:26,18.32,--,38,69616,买盘
1523,09:49:16,18.32,0.02,33,60456,买盘
1524,09:49:11,18.3,--,11,20130,卖盘
1525,09:49:05,18.3,--,69,126270,中性盘
1526,09:49:01,18.3,--,70,128100,卖盘
1527,09:48:46,18.3,-0.03,8,14640,卖盘
1528,09:48:31,18.33,--,0,0,买盘
1529,09:48:26,18.33,0.03,50,91649,买盘
1530,09:48:20,18.3,--,3,5490,买盘
1531,09:48:16,18.3,-0.04,60,109800,卖盘
1532,09:48:01,18.34,-0.01,11,20174,卖盘
1533,09:47:56,18.35,--,3,5505,买盘
1534,09:47:31,18.35,--,22,40370,买盘
1535,09:47:26,18.35,-0.01,167,306445,卖盘
1536,09:47:20,18.36,--,5,9180,卖盘
1537,09:47:16,18.36,-0.02,130,238680,卖盘
1538,09:47:01,18.38,--,0,0,买盘
1539,09:46:50,18.38,0.01,5,9190,买盘
1540,09:46:46,18.37,-0.01,101,185537,卖盘
1541,09:46:41,18.38,--,10,18380,买盘
1542,09:46:35,18.38,0.01,7,12866,买盘
1543,09:46:31,18.37,-0.01,9,16533,卖盘
1544,09:46:26,18.38,0.01,3,5514,买盘
1545,09:46:11,18.37,0.01,3,5511,卖盘
1546,09:46:05,18.36,--,0,0,卖盘
1547,09:45:56,18.36,-0.02,6,11016,卖盘
1548,09:45:50,18.38,--,68,126399,卖盘
1549,09:45:41,18.38,--,47,86386,卖盘
1550,09:45:35,18.38,--,35,64752,卖盘
1551,09:45:31,18.38,-0.01,8,14704,卖盘
1552,09:45:20,18.39,--,3,5517,买盘
1553,09:45:16,18.39,--,23,42297,买盘
1554,09:45:11,18.39,--,15,27585,卖盘
1555,09:45:01,18.39,--,10,18390,卖盘
1556,09:44:56,18.39,-0.01,26,47814,卖盘
1557,09:44:50,18.4,--,40,73600,买盘
1558,09:44:45,18.4,0.01,5,9200,买盘
1559,09:44:41,18.39,--,22,40458,卖盘
1560,09:44:35,18.39,-0.01,39,71721,卖盘
1561,09:44:14,18.4,--,16,29439,卖盘
1562,09:44:05,18.4,--,19,34960,买盘
1563,09:43:50,18.4,--,4,7359,买盘
1564,09:43:35,18.4,--,4,7359,卖盘
1565,09:43:29,18.4,-0.01,30,55199,卖盘
1566,09:43:10,18.41,--,11,20251,卖盘
1567,09:43:05,18.41,-0.01,4,7364,卖盘
1568,09:42:55,18.42,0.01,87,160254,买盘
1569,09:42:50,18.41,--,11,20251,卖盘
1570,09:42:44,18.41,-0.01,10,18410,卖盘
1571,09:42:40,18.42,--,1,1842,买盘
1572,09:42:29,18.42,0.01,166,305772,买盘
1573,09:42:25,18.41,-0.01,3,5523,卖盘
1574,09:42:20,18.42,0.01,6,11052,买盘
1575,09:42:14,18.41,--,70,128870,卖盘
1576,09:41:59,18.41,--,57,104937,买盘
1577,09:41:55,18.41,0.01,6,11046,买盘
1578,09:41:40,18.4,--,17,31279,买盘
1579,09:41:29,18.4,0.01,39,71760,买盘
1580,09:41:14,18.39,--,5,9195,买盘
1581,09:41:10,18.39,--,1,1839,买盘
1582,09:40:59,18.39,--,0,0,中性盘
1583,09:40:55,18.39,--,0,0,卖盘
1584,09:40:44,18.39,--,0,0,卖盘
1585,09:40:40,18.39,--,24,44136,卖盘
1586,09:40:29,18.39,--,20,36780,卖盘
1587,09:40:25,18.39,--,54,99306,买盘
1588,09:40:19,18.39,0.02,52,95628,买盘
1589,09:40:14,18.37,0.01,20,36740,卖盘
1590,09:40:10,18.36,--,0,0,卖盘
1591,09:40:04,18.36,--,0,0,卖盘
1592,09:39:55,18.36,--,2,3672,卖盘
1593,09:39:49,18.36,--,83,152388,卖盘
1594,09:39:40,18.36,-0.02,7,12852,卖盘
1595,09:39:34,18.38,--,16,29408,买盘
1596,09:39:19,18.38,-0.02,116,213208,卖盘
1597,09:39:10,18.4,--,0,0,卖盘
1598,09:39:04,18.4,-0.02,82,150880,卖盘
1599,09:38:55,18.42,--,11,20262,买盘
1600,09:38:49,18.42,--,36,66312,卖盘
1601,09:38:44,18.42,--,14,25788,卖盘
1602,09:38:34,18.42,0.02,154,283668,买盘
1603,09:38:29,18.4,--,0,0,中性盘
1604,09:38:25,18.4,--,0,0,卖盘
1605,09:38:19,18.4,-0.02,100,184000,卖盘
1606,09:37:55,18.42,--,19,34998,卖盘
1607,09:37:49,18.42,--,44,81048,卖盘
1608,09:37:44,18.42,0.04,55,101310,买盘
1609,09:37:39,18.38,--,0,0,卖盘
1610,09:37:29,18.38,-0.04,2,3676,卖盘
1611,09:37:23,18.42,0.04,200,368400,买盘
1612,09:37:19,18.38,-0.03,113,207694,卖盘
1613,09:37:14,18.41,--,14,25774,卖盘
1614,09:37:04,18.41,--,9,16569,卖盘
1615,09:36:59,18.41,0.02,63,115983,买盘
1616,09:36:53,18.39,--,1,1839,卖盘
1617,09:36:49,18.39,-0.01,12,22068,卖盘
1618,09:36:44,18.4,0.01,113,207919,买盘
1619,09:36:38,18.39,-0.01,2,3678,卖盘
1620,09:36:34,18.4,0.01,11,20240,买盘
1621,09:36:28,18.39,--,1,1839,卖盘
1622,09:36:19,18.39,--,99,182061,买盘
1623,09:36:13,18.39,0.01,43,79077,买盘
1624,09:35:58,18.38,0.02,111,204018,买盘
1625,09:35:53,18.36,--,6,11016,卖盘
1626,09:35:43,18.36,0.01,21,38556,买盘
1627,09:35:38,18.35,--,10,18350,卖盘
1628,09:35:34,18.35,-0.01,3,5505,卖盘
1629,09:35:28,18.36,0.01,9,16524,买盘
1630,09:35:23,18.35,-0.04,100,183500,卖盘
1631,09:35:19,18.39,--,0,0,买盘
1632,09:35:08,18.39,0.04,37,68043,买盘
1633,09:35:04,18.35,-0.01,71,130285,卖盘
1634,09:34:58,18.36,0.01,1,1836,卖盘
1635,09:34:53,18.35,--,0,0,卖盘
1636,09:34:49,18.35,-0.03,5,9175,卖盘
1637,09:34:43,18.38,0.02,27,49626,买盘
1638,09:34:38,18.36,0.01,6,11016,买盘
1639,09:34:34,18.35,-0.02,1,1835,卖盘
1640,09:34:28,18.37,--,7,12859,买盘
1641,09:34:23,18.37,0.02,7,12859,买盘
1642,09:34:19,18.35,-0.01,1,1835,卖盘
1643,09:34:13,18.36,--,13,23868,买盘
1644,09:34:04,18.36,--,204,374544,买盘
1645,09:33:49,18.36,0.01,5,9180,买盘
1646,09:33:43,18.35,-0.01,64,117440,卖盘
1647,09:33:38,18.36,--,4,7344,买盘
1648,09:33:34,18.36,--,3,5508,买盘
1649,09:33:28,18.36,0.01,25,45900,买盘
1650,09:33:23,18.35,--,100,183500,卖盘
1651,09:33:19,18.35,-0.01,5,9175,卖盘
1652,09:33:13,18.36,--,0,0,中性盘
1653,09:33:08,18.36,0.01,3,5508,买盘
1654,09:32:58,18.35,-0.01,19,34865,卖盘
1655,09:32:53,18.36,--,7,12852,卖盘
1656,09:32:49,18.36,-0.01,19,34884,卖盘
1657,09:32:43,18.37,0.01,3,5511,买盘
1658,09:32:34,18.36,-0.02,8,14688,卖盘
1659,09:32:28,18.38,0.03,8,14704,买盘
1660,09:32:19,18.35,--,11,20185,卖盘
1661,09:32:13,18.35,--,0,0,卖盘
1662,09:32:04,18.35,-0.05,13,23855,卖盘
1663,09:31:58,18.4,-0.02,3,5520,中性盘
1664,09:31:53,18.42,--,0,0,买盘
1665,09:31:23,18.42,--,79,145518,卖盘
1666,09:31:13,18.42,-0.01,10,18420,卖盘
1667,09:31:03,18.43,0.03,19,35017,买盘
1668,09:30:53,18.4,-0.03,1,1839,买盘
1669,09:30:38,18.43,--,11,20273,卖盘
1670,09:30:28,18.43,0.03,32,58976,买盘
1671,09:30:23,18.4,--,89,163760,卖盘
1672,09:30:18,18.4,--,33,60719,卖盘
1673,09:30:13,18.4,--,40,73600,卖盘
1674,09:30:07,18.4,--,259,476559,买盘
1675,09:28:44,18.4,--,0,0,买盘
1676,09:25:05,18.4,18.4,176,323840,买盘
