,time,price,change,volume,amount,type
0,15:00:00,11.11,--,0,0,买盘
1,15:00:00,11.11,0.01,0,0,买盘
2,15:00:00,11.1,--,5,5550,卖盘
3,14:59:58,11.1,-0.01,190,211865,卖盘
4,14:59:53,11.11,--,88,97912,买盘
5,14:59:47,11.11,0.01,60,66660,买盘
6,14:59:43,11.1,--,229,254190,卖盘
7,14:59:38,11.1,-0.02,130,144300,卖盘
8,14:59:32,11.12,0.02,711,790632,买盘
9,14:59:28,11.1,-0.01,425,471750,卖盘
10,14:59:23,11.11,--,108,119988,买盘
11,14:59:17,11.11,--,10,11110,买盘
12,14:59:13,11.11,--,182,203035,卖盘
13,14:59:08,11.11,--,651,723538,卖盘
14,14:59:02,11.11,--,132,146652,卖盘
15,14:58:58,11.11,--,57,63327,卖盘
16,14:58:53,11.11,--,22,24442,卖盘
17,14:58:47,11.11,0.01,23,25553,中性盘
18,14:58:43,11.1,--,385,427350,卖盘
19,14:58:38,11.1,--,98,108780,卖盘
20,14:58:32,11.1,-0.01,435,482850,卖盘
21,14:58:28,11.11,--,60,66660,买盘
22,14:58:23,11.11,0.01,52,57772,买盘
23,14:58:17,11.1,--,32,35520,卖盘
24,14:58:13,11.1,-0.01,67,74370,卖盘
25,14:58:08,11.11,0.01,89,98879,买盘
26,14:58:02,11.1,--,66,73260,卖盘
27,14:57:58,11.1,--,95,105450,卖盘
28,14:57:53,11.1,0.01,396,439560,买盘
29,14:57:47,11.09,-0.01,332,368188,卖盘
30,14:57:43,11.1,--,568,630480,买盘
31,14:57:38,11.1,--,395,438450,买盘
32,14:57:32,11.1,--,65,72150,买盘
33,14:57:28,11.1,--,158,175380,买盘
34,14:57:23,11.1,--,39,43290,买盘
35,14:57:17,11.1,--,1,1110,买盘
36,14:57:13,11.1,0.01,179,198690,买盘
37,14:57:08,11.09,-0.01,194,215146,卖盘
38,14:57:02,11.1,--,205,227550,买盘
39,14:56:58,11.1,-0.01,205,227550,卖盘
40,14:56:53,11.11,--,555,616605,买盘
41,14:56:47,11.11,0.01,16,17776,买盘
42,14:56:43,11.1,0.01,246,273060,买盘
43,14:56:38,11.09,--,358,397022,卖盘
44,14:56:32,11.09,--,2037,2259033,卖盘
45,14:56:28,11.09,-0.01,637,706433,卖盘
46,14:56:23,11.1,0.01,33,36630,买盘
47,14:56:17,11.09,--,65,72085,买盘
48,14:56:13,11.09,--,256,283904,卖盘
49,14:56:08,11.09,--,181,200729,买盘
50,14:56:02,11.09,--,666,738594,买盘
51,14:55:58,11.09,-0.01,1204,1335236,卖盘
52,14:55:53,11.1,--,189,209790,买盘
53,14:55:47,11.1,--,6,6660,买盘
54,14:55:43,11.1,--,77,85470,买盘
55,14:55:38,11.1,--,431,478410,卖盘
56,14:55:32,11.1,--,208,230880,卖盘
57,14:55:28,11.1,-0.01,1072,1189920,卖盘
58,14:55:23,11.11,--,280,311080,买盘
59,14:55:17,11.11,-0.01,798,886578,卖盘
60,14:55:13,11.12,--,213,236855,买盘
61,14:55:08,11.12,--,158,175696,买盘
62,14:55:02,11.12,--,220,244639,买盘
63,14:54:56,11.12,--,39,43368,买盘
64,14:54:52,11.12,--,52,58657,卖盘
65,14:54:47,11.12,--,431,479271,卖盘
66,14:54:41,11.12,--,280,311360,卖盘
67,14:54:37,11.12,--,59,65608,卖盘
68,14:54:32,11.12,--,126,140112,卖盘
69,14:54:26,11.12,-0.01,506,562672,卖盘
70,14:54:22,11.13,--,96,106848,买盘
71,14:54:17,11.13,--,116,129108,买盘
72,14:54:11,11.13,-0.01,176,195888,卖盘
73,14:54:07,11.14,--,222,247308,买盘
74,14:54:02,11.14,0.01,294,327516,买盘
75,14:53:56,11.13,-0.01,32,35616,卖盘
76,14:53:52,11.14,--,108,120312,买盘
77,14:53:47,11.14,--,78,86892,买盘
78,14:53:41,11.14,--,24,26736,买盘
79,14:53:37,11.14,--,48,53472,买盘
80,14:53:32,11.14,-0.01,170,189380,卖盘
81,14:53:26,11.15,0.01,19,21185,买盘
82,14:53:22,11.14,--,113,125882,卖盘
83,14:53:17,11.14,-0.01,94,104716,卖盘
84,14:53:11,11.15,--,10,11150,买盘
85,14:53:07,11.15,--,828,923220,买盘
86,14:53:02,11.15,--,305,340075,卖盘
87,14:52:56,11.15,-0.01,504,561960,卖盘
88,14:52:52,11.16,0.01,27,30132,买盘
89,14:52:47,11.15,-0.01,278,309970,卖盘
90,14:52:41,11.16,--,22,24552,卖盘
91,14:52:37,11.16,-0.01,724,807984,卖盘
92,14:52:32,11.17,0.01,57,63669,买盘
93,14:52:26,11.16,--,3,3348,卖盘
94,14:52:22,11.16,-0.01,39,43524,卖盘
95,14:52:17,11.17,--,80,89360,买盘
96,14:52:11,11.17,0.01,15,16755,买盘
97,14:52:07,11.16,--,43,47988,卖盘
98,14:52:02,11.16,--,48,53568,卖盘
99,14:51:56,11.16,-0.01,45,50220,卖盘
100,14:51:52,11.17,--,16,17872,买盘
101,14:51:47,11.17,--,54,60318,买盘
102,14:51:41,11.17,0.01,65,72605,买盘
103,14:51:32,11.16,-0.01,92,102672,卖盘
104,14:51:26,11.17,-0.01,18,20106,卖盘
105,14:51:22,11.18,--,107,119626,买盘
106,14:51:17,11.18,0.01,166,185588,买盘
107,14:51:11,11.17,--,546,609882,卖盘
108,14:51:07,11.17,-0.01,45,50265,卖盘
109,14:51:02,11.18,0.01,63,70434,买盘
110,14:50:56,11.17,--,40,44680,买盘
111,14:50:52,11.17,--,68,75956,卖盘
112,14:50:47,11.17,--,53,59201,卖盘
113,14:50:41,11.17,--,2,2234,卖盘
114,14:50:37,11.17,0.01,312,348504,中性盘
115,14:50:32,11.16,-0.01,120,133920,卖盘
116,14:50:26,11.17,--,75,83775,卖盘
117,14:50:22,11.17,--,20,22340,卖盘
118,14:50:17,11.17,--,164,183188,卖盘
119,14:50:11,11.17,0.01,46,51382,买盘
120,14:50:07,11.16,-0.01,212,236592,卖盘
121,14:50:02,11.17,--,271,302707,买盘
122,14:49:56,11.17,--,60,67020,买盘
123,14:49:52,11.17,--,142,158614,买盘
124,14:49:47,11.17,--,292,326164,买盘
125,14:49:41,11.17,0.01,60,67020,买盘
126,14:49:37,11.16,-0.01,40,44640,卖盘
127,14:49:32,11.17,0.01,612,683604,买盘
128,14:49:26,11.16,-0.01,26,29016,卖盘
129,14:49:22,11.17,0.01,43,48031,买盘
130,14:49:17,11.16,--,4,4464,卖盘
131,14:49:11,11.16,--,239,266724,卖盘
132,14:49:07,11.16,--,78,87048,卖盘
133,14:49:01,11.16,--,21,23436,卖盘
134,14:48:56,11.16,--,48,53568,卖盘
135,14:48:52,11.16,-0.01,78,87048,卖盘
136,14:48:47,11.17,0.01,10,11170,买盘
137,14:48:41,11.16,-0.01,36,40176,卖盘
138,14:48:36,11.17,0.01,25,27925,买盘
139,14:48:26,11.16,--,107,119412,卖盘
140,14:48:21,11.16,--,6,6696,卖盘
141,14:48:11,11.16,-0.01,10,11160,卖盘
142,14:48:07,11.17,--,44,49148,买盘
143,14:48:01,11.17,--,3,3351,买盘
144,14:47:56,11.17,0.01,67,74839,买盘
145,14:47:52,11.16,-0.01,58,64728,卖盘
146,14:47:46,11.17,--,127,141859,卖盘
147,14:47:41,11.17,-0.01,512,571904,卖盘
148,14:47:35,11.18,0.01,61,68198,买盘
149,14:47:26,11.17,-0.01,134,149678,卖盘
150,14:47:20,11.18,0.01,57,63726,买盘
151,14:47:16,11.17,--,139,155263,卖盘
152,14:47:10,11.17,-0.01,74,82658,卖盘
153,14:47:01,11.18,--,18,20124,买盘
154,14:46:50,11.18,0.01,3,3354,买盘
155,14:46:46,11.17,-0.01,76,84892,卖盘
156,14:46:40,11.18,0.01,30,33540,买盘
157,14:46:35,11.17,--,11,12287,卖盘
158,14:46:31,11.17,-0.01,41,45797,卖盘
159,14:46:25,11.18,--,22,24596,买盘
160,14:46:20,11.18,--,6,6708,买盘
161,14:46:16,11.18,--,20,22360,买盘
162,14:46:10,11.18,--,3,3354,买盘
163,14:46:05,11.18,--,14,15652,买盘
164,14:46:01,11.18,--,79,88322,卖盘
165,14:45:55,11.18,0.01,6,6708,中性盘
166,14:45:50,11.17,-0.01,50,55850,卖盘
167,14:45:46,11.18,0.01,129,144222,买盘
168,14:45:40,11.17,-0.01,21,23457,卖盘
169,14:45:35,11.18,--,10,11180,买盘
170,14:45:31,11.18,--,49,54782,买盘
171,14:45:25,11.18,--,4,4472,买盘
172,14:45:20,11.18,--,37,41366,买盘
173,14:45:16,11.18,--,130,145340,买盘
174,14:45:10,11.18,--,1,1118,买盘
175,14:45:05,11.18,--,23,25714,买盘
176,14:45:01,11.18,-0.01,587,656266,卖盘
177,14:44:55,11.19,0.01,4,4476,买盘
178,14:44:50,11.18,--,37,41366,卖盘
179,14:44:46,11.18,-0.01,78,87204,卖盘
180,14:44:40,11.19,--,10,11190,买盘
181,14:44:35,11.19,0.01,32,35808,买盘
182,14:44:31,11.18,-0.01,21,23478,卖盘
183,14:44:25,11.19,--,33,36927,买盘
184,14:44:16,11.19,--,76,85044,卖盘
185,14:44:10,11.19,--,101,113019,卖盘
186,14:44:01,11.19,-0.01,100,111900,卖盘
187,14:43:55,11.2,0.01,55,61599,买盘
188,14:43:46,11.19,--,29,32451,卖盘
189,14:43:40,11.19,-0.01,65,72735,卖盘
190,14:43:35,11.2,0.01,30,33600,买盘
191,14:43:31,11.19,--,20,22380,卖盘
192,14:43:25,11.19,-0.01,20,22380,卖盘
193,14:43:16,11.2,0.01,244,273280,买盘
194,14:43:10,11.19,--,137,153303,卖盘
195,14:43:05,11.19,--,190,212610,买盘
196,14:43:01,11.19,--,58,64902,买盘
197,14:42:55,11.19,0.01,92,102948,买盘
198,14:42:46,11.18,-0.01,57,63726,卖盘
199,14:42:40,11.19,0.01,3,3357,买盘
200,14:42:31,11.18,-0.01,11,12298,卖盘
201,14:42:25,11.19,0.01,111,124209,买盘
202,14:42:20,11.18,-0.01,12,13416,卖盘
203,14:42:16,11.19,0.01,170,190230,买盘
204,14:42:10,11.18,--,100,111800,卖盘
205,14:42:01,11.18,--,50,55900,卖盘
206,14:41:50,11.18,--,20,22360,买盘
207,14:41:45,11.18,--,75,83850,买盘
208,14:41:40,11.18,0.01,49,54782,买盘
209,14:41:35,11.17,-0.01,103,115051,卖盘
210,14:41:25,11.18,0.01,66,73788,买盘
211,14:41:20,11.17,--,12,13404,买盘
212,14:41:15,11.17,0.01,14,15638,买盘
213,14:41:10,11.16,--,13,14508,卖盘
214,14:41:05,11.16,--,50,55800,卖盘
215,14:41:00,11.16,--,723,806868,买盘
216,14:40:55,11.16,--,17,18972,买盘
217,14:40:50,11.16,0.01,1,1116,买盘
218,14:40:45,11.15,--,228,254220,买盘
219,14:40:40,11.15,-0.02,57,63555,卖盘
220,14:40:35,11.17,0.02,61,68137,买盘
221,14:40:30,11.15,-0.01,104,115960,卖盘
222,14:40:25,11.16,0.01,508,566928,买盘
223,14:40:15,11.15,-0.01,80,89200,卖盘
224,14:40:10,11.16,0.02,10,11160,买盘
225,14:40:04,11.14,-0.02,515,573710,卖盘
226,14:39:55,11.16,-0.02,136,151776,卖盘
227,14:39:49,11.18,--,715,799370,买盘
228,14:39:44,11.18,--,42,46956,买盘
229,14:39:40,11.18,0.01,10,11180,买盘
230,14:39:34,11.17,-0.01,237,264729,卖盘
231,14:39:29,11.18,--,20,22360,卖盘
232,14:39:25,11.18,0.01,47,52546,卖盘
233,14:39:19,11.17,-0.01,92,102764,卖盘
234,14:39:14,11.18,0.01,13,14534,卖盘
235,14:39:10,11.17,-0.01,1269,1417473,卖盘
236,14:39:04,11.18,0.01,47,52546,买盘
237,14:38:55,11.17,-0.02,184,205528,卖盘
238,14:38:49,11.19,--,5,5595,买盘
239,14:38:40,11.19,--,993,1111167,卖盘
240,14:38:34,11.19,-0.01,21,23499,卖盘
241,14:38:25,11.2,--,2168,2428160,卖盘
242,14:38:19,11.2,--,5,5600,卖盘
243,14:38:14,11.2,--,60,67200,卖盘
244,14:38:10,11.2,--,21,23520,卖盘
245,14:38:04,11.2,-0.01,686,768320,卖盘
246,14:37:59,11.21,--,589,660975,卖盘
247,14:37:55,11.21,--,20,22420,卖盘
248,14:37:49,11.21,--,23,25783,卖盘
249,14:37:44,11.21,--,10,11210,卖盘
250,14:37:40,11.21,--,523,586708,卖盘
251,14:37:34,11.21,-0.01,4,4484,卖盘
252,14:37:25,11.22,0.01,10,11220,买盘
253,14:37:19,11.21,--,3,3363,卖盘
254,14:37:14,11.21,--,3,3363,卖盘
255,14:37:10,11.21,--,39,43719,卖盘
256,14:37:04,11.21,-0.01,233,261193,卖盘
257,14:36:59,11.22,--,25,29160,卖盘
258,14:36:55,11.22,--,26,29172,卖盘
259,14:36:49,11.22,--,50,56100,卖盘
260,14:36:40,11.22,-0.01,8,8976,卖盘
261,14:36:34,11.23,--,113,126899,卖盘
262,14:36:29,11.23,-0.01,32,35936,卖盘
263,14:36:25,11.24,0.01,27,30348,买盘
264,14:36:19,11.23,--,77,86471,卖盘
265,14:36:14,11.23,--,34,38182,卖盘
266,14:36:10,11.23,--,58,65134,卖盘
267,14:36:04,11.23,-0.01,105,117915,卖盘
268,14:35:55,11.24,0.01,47,52828,买盘
269,14:35:49,11.23,-0.01,53,59519,卖盘
270,14:35:44,11.24,--,61,68564,买盘
271,14:35:40,11.24,--,131,147244,卖盘
272,14:35:34,11.24,--,1,1124,卖盘
273,14:35:25,11.24,--,16,17984,卖盘
274,14:35:19,11.24,--,20,22480,卖盘
275,14:35:14,11.24,--,119,133756,买盘
276,14:35:04,11.24,--,3,3372,买盘
277,14:34:49,11.24,--,39,43836,买盘
278,14:34:44,11.24,--,33,37092,买盘
279,14:34:39,11.24,--,63,70812,卖盘
280,14:34:34,11.24,--,1,1124,卖盘
281,14:34:19,11.24,0.01,60,67440,买盘
282,14:34:09,11.23,--,1,1123,卖盘
283,14:34:04,11.23,-0.01,15,16845,卖盘
284,14:33:59,11.24,--,10,11240,买盘
285,14:33:54,11.24,--,64,71936,买盘
286,14:33:49,11.24,0.01,27,30348,买盘
287,14:33:24,11.23,--,25,28075,买盘
288,14:33:19,11.23,--,45,50535,买盘
289,14:33:04,11.23,0.01,253,284119,买盘
290,14:32:58,11.22,-0.01,1,1122,卖盘
291,14:32:54,11.23,--,6,6738,买盘
292,14:32:49,11.23,--,37,41551,买盘
293,14:32:39,11.23,--,9,10107,买盘
294,14:32:28,11.23,--,6,6738,卖盘
295,14:32:24,11.23,--,4,4492,买盘
296,14:32:19,11.23,--,94,105562,买盘
297,14:32:13,11.23,--,31,34813,买盘
298,14:32:08,11.23,0.01,3,3369,买盘
299,14:32:04,11.22,-0.01,1,1122,卖盘
300,14:31:58,11.23,0.01,127,142621,买盘
301,14:31:49,11.22,--,19,21318,卖盘
302,14:31:43,11.22,--,36,40392,卖盘
303,14:31:34,11.22,--,0,0,卖盘
304,14:31:28,11.22,-0.02,13,14586,卖盘
305,14:31:23,11.24,0.02,61,68564,买盘
306,14:31:19,11.22,-0.01,1111,1246542,卖盘
307,14:31:13,11.23,-0.01,24,26952,卖盘
308,14:31:08,11.24,--,0,0,买盘
309,14:31:04,11.24,0.02,16,17984,买盘
310,14:30:58,11.22,-0.01,180,201960,卖盘
311,14:30:53,11.23,0.01,175,196525,买盘
312,14:30:49,11.22,--,43,48246,卖盘
313,14:30:34,11.22,--,37,41514,卖盘
314,14:30:19,11.22,-0.01,5,5610,卖盘
315,14:30:13,11.23,-0.01,320,359360,卖盘
316,14:30:04,11.24,--,26,29224,买盘
317,14:29:53,11.24,--,17,19108,卖盘
318,14:29:49,11.24,--,90,101160,买盘
319,14:29:43,11.24,0.03,20,22480,买盘
320,14:29:34,11.21,--,0,0,卖盘
321,14:29:28,11.21,-0.03,1020,1143420,卖盘
322,14:29:23,11.24,--,46,51704,买盘
323,14:29:19,11.24,0.01,1,1124,买盘
324,14:29:13,11.23,--,1,1123,卖盘
325,14:29:08,11.23,--,31,34813,卖盘
326,14:29:04,11.23,--,60,67380,卖盘
327,14:28:58,11.23,-0.01,1,1123,卖盘
328,14:28:53,11.24,--,5,5620,买盘
329,14:28:49,11.24,--,100,112400,买盘
330,14:28:43,11.24,--,58,65192,卖盘
331,14:28:28,11.24,--,64,71936,买盘
332,14:28:23,11.24,0.01,10,11240,买盘
333,14:28:18,11.23,--,2,2246,卖盘
334,14:28:13,11.23,-0.02,11,12353,卖盘
335,14:28:03,11.25,0.02,20,22500,买盘
336,14:27:49,11.23,-0.01,238,267835,卖盘
337,14:27:23,11.24,-0.02,60,67777,卖盘
338,14:27:18,11.26,--,22,24772,买盘
339,14:27:13,11.26,0.01,6,6756,买盘
340,14:27:07,11.25,--,2,2250,卖盘
341,14:27:03,11.25,--,41,46125,卖盘
342,14:26:58,11.25,--,106,119531,卖盘
343,14:26:43,11.25,-0.01,40,45000,卖盘
344,14:26:37,11.26,0.01,106,119356,买盘
345,14:26:33,11.25,-0.01,15,16875,卖盘
346,14:26:22,11.26,0.01,155,174530,买盘
347,14:26:13,11.25,-0.01,5,5625,卖盘
348,14:26:07,11.26,0.01,5,5630,买盘
349,14:26:03,11.25,--,38,42750,卖盘
350,14:25:58,11.25,--,28,31500,卖盘
351,14:25:52,11.25,--,37,41625,卖盘
352,14:25:48,11.25,-0.01,7,7875,卖盘
353,14:25:43,11.26,--,76,85576,买盘
354,14:25:33,11.26,-0.01,13,14638,买盘
355,14:25:28,11.27,--,249,280634,买盘
356,14:25:22,11.27,0.01,54,60858,买盘
357,14:25:18,11.26,--,34,38284,卖盘
358,14:25:13,11.26,--,178,200428,卖盘
359,14:25:03,11.26,--,5,5630,卖盘
360,14:24:58,11.26,--,16,18016,卖盘
361,14:24:52,11.26,-0.01,5,5630,卖盘
362,14:24:43,11.27,0.01,63,71001,买盘
363,14:24:37,11.26,--,58,65308,卖盘
364,14:24:32,11.26,--,41,46166,卖盘
365,14:24:22,11.26,--,169,190294,卖盘
366,14:24:17,11.26,-0.01,2,2252,卖盘
367,14:24:12,11.27,0.01,16,18032,买盘
368,14:24:07,11.26,--,7,8163,卖盘
369,14:23:57,11.26,--,219,246594,卖盘
370,14:23:52,11.26,--,108,122441,买盘
371,14:23:47,11.26,0.01,5,5630,买盘
372,14:23:42,11.25,-0.01,245,275973,卖盘
373,14:23:37,11.26,0.01,37,41662,买盘
374,14:23:27,11.25,-0.01,40,45000,卖盘
375,14:23:22,11.26,0.01,133,149758,买盘
376,14:23:17,11.25,-0.01,5,5625,卖盘
377,14:23:07,11.26,--,96,108096,买盘
378,14:22:57,11.26,0.01,68,76568,买盘
379,14:22:52,11.25,-0.01,21,23625,卖盘
380,14:22:37,11.26,--,6,6756,买盘
381,14:22:32,11.26,--,6,6756,买盘
382,14:22:27,11.26,--,48,54374,卖盘
383,14:22:22,11.26,--,47,53766,卖盘
384,14:22:17,11.26,--,23,26415,卖盘
385,14:22:12,11.26,--,15,16890,卖盘
386,14:22:07,11.26,-0.01,20,22520,卖盘
387,14:22:02,11.27,0.01,6,6762,买盘
388,14:21:57,11.26,--,10,11541,卖盘
389,14:21:52,11.26,-0.01,3,3378,卖盘
390,14:21:47,11.27,--,2,2254,买盘
391,14:21:42,11.27,0.01,12,13524,买盘
392,14:21:37,11.26,--,20,22520,卖盘
393,14:21:32,11.26,--,1,1126,卖盘
394,14:21:27,11.26,-0.01,100,112600,卖盘
395,14:21:22,11.27,--,20,22540,买盘
396,14:21:17,11.27,0.01,33,37191,买盘
397,14:21:02,11.26,-0.01,8,9008,卖盘
398,14:20:57,11.27,--,6,6762,买盘
399,14:20:52,11.27,--,12,13524,买盘
400,14:20:47,11.27,--,20,22540,买盘
401,14:20:37,11.27,0.01,64,72128,买盘
402,14:20:32,11.26,-0.01,9,10134,卖盘
403,14:20:27,11.27,0.01,28,31556,买盘
404,14:20:22,11.26,-0.01,10,11260,卖盘
405,14:20:12,11.27,0.01,211,238078,买盘
406,14:20:07,11.26,--,10,11260,卖盘
407,14:19:57,11.26,--,23,25898,卖盘
408,14:19:46,11.26,-0.01,5,5630,卖盘
409,14:19:42,11.27,--,63,71001,买盘
410,14:19:37,11.27,--,94,105938,买盘
411,14:19:27,11.27,0.01,29,32683,买盘
412,14:19:22,11.26,-0.01,12,13512,卖盘
413,14:19:16,11.27,--,11,12397,买盘
414,14:19:12,11.27,--,52,58604,买盘
415,14:19:07,11.27,--,100,112700,买盘
416,14:18:57,11.27,--,18,20286,卖盘
417,14:18:52,11.27,-0.01,85,95795,卖盘
418,14:18:46,11.28,0.01,150,169200,买盘
419,14:18:42,11.27,-0.01,355,400085,卖盘
420,14:18:37,11.28,--,31,34968,买盘
421,14:18:31,11.28,--,3,3384,买盘
422,14:18:27,11.28,0.01,17,19176,买盘
423,14:18:22,11.27,-0.01,5,5635,卖盘
424,14:18:16,11.28,--,4,4512,买盘
425,14:18:12,11.28,0.01,99,111672,买盘
426,14:18:07,11.27,--,20,22540,卖盘
427,14:18:01,11.27,-0.01,55,61985,卖盘
428,14:17:57,11.28,0.01,8,9024,买盘
429,14:17:52,11.27,-0.01,76,85652,卖盘
430,14:17:46,11.28,0.01,15,16920,买盘
431,14:17:37,11.27,-0.01,37,41699,卖盘
432,14:17:31,11.28,0.01,189,213192,买盘
433,14:17:27,11.27,-0.01,7,7889,卖盘
434,14:17:22,11.28,--,46,51888,买盘
435,14:17:12,11.28,--,20,22560,买盘
436,14:17:07,11.28,--,28,31584,买盘
437,14:17:01,11.28,--,5,5640,买盘
438,14:16:57,11.28,--,86,97008,买盘
439,14:16:46,11.28,--,10,11280,买盘
440,14:16:41,11.28,0.01,102,115056,买盘
441,14:16:31,11.27,--,5,5635,卖盘
442,14:16:26,11.27,--,38,42826,卖盘
443,14:16:21,11.27,--,20,22540,卖盘
444,14:16:16,11.27,--,10,11270,卖盘
445,14:16:06,11.27,--,97,109319,买盘
446,14:16:01,11.27,--,3,3381,买盘
447,14:15:51,11.27,--,60,67620,买盘
448,14:15:46,11.27,--,42,47334,买盘
449,14:15:41,11.27,--,5,5635,买盘
450,14:15:36,11.27,0.01,38,42826,买盘
451,14:15:21,11.26,--,331,372706,买盘
452,14:15:16,11.26,0.01,65,73190,买盘
453,14:15:06,11.25,-0.01,10,11250,卖盘
454,14:15:01,11.26,0.01,21,23646,买盘
455,14:14:56,11.25,--,57,64125,卖盘
456,14:14:46,11.25,-0.01,13,14625,卖盘
457,14:14:41,11.26,--,2,2252,买盘
458,14:14:36,11.26,--,2,2252,买盘
459,14:14:31,11.26,0.01,136,153293,买盘
460,14:14:26,11.25,0.01,2,2250,买盘
461,14:14:21,11.24,--,190,213560,卖盘
462,14:14:16,11.24,-0.01,86,96664,卖盘
463,14:14:11,11.25,--,56,63000,买盘
464,14:14:06,11.25,0.01,50,56250,买盘
465,14:13:46,11.24,-0.01,37,41588,卖盘
466,14:13:41,11.25,--,49,55125,买盘
467,14:13:31,11.25,--,105,118125,买盘
468,14:13:16,11.25,--,2,2250,买盘
469,14:13:10,11.25,--,5,5625,买盘
470,14:13:06,11.25,--,30,33750,买盘
471,14:12:51,11.25,0.01,82,92250,买盘
472,14:12:40,11.24,-0.01,1,1124,卖盘
473,14:12:36,11.25,--,3,3375,买盘
474,14:12:31,11.25,--,16,18000,买盘
475,14:12:25,11.25,--,28,32467,卖盘
476,14:12:21,11.25,--,410,461407,卖盘
477,14:12:16,11.25,--,20,22500,卖盘
478,14:12:06,11.25,-0.01,13,14625,卖盘
479,14:12:01,11.26,--,10,11260,买盘
480,14:11:46,11.26,--,8,9008,买盘
481,14:11:40,11.26,--,10,11260,买盘
482,14:11:36,11.26,--,174,195924,卖盘
483,14:11:25,11.26,--,20,22520,卖盘
484,14:11:21,11.26,--,3,3378,卖盘
485,14:11:10,11.26,-0.01,29,33712,卖盘
486,14:11:06,11.27,0.01,401,451994,买盘
487,14:11:01,11.26,-0.01,38,42788,卖盘
488,14:10:51,11.27,--,89,100303,买盘
489,14:10:46,11.27,0.01,5,5635,买盘
490,14:10:40,11.26,-0.01,10,11260,卖盘
491,14:10:31,11.27,--,8,9016,买盘
492,14:10:25,11.27,0.01,2,2254,买盘
493,14:10:21,11.26,--,1,1126,卖盘
494,14:10:10,11.26,--,10,11260,卖盘
495,14:10:06,11.26,-0.01,20,22520,卖盘
496,14:09:55,11.27,0.01,2,2254,买盘
497,14:09:50,11.26,--,10,11260,买盘
498,14:09:46,11.26,--,20,22520,中性盘
499,14:09:40,11.26,-0.01,10,11260,买盘
500,14:09:36,11.27,--,0,0,买盘
501,14:09:31,11.27,--,17,19159,买盘
502,14:09:25,11.27,0.01,20,22540,买盘
503,14:09:21,11.26,--,15,17948,卖盘
504,14:09:10,11.26,-0.01,21,23646,卖盘
505,14:09:05,11.27,0.01,26,29302,买盘
506,14:09:00,11.26,-0.01,37,41662,卖盘
507,14:08:55,11.27,--,34,38318,买盘
508,14:08:45,11.27,0.01,90,101497,买盘
509,14:08:40,11.26,--,567,638442,卖盘
510,14:08:30,11.26,--,40,45040,卖盘
511,14:08:10,11.26,--,140,157640,卖盘
512,14:08:05,11.26,--,9,10134,卖盘
513,14:08:00,11.26,--,9,10134,卖盘
514,14:07:55,11.26,-0.01,2,2252,卖盘
515,14:07:50,11.27,0.01,30,33810,买盘
516,14:07:45,11.26,-0.02,10,11260,卖盘
517,14:07:40,11.28,0.01,78,87984,买盘
518,14:07:35,11.27,--,3,3381,买盘
519,14:07:30,11.27,-0.01,11,12960,卖盘
520,14:07:25,11.28,0.01,24,27072,买盘
521,14:07:15,11.27,-0.01,26,29302,卖盘
522,14:07:10,11.28,0.01,20,22560,买盘
523,14:07:05,11.27,--,69,77763,卖盘
524,14:07:00,11.27,--,229,258646,买盘
525,14:06:55,11.27,--,6,6762,买盘
526,14:06:49,11.27,--,14,15778,买盘
527,14:06:45,11.27,0.01,205,231035,买盘
528,14:06:40,11.26,0.01,148,166648,卖盘
529,14:06:19,11.25,--,0,0,卖盘
530,14:06:10,11.25,-0.02,50,56250,卖盘
531,14:06:04,11.27,--,118,133549,卖盘
532,14:06:00,11.27,--,210,236670,卖盘
533,14:05:49,11.27,0.02,1672,1884907,买盘
534,14:05:45,11.25,-0.01,5,5625,卖盘
535,14:05:30,11.26,--,15,16890,买盘
536,14:05:25,11.26,--,2,2252,买盘
537,14:05:15,11.26,--,13,14638,买盘
538,14:05:10,11.26,--,3,3378,买盘
539,14:05:04,11.26,--,31,34906,买盘
540,14:05:00,11.26,--,123,138498,卖盘
541,14:04:55,11.26,--,17,19142,卖盘
542,14:04:49,11.26,--,10,11260,卖盘
543,14:04:45,11.26,-0.01,48,54048,卖盘
544,14:04:40,11.27,0.01,341,384307,买盘
545,14:04:34,11.26,--,30,33780,买盘
546,14:04:30,11.26,--,53,59678,卖盘
547,14:04:25,11.26,--,25,28150,卖盘
548,14:04:15,11.26,0.01,10,11260,卖盘
549,14:04:10,11.25,-0.02,14,15750,卖盘
550,14:04:04,11.27,--,158,178066,买盘
551,14:04:00,11.27,0.01,4,4508,买盘
552,14:03:55,11.26,0.01,88,99088,卖盘
553,14:03:49,11.25,--,0,0,卖盘
554,14:03:45,11.25,-0.01,10,11250,卖盘
555,14:03:40,11.26,--,2,2252,中性盘
556,14:03:34,11.26,0.01,4,4504,买盘
557,14:03:30,11.25,--,256,288000,卖盘
558,14:03:15,11.25,--,55,61875,卖盘
559,14:03:10,11.25,-0.01,5,5625,卖盘
560,14:03:00,11.26,0.01,44,49544,买盘
561,14:02:45,11.25,-0.01,1,1125,卖盘
562,14:02:30,11.26,--,11,12386,买盘
563,14:02:25,11.26,--,92,103592,买盘
564,14:02:19,11.26,--,3,3378,买盘
565,14:02:15,11.26,--,13,14638,买盘
566,14:02:10,11.26,--,10,11260,买盘
567,14:02:04,11.26,--,37,41662,买盘
568,14:01:55,11.26,--,3,3378,买盘
569,14:01:49,11.26,0.01,2,2252,买盘
570,14:01:45,11.25,--,37,41625,卖盘
571,14:01:39,11.25,-0.01,40,45000,卖盘
572,14:01:34,11.26,--,23,25898,买盘
573,14:01:29,11.26,0.01,257,289382,买盘
574,14:01:24,11.25,-0.01,19,21375,卖盘
575,14:01:19,11.26,0.01,38,42788,买盘
576,14:01:14,11.25,-0.01,22,24750,卖盘
577,14:01:09,11.26,--,50,56300,买盘
578,14:01:04,11.26,--,40,45040,卖盘
579,14:00:54,11.26,-0.01,4,4504,卖盘
580,14:00:49,11.27,--,465,524055,卖盘
581,14:00:44,11.27,-0.01,64,72128,卖盘
582,14:00:39,11.28,--,225,253800,买盘
583,14:00:34,11.28,0.01,3,3384,买盘
584,14:00:29,11.27,-0.01,31,34937,卖盘
585,14:00:24,11.28,0.01,61,68808,买盘
586,14:00:19,11.27,-0.01,14,15778,卖盘
587,14:00:04,11.28,--,57,64431,卖盘
588,13:59:58,11.28,--,78,88976,买盘
589,13:59:54,11.28,--,19,21432,买盘
590,13:59:49,11.28,--,10,11280,买盘
591,13:59:39,11.28,--,249,281007,卖盘
592,13:59:34,11.28,--,199,224472,卖盘
593,13:59:28,11.28,--,19,21432,卖盘
594,13:59:24,11.28,-0.01,48,54144,卖盘
595,13:59:19,11.29,0.01,126,143247,买盘
596,13:59:09,11.28,-0.01,33,37224,买盘
597,13:59:04,11.29,0.01,532,600628,买盘
598,13:58:57,11.28,-0.01,118,133104,卖盘
599,13:58:54,11.29,0.01,29,32740,买盘
600,13:58:49,11.28,-0.01,7,7896,卖盘
601,13:58:43,11.29,--,64,72256,买盘
602,13:58:34,11.29,--,39,44031,买盘
603,13:58:24,11.29,0.01,105,118544,买盘
604,13:58:18,11.28,--,9,10152,卖盘
605,13:58:12,11.28,--,26,29328,卖盘
606,13:58:09,11.28,0.01,26,29328,买盘
607,13:58:03,11.27,-0.01,170,191590,卖盘
608,13:57:57,11.28,0.01,111,125208,买盘
609,13:57:43,11.27,--,107,120589,买盘
610,13:57:39,11.27,--,53,59731,买盘
611,13:57:33,11.27,--,218,245686,买盘
612,13:57:27,11.27,--,16,18032,买盘
613,13:57:24,11.27,0.02,71,80017,买盘
614,13:57:19,11.25,--,38,42750,卖盘
615,13:57:12,11.25,-0.01,1,1125,卖盘
616,13:57:09,11.26,--,110,123860,买盘
617,13:56:57,11.26,--,32,36032,买盘
618,13:56:54,11.26,0.01,27,30402,买盘
619,13:56:48,11.25,--,5,5625,卖盘
620,13:56:42,11.25,-0.01,20,22500,卖盘
621,13:56:39,11.26,0.01,200,225200,买盘
622,13:56:33,11.25,--,40,45000,卖盘
623,13:56:24,11.25,--,41,46968,买盘
624,13:56:09,11.25,--,57,64125,买盘
625,13:56:03,11.25,--,12,13500,买盘
626,13:55:48,11.25,--,13,14906,卖盘
627,13:55:38,11.25,-0.01,200,225000,卖盘
628,13:55:33,11.26,--,10,11260,买盘
629,13:55:27,11.26,--,58,65308,买盘
630,13:55:18,11.26,0.01,53,59678,买盘
631,13:55:12,11.25,--,80,90843,卖盘
632,13:55:08,11.25,-0.01,5,5625,卖盘
633,13:55:03,11.26,0.01,26,29276,买盘
634,13:54:57,11.25,0.01,62,69750,买盘
635,13:54:53,11.24,--,2,2248,卖盘
636,13:54:48,11.24,-0.01,36,40464,卖盘
637,13:54:38,11.25,--,34,38250,卖盘
638,13:54:33,11.25,--,10,11250,买盘
639,13:54:23,11.25,0.01,438,492750,买盘
640,13:54:18,11.24,-0.01,26,29224,卖盘
641,13:54:12,11.25,--,274,308250,买盘
642,13:54:08,11.25,0.01,4,4500,买盘
643,13:54:03,11.24,-0.01,20,22480,卖盘
644,13:53:57,11.25,0.01,19,21375,买盘
645,13:53:48,11.24,--,34,38216,卖盘
646,13:53:42,11.24,--,1,1124,卖盘
647,13:53:27,11.24,-0.01,98,110152,卖盘
648,13:53:18,11.25,--,27,30375,买盘
649,13:52:57,11.25,0.01,32,36000,买盘
650,13:52:51,11.24,-0.01,12,13488,卖盘
651,13:52:48,11.25,--,111,124875,卖盘
652,13:52:42,11.25,--,74,83250,卖盘
653,13:52:27,11.25,--,177,199125,买盘
654,13:52:18,11.25,--,6,6750,买盘
655,13:52:12,11.25,-0.01,342,384750,卖盘
656,13:52:03,11.26,--,1,1126,卖盘
657,13:51:57,11.26,0.01,47,52922,买盘
658,13:51:51,11.25,--,2,2250,卖盘
659,13:51:48,11.25,--,23,25875,卖盘
660,13:51:42,11.25,--,270,303750,卖盘
661,13:51:21,11.25,--,31,34875,中性盘
662,13:51:18,11.25,-0.01,60,67500,买盘
663,13:51:12,11.26,0.01,35,39410,买盘
664,13:51:06,11.25,--,38,42750,买盘
665,13:51:03,11.25,--,87,97875,买盘
666,13:50:57,11.25,0.01,40,45000,买盘
667,13:50:51,11.24,-0.01,19,21356,卖盘
668,13:50:48,11.25,--,85,95625,买盘
669,13:50:42,11.25,--,5,5625,买盘
670,13:50:27,11.25,0.01,10,11250,买盘
671,13:50:18,11.24,-0.01,15,16860,卖盘
672,13:50:12,11.25,--,30,33750,买盘
673,13:50:03,11.25,--,41,46125,买盘
674,13:49:57,11.25,0.01,122,137250,买盘
675,13:49:51,11.24,-0.01,89,100598,卖盘
676,13:49:48,11.25,--,22,24750,买盘
677,13:49:42,11.25,0.01,123,138375,中性盘
678,13:49:36,11.24,-0.01,56,62944,卖盘
679,13:49:33,11.25,--,108,121500,买盘
680,13:49:27,11.25,--,23,25875,买盘
681,13:49:21,11.25,--,121,136125,买盘
682,13:49:18,11.25,--,64,72000,买盘
683,13:49:12,11.25,--,4,4500,买盘
684,13:49:06,11.25,--,52,58500,买盘
685,13:49:03,11.25,-0.01,52,58500,卖盘
686,13:48:57,11.26,0.01,14,15764,买盘
687,13:48:48,11.25,0.01,162,182250,买盘
688,13:48:42,11.24,-0.01,5,5620,卖盘
689,13:48:36,11.25,0.01,48,54000,买盘
690,13:48:32,11.24,-0.01,20,22480,卖盘
691,13:48:27,11.25,--,50,56250,买盘
692,13:48:21,11.25,--,4,4500,买盘
693,13:48:17,11.25,0.02,4,4500,买盘
694,13:48:06,11.23,-0.02,511,573853,卖盘
695,13:48:02,11.25,0.01,18,20250,买盘
696,13:47:57,11.24,--,11,12364,卖盘
697,13:47:51,11.24,0.01,123,138690,买盘
698,13:47:47,11.23,-0.01,12,13476,卖盘
699,13:47:42,11.24,--,12,13488,买盘
700,13:47:36,11.24,0.01,12,13488,买盘
701,13:47:27,11.23,-0.01,5,5615,卖盘
702,13:47:17,11.24,0.01,36,40464,买盘
703,13:47:12,11.23,--,227,254921,买盘
704,13:47:06,11.23,--,47,52781,买盘
705,13:47:02,11.23,--,11,12353,买盘
706,13:46:57,11.23,0.01,71,79733,买盘
707,13:46:42,11.22,-0.01,17,19074,卖盘
708,13:46:27,11.23,--,103,115669,卖盘
709,13:46:15,11.23,-0.01,9,10107,卖盘
710,13:46:00,11.24,0.01,3,3372,买盘
711,13:45:57,11.23,-0.01,51,57273,卖盘
712,13:45:51,11.24,0.01,35,39340,买盘
713,13:45:42,11.23,--,4,4492,卖盘
714,13:45:30,11.23,--,23,25829,卖盘
715,13:45:27,11.23,-0.01,17,19091,卖盘
716,13:45:21,11.24,--,65,73060,买盘
717,13:45:15,11.24,0.01,2,2248,买盘
718,13:45:12,11.23,-0.01,6,6738,卖盘
719,13:45:06,11.24,0.01,2,2248,买盘
720,13:44:57,11.23,-0.01,21,23583,卖盘
721,13:44:51,11.24,--,69,77556,买盘
722,13:44:42,11.24,0.01,100,112400,买盘
723,13:44:36,11.23,-0.01,5,5615,卖盘
724,13:44:30,11.24,0.01,25,28100,买盘
725,13:44:21,11.23,-0.01,70,78610,卖盘
726,13:44:15,11.24,--,3,3372,买盘
727,13:44:00,11.24,--,44,50141,卖盘
728,13:43:57,11.24,--,1,1124,卖盘
729,13:43:51,11.24,--,114,128574,买盘
730,13:43:42,11.24,--,11,12364,买盘
731,13:43:36,11.24,0.01,15,16860,买盘
732,13:43:21,11.23,-0.01,23,25829,卖盘
733,13:43:12,11.24,0.01,26,29224,买盘
734,13:43:06,11.23,0.01,14,15722,买盘
735,13:42:57,11.22,--,1,1122,卖盘
736,13:42:51,11.22,-0.01,2,2244,卖盘
737,13:42:41,11.23,--,8,8984,买盘
738,13:42:36,11.23,--,2,2246,买盘
739,13:42:30,11.23,0.01,58,65134,买盘
740,13:42:26,11.22,--,34,38148,卖盘
741,13:42:15,11.22,-0.01,20,22440,卖盘
742,13:42:11,11.23,0.01,6,6738,买盘
743,13:42:06,11.22,--,1,1122,卖盘
744,13:41:56,11.22,-0.01,16,17952,卖盘
745,13:41:45,11.23,--,25,28075,买盘
746,13:41:41,11.23,--,15,16845,买盘
747,13:41:36,11.23,0.01,4,4492,买盘
748,13:41:26,11.22,--,35,39270,买盘
749,13:41:06,11.22,0.01,35,39270,买盘
750,13:41:00,11.21,-0.01,10,11210,卖盘
751,13:40:56,11.22,--,96,107712,卖盘
752,13:40:51,11.22,-0.01,45,50490,卖盘
753,13:40:45,11.23,0.01,5,5615,买盘
754,13:40:30,11.22,-0.01,12,13464,卖盘
755,13:40:06,11.23,-0.01,1,1123,卖盘
756,13:40:00,11.24,0.01,161,181649,买盘
757,13:39:56,11.23,--,6,6738,卖盘
758,13:39:51,11.23,--,52,58396,卖盘
759,13:39:45,11.23,--,50,56150,卖盘
760,13:39:41,11.23,--,1,1123,卖盘
761,13:39:36,11.23,--,9,10107,卖盘
762,13:39:30,11.23,--,270,303647,买盘
763,13:39:24,11.23,--,94,105562,买盘
764,13:39:21,11.23,0.01,156,175188,买盘
765,13:39:15,11.22,--,10,11220,卖盘
766,13:39:06,11.22,--,106,118932,卖盘
767,13:39:00,11.22,-0.01,1,1122,卖盘
768,13:38:54,11.23,0.01,3,3369,买盘
769,13:38:45,11.22,-0.01,35,39270,卖盘
770,13:38:36,11.23,0.01,10,11230,买盘
771,13:38:24,11.22,-0.01,10,11220,卖盘
772,13:38:21,11.23,0.01,3,3369,买盘
773,13:38:09,11.22,--,10,11220,卖盘
774,13:38:06,11.22,--,4,4488,卖盘
775,13:38:00,11.22,--,343,384846,买盘
776,13:37:51,11.22,--,200,224400,买盘
777,13:37:45,11.22,--,4,4488,买盘
778,13:37:30,11.22,--,10,11220,买盘
779,13:37:24,11.22,--,9,10098,买盘
780,13:37:15,11.22,--,43,48246,买盘
781,13:37:09,11.22,--,10,11220,买盘
782,13:37:06,11.22,--,22,24684,买盘
783,13:37:00,11.22,--,2,2244,买盘
784,13:36:51,11.22,--,21,23562,买盘
785,13:36:39,11.22,0.01,4,4488,买盘
786,13:36:36,11.21,--,11,12331,卖盘
787,13:36:30,11.21,--,25,28025,卖盘
788,13:36:24,11.21,--,6,6726,卖盘
789,13:36:21,11.21,--,6,6726,卖盘
790,13:36:15,11.21,--,2,2242,卖盘
791,13:36:09,11.21,0.01,39,43719,买盘
792,13:36:05,11.2,--,83,92960,卖盘
793,13:36:00,11.2,-0.01,21,23520,卖盘
794,13:35:50,11.21,--,10,11210,买盘
795,13:35:45,11.21,--,1,1121,买盘
796,13:35:39,11.21,0.01,3,3363,买盘
797,13:35:30,11.2,--,103,115359,卖盘
798,13:35:24,11.2,-0.02,50,56000,卖盘
799,13:35:20,11.22,0.01,10,11220,买盘
800,13:35:15,11.21,--,32,35872,买盘
801,13:35:09,11.21,--,20,22420,买盘
802,13:35:05,11.21,--,34,38114,买盘
803,13:35:00,11.21,--,4,4484,买盘
804,13:34:50,11.21,0.02,6,6726,买盘
805,13:34:45,11.19,-0.02,393,439767,卖盘
806,13:34:35,11.21,--,2,2242,买盘
807,13:34:30,11.21,--,1,1121,买盘
808,13:34:20,11.21,0.01,51,57171,买盘
809,13:34:15,11.2,-0.01,43,48160,卖盘
810,13:34:09,11.21,0.01,2,2242,买盘
811,13:34:05,11.2,-0.01,1,1120,卖盘
812,13:34:00,11.21,--,5,5605,买盘
813,13:33:54,11.21,--,3,3363,买盘
814,13:33:35,11.21,--,4,4484,买盘
815,13:33:20,11.21,--,42,47082,买盘
816,13:33:15,11.21,0.01,61,68381,买盘
817,13:33:09,11.2,--,90,100800,卖盘
818,13:33:05,11.2,-0.01,12,13440,卖盘
819,13:33:00,11.21,0.01,24,26904,买盘
820,13:32:54,11.2,--,4,4480,卖盘
821,13:32:50,11.2,--,43,48440,买盘
822,13:32:45,11.2,--,71,80360,卖盘
823,13:32:39,11.2,--,3,3360,卖盘
824,13:32:35,11.2,--,282,315840,卖盘
825,13:32:30,11.2,--,68,76440,买盘
826,13:32:24,11.2,--,59,66080,买盘
827,13:32:20,11.2,--,178,200200,卖盘
828,13:32:15,11.2,--,28,31359,卖盘
829,13:32:09,11.2,--,65,72800,卖盘
830,13:32:03,11.2,--,200,224000,卖盘
831,13:32:00,11.2,--,95,106400,卖盘
832,13:31:54,11.2,-0.01,12,13440,卖盘
833,13:31:45,11.21,0.01,243,272403,买盘
834,13:31:39,11.2,-0.01,51,57120,卖盘
835,13:31:33,11.21,0.01,85,95285,买盘
836,13:31:29,11.2,-0.01,344,385280,卖盘
837,13:31:24,11.21,0.01,95,106495,买盘
838,13:31:18,11.2,--,210,235479,卖盘
839,13:31:14,11.2,-0.01,303,339360,卖盘
840,13:31:09,11.21,0.01,41,45961,买盘
841,13:31:03,11.2,-0.01,32,35840,卖盘
842,13:30:59,11.21,--,207,232047,买盘
843,13:30:54,11.21,--,621,696141,卖盘
844,13:30:48,11.21,--,24,26904,卖盘
845,13:30:44,11.21,--,14,15694,卖盘
846,13:30:39,11.21,-0.01,140,156940,卖盘
847,13:30:33,11.22,0.01,20,22440,买盘
848,13:30:29,11.21,-0.01,27,30267,卖盘
849,13:30:24,11.22,0.01,1,1122,买盘
850,13:30:14,11.21,-0.01,21,23541,卖盘
851,13:30:09,11.22,--,5,5610,买盘
852,13:30:03,11.22,0.01,73,81906,买盘
853,13:29:59,11.21,-0.01,78,87438,卖盘
854,13:29:54,11.22,-0.01,40,44880,卖盘
855,13:29:48,11.23,0.01,2,2246,买盘
856,13:29:44,11.22,--,5,5610,卖盘
857,13:29:39,11.22,--,30,33660,卖盘
858,13:29:33,11.22,-0.01,49,54978,卖盘
859,13:29:29,11.23,--,15,16845,买盘
860,13:29:14,11.23,0.01,36,40428,买盘
861,13:29:09,11.22,--,4,4488,卖盘
862,13:29:03,11.22,--,10,11220,卖盘
863,13:28:59,11.22,-0.01,50,56100,卖盘
864,13:28:54,11.23,--,73,81979,买盘
865,13:28:44,11.23,0.01,1,1123,买盘
866,13:28:39,11.22,--,29,32538,卖盘
867,13:28:09,11.22,-0.01,1,1122,卖盘
868,13:28:03,11.23,0.01,3,3369,买盘
869,13:27:59,11.22,--,108,121176,买盘
870,13:27:44,11.22,--,4,4488,买盘
871,13:27:39,11.22,--,20,22440,买盘
872,13:27:33,11.22,--,35,39270,买盘
873,13:27:29,11.22,--,1,1122,买盘
874,13:27:18,11.22,-0.01,10,11220,买盘
875,13:27:14,11.23,--,0,0,买盘
876,13:27:09,11.23,--,149,167327,买盘
877,13:26:59,11.23,0.01,114,128022,买盘
878,13:26:54,11.22,--,23,25806,卖盘
879,13:26:44,11.22,--,4,4488,卖盘
880,13:26:39,11.22,--,22,24684,卖盘
881,13:26:33,11.22,--,10,11220,卖盘
882,13:26:29,11.22,--,42,47124,卖盘
883,13:26:18,11.22,-0.01,30,33660,卖盘
884,13:26:09,11.23,0.01,13,14599,买盘
885,13:25:59,11.22,--,27,30294,卖盘
886,13:25:44,11.22,-0.01,33,37026,卖盘
887,13:25:33,11.23,--,8,8984,买盘
888,13:25:29,11.23,--,96,108493,卖盘
889,13:25:24,11.23,-0.01,20,23302,卖盘
890,13:25:18,11.24,0.01,11,12364,买盘
891,13:25:14,11.23,--,12,13476,卖盘
892,13:25:09,11.23,-0.01,18,20214,卖盘
893,13:24:59,11.24,--,25,28100,买盘
894,13:24:54,11.24,0.01,5,5620,买盘
895,13:24:48,11.23,-0.01,50,56150,卖盘
896,13:24:39,11.24,0.01,4,4496,买盘
897,13:24:27,11.23,--,5,5615,卖盘
898,13:24:12,11.23,--,1,1123,卖盘
899,13:24:08,11.23,-0.01,13,14599,卖盘
900,13:24:03,11.24,0.01,51,57324,买盘
901,13:23:53,11.23,--,10,11230,卖盘
902,13:23:42,11.23,--,1,1123,卖盘
903,13:23:38,11.23,--,20,22460,卖盘
904,13:23:33,11.23,-0.01,105,117915,卖盘
905,13:23:27,11.24,0.01,11,12364,买盘
906,13:23:18,11.23,-0.01,11,12353,卖盘
907,13:23:08,11.24,0.01,9,10116,买盘
908,13:23:03,11.23,-0.01,30,33690,卖盘
909,13:22:53,11.24,0.01,4,4496,买盘
910,13:22:48,11.23,--,3,3369,卖盘
911,13:22:38,11.23,-0.01,17,19091,卖盘
912,13:22:23,11.24,0.01,3,3372,买盘
913,13:22:18,11.23,-0.01,2,2246,卖盘
914,13:22:12,11.24,0.01,5,5620,买盘
915,13:22:08,11.23,-0.01,6,6738,卖盘
916,13:21:53,11.24,0.01,105,118020,买盘
917,13:21:48,11.23,--,25,28075,卖盘
918,13:21:42,11.23,-0.01,118,133075,卖盘
919,13:21:38,11.24,0.01,94,106375,买盘
920,13:21:33,11.23,--,5,5615,卖盘
921,13:21:18,11.23,-0.01,51,57273,卖盘
922,13:21:08,11.24,--,91,102284,买盘
923,13:21:03,11.24,--,1,1124,买盘
924,13:20:57,11.24,0.01,28,31472,买盘
925,13:20:53,11.23,-0.02,253,284119,卖盘
926,13:20:48,11.25,0.01,12,13500,买盘
927,13:20:42,11.24,--,160,179840,卖盘
928,13:20:38,11.24,-0.01,200,224800,卖盘
929,13:20:33,11.25,0.01,200,225000,买盘
930,13:20:23,11.24,--,48,53952,卖盘
931,13:20:18,11.24,--,15,16860,卖盘
932,13:20:03,11.24,--,1,1124,卖盘
933,13:19:53,11.24,-0.01,16,17984,卖盘
934,13:19:27,11.25,--,322,362250,卖盘
935,13:19:18,11.25,-0.01,116,130500,卖盘
936,13:19:08,11.26,0.01,5,5630,买盘
937,13:19:03,11.25,-0.01,22,24750,卖盘
938,13:18:48,11.26,--,24,27024,买盘
939,13:18:42,11.26,--,3,3378,买盘
940,13:18:38,11.26,--,3,3378,买盘
941,13:18:33,11.26,--,15,16890,买盘
942,13:18:23,11.26,--,3,3378,买盘
943,13:18:18,11.26,--,1,1126,买盘
944,13:18:08,11.26,0.01,3,3378,买盘
945,13:18:03,11.25,-0.01,26,29250,卖盘
946,13:17:42,11.26,--,4,4504,买盘
947,13:17:38,11.26,--,53,59678,买盘
948,13:17:33,11.26,-0.01,156,175712,卖盘
949,13:17:23,11.27,0.01,163,183701,买盘
950,13:17:12,11.26,-0.01,460,517960,卖盘
951,13:17:06,11.27,--,22,24794,买盘
952,13:16:57,11.27,--,5,5635,买盘
953,13:16:47,11.27,--,22,24794,买盘
954,13:16:42,11.27,0.01,10,11270,买盘
955,13:16:32,11.26,--,3,4447,买盘
956,13:16:27,11.26,--,41,46166,买盘
957,13:16:17,11.26,--,113,127238,买盘
958,13:16:06,11.26,--,300,337800,买盘
959,13:16:02,11.26,0.01,124,139624,买盘
960,13:15:57,11.25,--,9,10125,卖盘
961,13:15:36,11.25,--,4,4500,买盘
962,13:15:32,11.25,--,40,45000,买盘
963,13:15:27,11.25,0.01,10,11250,买盘
964,13:15:21,11.24,-0.01,19,21356,卖盘
965,13:15:17,11.25,--,11,12375,买盘
966,13:15:12,11.25,--,10,11250,买盘
967,13:15:06,11.25,0.01,50,56250,买盘
968,13:14:57,11.24,--,59,66316,卖盘
969,13:14:51,11.24,0.01,16,18849,买盘
970,13:14:47,11.23,--,573,643479,卖盘
971,13:14:42,11.23,--,162,181926,卖盘
972,13:14:32,11.23,--,1,1123,卖盘
973,13:14:27,11.23,-0.01,2,2246,卖盘
974,13:14:21,11.24,--,3,3372,买盘
975,13:14:17,11.24,0.01,5,5620,买盘
976,13:14:12,11.23,-0.01,15,16845,卖盘
977,13:14:02,11.24,--,47,52828,买盘
978,13:13:57,11.24,--,4,4496,买盘
979,13:13:47,11.24,--,62,69688,买盘
980,13:13:32,11.24,--,2,2248,买盘
981,13:13:21,11.24,--,4,4496,买盘
982,13:13:17,11.24,0.01,4,4496,买盘
983,13:13:12,11.23,-0.01,14,15722,卖盘
984,13:12:27,11.24,--,34,38216,买盘
985,13:12:17,11.24,0.01,23,25852,买盘
986,13:12:06,11.23,-0.01,90,101350,卖盘
987,13:12:02,11.24,-0.01,61,68564,卖盘
988,13:11:47,11.25,0.01,1,1125,买盘
989,13:11:42,11.24,--,3,4215,买盘
990,13:11:32,11.24,--,5,5620,买盘
991,13:11:17,11.24,--,19,21356,买盘
992,13:11:12,11.24,--,20,22480,买盘
993,13:10:36,11.24,-0.01,13,14893,卖盘
994,13:10:31,11.25,--,5,5625,买盘
995,13:10:27,11.25,0.01,41,46125,买盘
996,13:10:21,11.24,--,24,26976,卖盘
997,13:10:12,11.24,--,10,11240,卖盘
998,13:09:56,11.24,--,5,5620,卖盘
999,13:09:45,11.24,0.01,13,15455,买盘
1000,13:09:41,11.23,-0.01,13,14599,卖盘
1001,13:09:36,11.24,--,164,184336,买盘
1002,13:09:20,11.24,0.01,30,33720,买盘
1003,13:09:11,11.23,--,36,40708,卖盘
1004,13:08:56,11.23,-0.01,2,2246,卖盘
1005,13:08:36,11.24,0.01,7,7868,买盘
1006,13:08:26,11.23,--,20,22460,卖盘
1007,13:08:06,11.23,--,2,2246,卖盘
1008,13:08:00,11.23,--,14,16002,买盘
1009,13:07:51,11.23,--,10,11230,买盘
1010,13:07:36,11.23,--,5,6457,卖盘
1011,13:07:29,11.23,--,1,1123,卖盘
1012,13:07:20,11.23,--,29,32567,卖盘
1013,13:07:14,11.23,-0.01,20,22460,卖盘
1014,13:07:11,11.24,0.01,4,4496,买盘
1015,13:07:00,11.23,-0.01,4,4492,卖盘
1016,13:06:51,11.24,0.01,30,33720,买盘
1017,13:06:45,11.23,--,87,97981,卖盘
1018,13:06:41,11.23,-0.01,11,12353,卖盘
1019,13:06:35,11.24,0.01,170,191080,买盘
1020,13:06:26,11.23,-0.02,227,254921,卖盘
1021,13:06:21,11.25,0.01,50,56250,买盘
1022,13:06:06,11.24,-0.01,24,26976,卖盘
1023,13:05:50,11.25,--,15,16875,买盘
1024,13:05:35,11.25,0.01,14,15750,买盘
1025,13:05:20,11.24,--,2,2248,卖盘
1026,13:05:14,11.24,--,40,44960,卖盘
1027,13:05:11,11.24,--,14,15736,卖盘
1028,13:04:59,11.24,--,25,28100,卖盘
1029,13:04:56,11.24,--,23,25852,卖盘
1030,13:04:40,11.24,--,121,136004,卖盘
1031,13:04:35,11.24,--,79,88796,卖盘
1032,13:04:29,11.24,--,6,6744,卖盘
1033,13:04:26,11.24,--,120,134880,卖盘
1034,13:04:20,11.24,--,20,22480,卖盘
1035,13:04:10,11.24,-0.01,15,16860,卖盘
1036,13:03:59,11.25,0.01,10,11250,买盘
1037,13:03:50,11.24,--,80,89920,卖盘
1038,13:03:44,11.24,--,6,6744,卖盘
1039,13:03:40,11.24,-0.01,2,2248,卖盘
1040,13:03:29,11.25,--,5,5625,买盘
1041,13:03:25,11.25,0.01,10,11250,买盘
1042,13:03:20,11.24,--,1,1124,卖盘
1043,13:03:14,11.24,-0.01,25,28100,卖盘
1044,13:03:10,11.25,0.01,34,38250,买盘
1045,13:02:55,11.24,--,33,37092,卖盘
1046,13:02:50,11.24,-0.01,55,61820,卖盘
1047,13:02:35,11.25,--,2,2250,买盘
1048,13:02:20,11.25,--,91,102375,卖盘
1049,13:02:14,11.25,--,2,2250,卖盘
1050,13:02:08,11.25,--,8,9000,卖盘
1051,13:02:05,11.25,--,10,11250,卖盘
1052,13:01:59,11.25,--,10,11250,卖盘
1053,13:01:44,11.25,--,6,6750,卖盘
1054,13:01:38,11.25,-0.01,4,4500,卖盘
1055,13:01:35,11.26,--,63,70994,卖盘
1056,13:01:29,11.26,--,20,22520,卖盘
1057,13:01:23,11.26,--,5,5630,卖盘
1058,13:01:14,11.26,-0.01,114,129433,卖盘
1059,13:01:08,11.27,0.01,18,20286,买盘
1060,13:01:05,11.26,--,8,9008,卖盘
1061,13:00:59,11.26,--,4,4504,卖盘
1062,13:00:50,11.26,-0.01,20,22520,卖盘
1063,13:00:44,11.27,--,0,0,买盘
1064,13:00:35,11.27,--,53,59731,买盘
1065,13:00:29,11.27,--,9,10143,买盘
1066,13:00:20,11.27,--,0,0,买盘
1067,13:00:14,11.27,--,10,11270,买盘
1068,13:00:08,11.27,--,19,21413,买盘
1069,13:00:05,11.27,--,756,852372,卖盘
1070,11:30:00,11.27,--,0,0,卖盘
1071,11:29:59,11.27,--,0,0,卖盘
1072,11:29:59,11.27,--,376,424518,买盘
1073,11:29:57,11.27,--,30,33810,买盘
1074,11:29:52,11.27,--,41,46207,买盘
1075,11:29:46,11.27,0.01,13,14651,买盘
1076,11:29:42,11.26,-0.01,12,13512,卖盘
1077,11:29:31,11.27,--,20,22540,买盘
1078,11:29:27,11.27,--,15,16905,买盘
1079,11:29:21,11.27,--,26,29302,买盘
1080,11:29:12,11.27,0.01,37,41699,买盘
1081,11:28:56,11.26,--,103,116541,买盘
1082,11:28:52,11.26,--,21,23646,买盘
1083,11:28:46,11.26,--,22,24772,买盘
1084,11:28:42,11.26,--,61,68686,买盘
1085,11:28:36,11.26,--,5,5630,买盘
1086,11:28:26,11.26,0.02,52,58552,买盘
1087,11:28:22,11.24,-0.01,93,104532,卖盘
1088,11:28:11,11.25,--,30,33750,买盘
1089,11:28:01,11.25,0.01,20,22500,买盘
1090,11:27:51,11.24,--,28,31472,买盘
1091,11:27:46,11.24,--,65,73060,买盘
1092,11:27:41,11.24,0.01,21,23604,买盘
1093,11:27:36,11.23,-0.01,265,297595,卖盘
1094,11:27:31,11.24,--,30,33720,买盘
1095,11:27:26,11.24,0.01,3,3372,买盘
1096,11:27:21,11.23,-0.01,3,3369,卖盘
1097,11:27:15,11.24,--,15,16860,买盘
1098,11:27:06,11.24,--,89,100036,买盘
1099,11:27:01,11.24,--,12,13488,买盘
1100,11:26:51,11.24,0.01,36,40464,买盘
1101,11:26:46,11.23,-0.01,10,11230,卖盘
1102,11:26:40,11.24,0.01,15,16860,买盘
1103,11:26:36,11.23,-0.01,15,16845,卖盘
1104,11:26:31,11.24,--,30,33720,买盘
1105,11:26:16,11.24,--,8,8992,买盘
1106,11:26:06,11.24,--,3,3372,卖盘
1107,11:26:01,11.24,--,62,69688,买盘
1108,11:25:51,11.24,--,22,24728,买盘
1109,11:25:39,11.24,0.01,1,1124,买盘
1110,11:25:30,11.23,--,23,25829,卖盘
1111,11:25:16,11.23,--,0,0,卖盘
1112,11:25:10,11.23,-0.02,10,11230,卖盘
1113,11:25:06,11.25,0.02,88,99000,买盘
1114,11:25:00,11.23,--,10,11230,卖盘
1115,11:24:54,11.23,--,0,0,卖盘
1116,11:24:51,11.23,-0.02,29,32567,卖盘
1117,11:24:46,11.25,--,1,1125,买盘
1118,11:24:40,11.25,0.01,48,54000,买盘
1119,11:24:36,11.24,--,86,96664,卖盘
1120,11:24:30,11.24,-0.01,50,56200,卖盘
1121,11:24:00,11.25,0.01,10,11250,买盘
1122,11:23:51,11.24,--,177,198948,卖盘
1123,11:23:45,11.24,-0.01,400,449600,卖盘
1124,11:23:36,11.25,--,32,36000,卖盘
1125,11:23:30,11.25,--,28,31500,买盘
1126,11:23:21,11.25,--,200,225000,买盘
1127,11:23:00,11.25,--,24,27000,买盘
1128,11:22:45,11.25,0.01,3,3375,买盘
1129,11:22:36,11.24,-0.01,4,4496,卖盘
1130,11:22:30,11.25,--,81,91125,买盘
1131,11:22:20,11.25,--,12,13500,买盘
1132,11:22:09,11.25,0.01,1,1125,买盘
1133,11:22:06,11.24,-0.01,7,7868,卖盘
1134,11:21:51,11.25,--,2,2250,买盘
1135,11:21:45,11.25,0.01,3,3375,买盘
1136,11:21:36,11.24,--,38,42712,卖盘
1137,11:21:30,11.24,--,70,78680,卖盘
1138,11:21:24,11.24,-0.01,56,62944,卖盘
1139,11:21:05,11.25,--,5,5625,买盘
1140,11:21:00,11.25,--,2,2250,买盘
1141,11:20:54,11.25,--,18,20250,买盘
1142,11:20:45,11.25,0.01,22,24750,买盘
1143,11:20:30,11.24,-0.01,2,2248,卖盘
1144,11:20:15,11.25,0.01,111,124875,买盘
1145,11:20:09,11.24,--,5,5620,买盘
1146,11:20:05,11.24,0.01,18,20232,买盘
1147,11:20:00,11.23,-0.01,2,2246,卖盘
1148,11:19:54,11.24,--,2,2248,买盘
1149,11:19:45,11.24,0.01,16,17984,买盘
1150,11:19:33,11.23,--,14,15722,卖盘
1151,11:19:24,11.23,-0.01,35,39305,卖盘
1152,11:19:09,11.24,--,26,29224,买盘
1153,11:19:00,11.24,0.01,10,11240,买盘
1154,11:18:54,11.23,-0.01,80,89840,卖盘
1155,11:18:48,11.24,--,2,2248,买盘
1156,11:18:45,11.24,--,21,23604,买盘
1157,11:18:39,11.24,0.01,46,51704,买盘
1158,11:18:30,11.23,-0.01,20,22460,卖盘
1159,11:18:24,11.24,0.01,32,35968,买盘
1160,11:18:18,11.23,-0.01,16,17968,卖盘
1161,11:18:15,11.24,--,2,2248,买盘
1162,11:18:00,11.24,--,1,1124,买盘
1163,11:17:54,11.24,--,1,1124,买盘
1164,11:17:33,11.24,--,4,4496,买盘
1165,11:17:30,11.24,-0.01,461,518164,卖盘
1166,11:17:24,11.25,--,1,1125,买盘
1167,11:17:18,11.25,--,21,23625,卖盘
1168,11:17:15,11.25,-0.01,1,1125,卖盘
1169,11:17:09,11.26,0.01,2,2252,买盘
1170,11:17:00,11.25,-0.01,4,4500,卖盘
1171,11:16:54,11.26,--,0,0,买盘
1172,11:16:48,11.26,--,2,2252,买盘
1173,11:16:45,11.26,0.02,38,42788,买盘
1174,11:16:39,11.24,--,27,30348,卖盘
1175,11:16:30,11.24,-0.01,170,191080,卖盘
1176,11:16:24,11.25,--,273,307125,买盘
1177,11:16:15,11.25,--,38,42750,买盘
1178,11:16:09,11.25,--,87,97875,卖盘
1179,11:15:48,11.25,--,39,43875,买盘
1180,11:15:45,11.25,--,5,5625,买盘
1181,11:15:39,11.25,--,124,139500,买盘
1182,11:15:33,11.25,--,2,2250,买盘
1183,11:15:24,11.25,--,54,60750,买盘
1184,11:15:15,11.25,--,130,146250,买盘
1185,11:15:03,11.25,--,18,20250,买盘
1186,11:14:59,11.25,--,19,21375,买盘
1187,11:14:54,11.25,--,4,4500,买盘
1188,11:14:44,11.25,0.01,21,23625,买盘
1189,11:14:39,11.24,-0.01,13,14612,卖盘
1190,11:14:33,11.25,--,6,6750,买盘
1191,11:14:29,11.25,--,2,2250,买盘
1192,11:14:24,11.25,--,20,22500,买盘
1193,11:14:18,11.25,--,26,29250,买盘
1194,11:14:09,11.25,--,46,51750,买盘
1195,11:13:59,11.25,0.01,1,1125,买盘
1196,11:13:54,11.24,0.01,1,1124,中性盘
1197,11:13:48,11.23,--,9,10107,买盘
1198,11:13:44,11.23,-0.02,27,30321,卖盘
1199,11:13:39,11.25,--,5,5625,买盘
1200,11:13:29,11.25,0.02,22,24750,买盘
1201,11:13:24,11.23,--,8,8984,卖盘
1202,11:13:14,11.23,--,5,5615,卖盘
1203,11:13:09,11.23,-0.02,40,44920,卖盘
1204,11:13:03,11.25,--,3,3375,买盘
1205,11:12:48,11.25,--,8,9000,买盘
1206,11:12:44,11.25,--,25,28125,买盘
1207,11:12:39,11.25,--,0,0,买盘
1208,11:12:33,11.25,0.03,17,19125,买盘
1209,11:12:27,11.22,-0.02,100,112200,卖盘
1210,11:12:24,11.24,-0.01,20,22480,中性盘
1211,11:12:18,11.25,--,2,2250,买盘
1212,11:12:09,11.25,0.02,50,56250,买盘
1213,11:12:03,11.23,-0.01,96,107808,卖盘
1214,11:11:48,11.24,0.01,49,55076,买盘
1215,11:11:39,11.23,--,10,11230,卖盘
1216,11:11:24,11.23,-0.01,21,23583,卖盘
1217,11:11:18,11.24,--,1,1124,买盘
1218,11:11:09,11.24,--,0,0,买盘
1219,11:11:03,11.24,--,2,2248,买盘
1220,11:10:57,11.24,--,16,17984,买盘
1221,11:10:48,11.24,--,20,22480,买盘
1222,11:10:42,11.24,0.02,1,1124,买盘
1223,11:10:39,11.22,-0.02,69,77418,卖盘
1224,11:10:33,11.24,--,0,0,买盘
1225,11:10:18,11.24,0.01,58,65192,买盘
1226,11:10:12,11.23,0.01,20,22460,买盘
1227,11:10:09,11.22,--,769,862818,卖盘
1228,11:10:03,11.22,--,48,53856,卖盘
1229,11:09:57,11.22,--,23,25806,卖盘
1230,11:09:48,11.22,-0.01,15,16830,卖盘
1231,11:09:39,11.23,--,4,4492,买盘
1232,11:09:33,11.23,--,24,27513,买盘
1233,11:09:27,11.23,--,25,28075,买盘
1234,11:09:24,11.23,--,17,19091,买盘
1235,11:09:18,11.23,-0.01,2,2807,卖盘
1236,11:09:09,11.24,--,258,289992,买盘
1237,11:09:03,11.24,0.01,21,23604,买盘
1238,11:08:54,11.23,--,12,14037,买盘
1239,11:08:48,11.23,-0.01,2,2246,卖盘
1240,11:08:39,11.24,--,62,69688,买盘
1241,11:08:33,11.24,--,18,20232,买盘
1242,11:08:27,11.24,-0.01,97,109028,卖盘
1243,11:08:24,11.25,0.01,31,34875,买盘
1244,11:08:09,11.24,--,11,12364,卖盘
1245,11:08:03,11.24,--,2,2248,卖盘
1246,11:07:57,11.24,0.02,207,232668,买盘
1247,11:07:53,11.22,--,340,381480,卖盘
1248,11:07:48,11.22,-0.01,63,70686,卖盘
1249,11:07:42,11.23,0.01,82,92086,买盘
1250,11:07:38,11.22,-0.01,5,5610,卖盘
1251,11:07:23,11.23,--,1,1123,买盘
1252,11:07:18,11.23,--,31,34813,买盘
1253,11:07:08,11.23,--,18,20214,买盘
1254,11:07:03,11.23,--,2,2246,买盘
1255,11:06:53,11.23,0.01,18,20214,买盘
1256,11:06:48,11.22,--,62,69564,买盘
1257,11:06:42,11.22,--,21,23562,买盘
1258,11:06:33,11.22,--,165,185130,卖盘
1259,11:06:23,11.22,--,43,48246,卖盘
1260,11:06:12,11.22,--,18,20196,卖盘
1261,11:06:08,11.22,--,7,7854,买盘
1262,11:06:03,11.22,--,26,29172,买盘
1263,11:05:53,11.22,--,22,24684,买盘
1264,11:05:48,11.22,--,32,35904,买盘
1265,11:05:42,11.22,--,10,11220,买盘
1266,11:05:38,11.22,--,126,141372,卖盘
1267,11:05:33,11.22,--,26,29172,卖盘
1268,11:05:27,11.22,--,5,5610,卖盘
1269,11:05:21,11.22,--,76,85272,卖盘
1270,11:05:18,11.22,--,13,14586,卖盘
1271,11:05:12,11.22,0.01,146,163812,买盘
1272,11:05:06,11.21,--,101,113221,卖盘
1273,11:05:03,11.21,-0.01,16,17936,卖盘
1274,11:04:57,11.22,0.01,75,84150,买盘
1275,11:04:48,11.21,0.01,199,223079,买盘
1276,11:04:42,11.2,--,44,49280,卖盘
1277,11:04:36,11.2,-0.01,179,200480,卖盘
1278,11:04:33,11.21,0.01,24,26904,买盘
1279,11:04:27,11.2,-0.01,45,50400,卖盘
1280,11:04:21,11.21,--,31,34751,买盘
1281,11:04:18,11.21,0.01,14,15694,买盘
1282,11:04:12,11.2,-0.01,90,100800,卖盘
1283,11:04:06,11.21,0.01,14,15694,买盘
1284,11:04:03,11.2,--,16,17953,买盘
1285,11:03:57,11.2,--,33,36960,买盘
1286,11:03:51,11.2,--,10,11200,买盘
1287,11:03:48,11.2,--,93,105246,卖盘
1288,11:03:42,11.2,-0.02,118,132160,卖盘
1289,11:03:36,11.22,0.02,17,19074,买盘
1290,11:03:33,11.2,--,100,112000,卖盘
1291,11:03:27,11.2,-0.02,27,30239,卖盘
1292,11:03:21,11.22,0.02,202,226644,买盘
1293,11:03:18,11.2,--,95,106400,卖盘
1294,11:03:12,11.2,-0.01,55,61599,卖盘
1295,11:03:06,11.21,--,9,10089,买盘
1296,11:03:03,11.21,0.01,14,15694,中性盘
1297,11:02:57,11.2,-0.02,2113,2366929,卖盘
1298,11:02:51,11.22,0.01,3,3366,买盘
1299,11:02:48,11.21,-0.01,34,38114,卖盘
1300,11:02:42,11.22,--,160,179520,买盘
1301,11:02:36,11.22,--,25,28050,买盘
1302,11:02:33,11.22,--,10,11220,买盘
1303,11:02:27,11.22,--,32,35904,买盘
1304,11:02:18,11.22,--,173,194106,买盘
1305,11:02:12,11.22,--,447,501534,买盘
1306,11:02:06,11.22,0.01,3,3366,买盘
1307,11:02:03,11.21,-0.01,48,53808,卖盘
1308,11:01:57,11.22,0.01,140,157080,买盘
1309,11:01:51,11.21,-0.01,7,7847,卖盘
1310,11:01:48,11.22,0.01,452,507144,买盘
1311,11:01:42,11.21,--,118,132278,卖盘
1312,11:01:36,11.21,--,48,53808,卖盘
1313,11:01:33,11.21,--,400,448400,卖盘
1314,11:01:27,11.21,--,32,35872,卖盘
1315,11:01:21,11.21,-0.01,20,22420,卖盘
1316,11:01:17,11.22,0.01,22,24684,买盘
1317,11:01:12,11.21,-0.01,60,67260,卖盘
1318,11:01:06,11.22,0.01,17,19074,买盘
1319,11:01:03,11.21,-0.01,2,2242,卖盘
1320,11:00:57,11.22,--,280,314160,卖盘
1321,11:00:51,11.22,--,7,7854,卖盘
1322,11:00:47,11.22,--,634,711348,卖盘
1323,11:00:42,11.22,-0.01,301,337722,卖盘
1324,11:00:32,11.23,--,2,2246,买盘
1325,11:00:27,11.23,--,150,168450,卖盘
1326,11:00:21,11.23,--,24,26952,卖盘
1327,11:00:17,11.23,--,55,61765,卖盘
1328,11:00:12,11.23,--,310,348130,卖盘
1329,11:00:06,11.23,-0.01,67,75241,卖盘
1330,11:00:02,11.24,--,286,321464,卖盘
1331,10:59:57,11.24,-0.01,112,125888,卖盘
1332,10:59:51,11.25,0.01,21,23625,买盘
1333,10:59:47,11.24,-0.01,116,130384,卖盘
1334,10:59:21,11.25,0.01,2,2250,买盘
1335,10:59:17,11.24,-0.01,18,20232,卖盘
1336,10:59:12,11.25,0.01,54,60750,买盘
1337,10:59:06,11.24,--,11,12364,卖盘
1338,10:59:02,11.24,--,177,198948,卖盘
1339,10:58:57,11.24,-0.01,39,43836,卖盘
1340,10:58:47,11.25,0.01,38,42750,买盘
1341,10:58:42,11.24,-0.01,22,24728,卖盘
1342,10:58:32,11.25,--,28,31500,买盘
1343,10:58:21,11.25,--,23,25875,买盘
1344,10:58:17,11.25,0.01,60,67500,买盘
1345,10:58:12,11.24,-0.01,172,193328,卖盘
1346,10:58:06,11.25,0.01,31,34875,买盘
1347,10:57:51,11.24,--,29,32596,卖盘
1348,10:57:42,11.24,--,16,17984,卖盘
1349,10:57:36,11.24,-0.01,100,112400,卖盘
1350,10:57:27,11.25,0.01,3,3375,买盘
1351,10:57:11,11.24,-0.01,50,56200,卖盘
1352,10:57:06,11.25,0.01,20,22500,买盘
1353,10:56:57,11.24,0.01,2,2248,买盘
1354,10:56:51,11.23,-0.02,115,129145,卖盘
1355,10:56:45,11.25,0.01,22,24750,买盘
1356,10:56:41,11.24,--,14,15736,卖盘
1357,10:56:36,11.24,--,30,33720,卖盘
1358,10:56:30,11.24,-0.01,10,11240,卖盘
1359,10:56:27,11.25,--,23,25875,买盘
1360,10:56:15,11.25,-0.01,50,56250,买盘
1361,10:56:06,11.26,0.01,342,385092,买盘
1362,10:55:57,11.25,--,18,20250,卖盘
1363,10:55:45,11.25,--,2,2250,卖盘
1364,10:55:41,11.25,0.01,16,18000,买盘
1365,10:55:30,11.24,--,4,4496,卖盘
1366,10:55:26,11.24,--,18,20232,卖盘
1367,10:55:21,11.24,-0.01,222,249528,卖盘
1368,10:55:15,11.25,--,2,2250,卖盘
1369,10:55:11,11.25,-0.01,12,13500,卖盘
1370,10:55:06,11.26,0.01,10,11260,买盘
1371,10:54:51,11.25,-0.01,36,40500,卖盘
1372,10:54:45,11.26,--,5,5630,买盘
1373,10:54:41,11.26,--,15,16890,买盘
1374,10:54:36,11.26,0.01,31,34906,买盘
1375,10:54:30,11.25,--,23,25875,卖盘
1376,10:54:26,11.25,--,28,31500,卖盘
1377,10:54:21,11.25,-0.01,21,23625,卖盘
1378,10:54:06,11.26,0.01,15,16890,买盘
1379,10:54:00,11.25,-0.01,17,19125,卖盘
1380,10:53:56,11.26,0.01,30,33780,买盘
1381,10:53:51,11.25,--,28,31500,卖盘
1382,10:53:45,11.25,--,16,18000,卖盘
1383,10:53:41,11.25,--,182,204750,卖盘
1384,10:53:36,11.25,--,35,39375,卖盘
1385,10:53:30,11.25,--,2,2250,卖盘
1386,10:53:11,11.25,-0.01,116,130500,卖盘
1387,10:53:06,11.26,-0.01,16,18016,卖盘
1388,10:53:00,11.27,0.01,2,2254,买盘
1389,10:52:51,11.26,0.01,100,112600,卖盘
1390,10:52:45,11.25,--,0,0,卖盘
1391,10:52:41,11.25,-0.01,30,33750,卖盘
1392,10:52:36,11.26,0.01,320,360320,买盘
1393,10:52:30,11.25,-0.01,26,29250,卖盘
1394,10:52:26,11.26,--,20,22520,买盘
1395,10:52:21,11.26,--,2,2252,买盘
1396,10:52:11,11.26,0.01,32,36032,买盘
1397,10:52:06,11.25,--,1,1125,卖盘
1398,10:52:00,11.25,--,50,56250,卖盘
1399,10:51:56,11.25,-0.01,25,28125,卖盘
1400,10:51:51,11.26,0.01,2,2252,买盘
1401,10:51:45,11.25,--,588,661500,买盘
1402,10:51:41,11.25,0.01,16,18000,买盘
1403,10:51:36,11.24,-0.01,1,1124,卖盘
1404,10:51:30,11.25,0.01,120,135000,买盘
1405,10:51:26,11.24,-0.01,28,31472,卖盘
1406,10:51:21,11.25,0.01,114,128250,买盘
1407,10:51:11,11.24,-0.01,117,131508,卖盘
1408,10:51:06,11.25,--,20,22500,买盘
1409,10:50:56,11.25,--,135,151875,卖盘
1410,10:50:51,11.25,-0.01,17,19125,卖盘
1411,10:50:45,11.26,--,3,3378,买盘
1412,10:50:41,11.26,--,1,1126,买盘
1413,10:50:30,11.26,--,20,22520,买盘
1414,10:50:25,11.26,0.01,29,32654,买盘
1415,10:50:21,11.25,-0.01,18,20250,卖盘
1416,10:50:15,11.26,--,400,450400,买盘
1417,10:50:11,11.26,--,2,2252,买盘
1418,10:50:06,11.26,-0.01,28,31528,买盘
1419,10:50:00,11.27,0.01,59,66493,买盘
1420,10:49:54,11.26,--,37,41662,卖盘
1421,10:49:45,11.26,-0.01,140,157640,卖盘
1422,10:49:36,11.27,--,44,49588,买盘
1423,10:49:24,11.27,--,59,66493,买盘
1424,10:49:20,11.27,--,16,18967,卖盘
1425,10:49:15,11.27,--,68,76636,卖盘
1426,10:49:09,11.27,--,3,3381,卖盘
1427,10:49:05,11.27,--,64,72128,卖盘
1428,10:49:00,11.27,--,22,24794,卖盘
1429,10:48:54,11.27,--,88,99367,买盘
1430,10:48:50,11.27,--,3,3381,买盘
1431,10:48:45,11.27,--,129,145383,买盘
1432,10:48:39,11.27,--,836,942172,买盘
1433,10:48:35,11.27,0.01,2,2254,买盘
1434,10:48:30,11.26,--,42,47292,卖盘
1435,10:48:24,11.26,--,4,4504,卖盘
1436,10:48:20,11.26,--,56,63056,卖盘
1437,10:48:15,11.26,--,90,101340,卖盘
1438,10:48:05,11.26,--,82,92332,买盘
1439,10:48:00,11.26,--,50,56300,买盘
1440,10:47:50,11.26,--,5,5630,买盘
1441,10:47:45,11.26,--,4,4504,买盘
1442,10:47:39,11.26,--,10,11260,买盘
1443,10:47:35,11.26,--,16,18016,买盘
1444,10:47:30,11.26,-0.01,21,23646,卖盘
1445,10:47:24,11.27,--,19,21413,买盘
1446,10:47:20,11.27,0.01,97,109319,买盘
1447,10:47:15,11.26,--,3,3378,卖盘
1448,10:47:05,11.26,--,66,74316,买盘
1449,10:47:00,11.26,0.01,24,27024,买盘
1450,10:46:45,11.25,--,64,72000,买盘
1451,10:46:39,11.25,--,8,9000,买盘
1452,10:46:35,11.25,--,30,33750,买盘
1453,10:46:30,11.25,--,153,172125,买盘
1454,10:46:24,11.25,--,12,13500,买盘
1455,10:46:20,11.25,0.01,22,24750,买盘
1456,10:46:15,11.24,-0.01,51,57324,卖盘
1457,10:46:09,11.25,0.01,60,67500,买盘
1458,10:46:05,11.24,-0.01,16,17984,卖盘
1459,10:46:00,11.25,0.01,15,16875,买盘
1460,10:45:45,11.24,--,41,46084,卖盘
1461,10:45:35,11.24,--,189,212436,卖盘
1462,10:45:30,11.24,--,13,14612,卖盘
1463,10:45:20,11.24,--,38,42712,卖盘
1464,10:45:15,11.24,--,36,40464,卖盘
1465,10:45:09,11.24,--,2,2248,买盘
1466,10:45:05,11.24,0.01,1,1124,买盘
1467,10:45:00,11.23,--,9,10107,卖盘
1468,10:44:54,11.23,0.01,2,2246,中性盘
1469,10:44:50,11.22,-0.04,4,4488,卖盘
1470,10:44:45,11.26,0.05,116,130616,买盘
1471,10:44:39,11.21,--,0,0,卖盘
1472,10:44:35,11.21,-0.04,270,302670,卖盘
1473,10:44:30,11.25,0.04,941,1059412,买盘
1474,10:44:24,11.21,--,400,448400,卖盘
1475,10:44:20,11.21,--,99,110979,卖盘
1476,10:44:15,11.21,--,213,238773,卖盘
1477,10:44:05,11.21,-0.01,37,41477,卖盘
1478,10:44:00,11.22,--,37,41514,买盘
1479,10:43:54,11.22,0.01,5,5610,买盘
1480,10:43:50,11.21,0.01,55,61655,中性盘
1481,10:43:45,11.2,-0.02,124,138880,卖盘
1482,10:43:39,11.22,--,0,0,买盘
1483,10:43:35,11.22,--,335,375870,买盘
1484,10:43:30,11.22,--,20,22440,买盘
1485,10:43:24,11.22,--,72,80784,买盘
1486,10:43:20,11.22,0.01,670,751740,买盘
1487,10:43:15,11.21,-0.01,115,128915,卖盘
1488,10:43:09,11.22,--,39,43758,买盘
1489,10:43:05,11.22,-0.01,199,224388,卖盘
1490,10:43:00,11.23,--,261,293114,买盘
1491,10:42:50,11.23,0.01,102,114546,买盘
1492,10:42:45,11.22,--,58,65076,卖盘
1493,10:42:39,11.22,--,78,87516,卖盘
1494,10:42:35,11.22,--,26,29172,卖盘
1495,10:42:30,11.22,-0.01,188,210936,卖盘
1496,10:42:24,11.23,--,35,39305,买盘
1497,10:42:18,11.23,0.01,4,4492,中性盘
1498,10:42:14,11.22,-0.01,2055,2305710,卖盘
1499,10:42:09,11.23,0.01,581,652463,买盘
1500,10:42:00,11.22,-0.01,46,51612,卖盘
1501,10:41:45,11.23,0.01,244,274012,卖盘
1502,10:41:39,11.22,-0.01,625,701250,卖盘
1503,10:41:29,11.23,--,35,39305,卖盘
1504,10:41:24,11.23,-0.01,41,46043,卖盘
1505,10:41:18,11.24,0.01,333,374292,买盘
1506,10:41:14,11.23,--,142,159466,卖盘
1507,10:41:09,11.23,--,5,5615,卖盘
1508,10:41:03,11.23,-0.01,8,8984,卖盘
1509,10:40:59,11.24,0.01,77,86548,买盘
1510,10:40:54,11.23,-0.01,1,1123,卖盘
1511,10:40:48,11.24,--,16,17984,买盘
1512,10:40:44,11.24,--,3,3372,买盘
1513,10:40:39,11.24,--,61,68564,卖盘
1514,10:40:29,11.24,--,53,59572,卖盘
1515,10:40:24,11.24,--,109,122516,卖盘
1516,10:40:18,11.24,--,4,4496,卖盘
1517,10:40:14,11.24,--,23,25852,卖盘
1518,10:40:09,11.24,--,52,58448,卖盘
1519,10:40:03,11.24,-0.01,30,33720,卖盘
1520,10:39:59,11.25,--,48,54000,卖盘
1521,10:39:54,11.25,--,4,4500,卖盘
1522,10:39:48,11.25,-0.01,50,56250,卖盘
1523,10:39:44,11.26,--,73,82198,买盘
1524,10:39:39,11.26,0.01,22,24772,买盘
1525,10:39:33,11.25,--,209,235125,卖盘
1526,10:39:29,11.25,--,53,59625,卖盘
1527,10:39:24,11.25,-0.01,59,66375,卖盘
1528,10:39:18,11.26,--,9,10134,买盘
1529,10:39:14,11.26,--,27,30402,买盘
1530,10:39:03,11.26,0.01,50,56300,买盘
1531,10:38:59,11.25,-0.02,77,86625,卖盘
1532,10:38:54,11.27,0.01,30,33810,买盘
1533,10:38:44,11.26,-0.01,20,22520,卖盘
1534,10:38:39,11.27,--,1,1127,买盘
1535,10:38:29,11.27,0.01,200,225400,买盘
1536,10:38:24,11.26,--,29,32654,买盘
1537,10:38:18,11.26,--,9,10134,卖盘
1538,10:38:14,11.26,--,10,11260,卖盘
1539,10:38:09,11.26,--,30,33780,卖盘
1540,10:37:59,11.26,--,182,204932,卖盘
1541,10:37:53,11.26,-0.01,53,59678,卖盘
1542,10:37:48,11.27,--,66,74382,买盘
1543,10:37:39,11.27,--,71,80017,买盘
1544,10:37:29,11.27,0.01,19,21413,买盘
1545,10:37:24,11.26,0.01,20,22520,买盘
1546,10:37:18,11.25,--,0,0,卖盘
1547,10:37:14,11.25,--,30,33750,卖盘
1548,10:37:09,11.25,-0.01,6,6750,卖盘
1549,10:37:03,11.26,--,30,33780,买盘
1550,10:36:59,11.26,0.01,94,105844,买盘
1551,10:36:48,11.25,-0.01,27,30375,卖盘
1552,10:36:44,11.26,0.01,99,111474,买盘
1553,10:36:39,11.25,-0.02,33,37125,卖盘
1554,10:36:33,11.27,--,4,4508,买盘
1555,10:36:29,11.27,0.02,200,225400,买盘
1556,10:36:23,11.25,--,61,68625,卖盘
1557,10:36:18,11.25,-0.01,70,78750,卖盘
1558,10:36:14,11.26,--,28,31528,卖盘
1559,10:36:09,11.26,--,129,145254,卖盘
1560,10:35:59,11.26,--,2,2252,卖盘
1561,10:35:53,11.26,--,314,353564,卖盘
1562,10:35:48,11.26,-0.01,48,54048,卖盘
1563,10:35:44,11.27,0.01,137,154399,买盘
1564,10:35:39,11.26,-0.01,4,4504,卖盘
1565,10:35:32,11.27,--,30,33810,买盘
1566,10:35:29,11.27,0.01,20,22540,买盘
1567,10:35:24,11.26,--,20,22520,卖盘
1568,10:35:18,11.26,-0.01,80,90080,卖盘
1569,10:35:13,11.27,--,107,120589,买盘
1570,10:35:08,11.27,0.01,53,59731,买盘
1571,10:35:03,11.26,--,69,77694,买盘
1572,10:34:59,11.26,0.02,33,37158,买盘
1573,10:34:42,11.24,-0.01,63,70812,卖盘
1574,10:34:39,11.25,--,209,235125,买盘
1575,10:34:33,11.25,--,18,20250,买盘
1576,10:34:27,11.25,--,2,2250,买盘
1577,10:34:23,11.25,-0.01,25,28125,卖盘
1578,10:34:18,11.26,--,24,27024,买盘
1579,10:34:11,11.26,--,34,38284,卖盘
1580,10:34:08,11.26,0.01,50,56300,中性盘
1581,10:34:03,11.25,--,39,43875,卖盘
1582,10:33:57,11.25,--,1,1125,卖盘
1583,10:33:42,11.25,0.02,6,6750,买盘
1584,10:33:38,11.23,-0.02,1312,1474117,卖盘
1585,10:33:32,11.25,0.01,44,49500,买盘
1586,10:33:27,11.24,-0.02,75,84300,卖盘
1587,10:33:23,11.26,--,222,249972,买盘
1588,10:33:18,11.26,0.02,100,112600,买盘
1589,10:33:12,11.24,--,21,23604,卖盘
1590,10:33:08,11.24,-0.01,86,96664,卖盘
1591,10:33:02,11.25,0.01,304,342000,买盘
1592,10:32:53,11.24,-0.01,36,40464,卖盘
1593,10:32:47,11.25,0.02,117,131625,买盘
1594,10:32:41,11.23,-0.01,5,5615,卖盘
1595,10:32:38,11.24,0.01,10,11240,中性盘
1596,10:32:33,11.23,--,29,32567,卖盘
1597,10:32:27,11.23,-0.01,100,112300,卖盘
1598,10:32:23,11.24,--,15,16860,买盘
1599,10:32:17,11.24,0.02,41,46084,买盘
1600,10:32:12,11.22,--,10,11220,卖盘
1601,10:32:08,11.22,0.01,49,54978,卖盘
1602,10:32:03,11.21,-0.01,2163,2424723,卖盘
1603,10:31:56,11.22,--,51,57222,卖盘
1604,10:31:53,11.22,--,12,13464,卖盘
1605,10:31:47,11.22,--,76,85272,买盘
1606,10:31:41,11.22,--,215,241230,买盘
1607,10:31:38,11.22,--,249,279378,买盘
1608,10:31:32,11.22,--,230,258060,买盘
1609,10:31:26,11.22,0.01,39,43758,买盘
1610,10:31:23,11.21,-0.04,839,940519,卖盘
1611,10:31:17,11.25,0.02,142,159750,买盘
1612,10:31:11,11.23,-0.01,308,345884,卖盘
1613,10:31:08,11.24,0.01,60,67440,买盘
1614,10:31:02,11.23,--,5,5615,卖盘
1615,10:30:56,11.23,-0.01,100,112300,卖盘
1616,10:30:53,11.24,--,190,213560,卖盘
1617,10:30:47,11.24,--,74,83176,卖盘
1618,10:30:38,11.24,-0.03,1495,1680762,卖盘
1619,10:30:32,11.27,-0.01,322,362894,卖盘
1620,10:30:26,11.28,--,712,803136,卖盘
1621,10:30:23,11.28,-0.01,74,84374,卖盘
1622,10:30:17,11.29,--,142,160318,卖盘
1623,10:30:11,11.29,--,24,27095,卖盘
1624,10:30:08,11.29,--,125,141125,卖盘
1625,10:30:02,11.29,--,16,18064,卖盘
1626,10:29:56,11.29,-0.01,19,21451,卖盘
1627,10:29:53,11.3,--,127,143510,卖盘
1628,10:29:47,11.3,0.01,63,71190,卖盘
1629,10:29:41,11.29,--,0,0,卖盘
1630,10:29:38,11.29,--,69,77901,卖盘
1631,10:29:32,11.29,-0.01,645,728205,卖盘
1632,10:29:26,11.3,--,58,65540,买盘
1633,10:29:23,11.3,--,20,22600,买盘
1634,10:29:17,11.3,--,145,163850,卖盘
1635,10:29:11,11.3,--,10,11300,卖盘
1636,10:29:08,11.3,-0.01,78,88140,卖盘
1637,10:29:02,11.31,0.01,12,13572,买盘
1638,10:28:56,11.3,-0.02,307,346910,卖盘
1639,10:28:53,11.32,0.02,33,37356,买盘
1640,10:28:47,11.3,--,303,342390,卖盘
1641,10:28:38,11.3,--,40,45200,卖盘
1642,10:28:26,11.3,--,5,5650,卖盘
1643,10:28:22,11.3,--,469,529970,买盘
1644,10:28:17,11.3,0.01,41,46330,买盘
1645,10:28:11,11.29,--,1,1129,卖盘
1646,10:28:08,11.29,-0.03,509,574661,卖盘
1647,10:27:56,11.32,0.01,2,2264,卖盘
1648,10:27:52,11.31,-0.02,1000,1131000,卖盘
1649,10:27:47,11.33,0.01,200,226600,买盘
1650,10:27:41,11.32,--,1,1132,卖盘
1651,10:27:37,11.32,--,223,252436,买盘
1652,10:27:32,11.32,--,57,64524,买盘
1653,10:27:26,11.32,--,141,159612,买盘
1654,10:27:22,11.32,--,20,22640,买盘
1655,10:27:17,11.32,--,60,67920,买盘
1656,10:27:11,11.32,0.01,50,56600,卖盘
1657,10:27:02,11.31,--,0,0,卖盘
1658,10:26:56,11.31,-0.01,100,113100,卖盘
1659,10:26:50,11.32,--,12,13584,买盘
1660,10:26:47,11.32,0.01,5,5660,中性盘
1661,10:26:41,11.31,-0.02,143,161733,卖盘
1662,10:26:35,11.33,0.01,99,112167,买盘
1663,10:26:32,11.32,-0.01,1,1132,卖盘
1664,10:26:26,11.33,0.01,167,189211,买盘
1665,10:26:20,11.32,--,25,28300,卖盘
1666,10:26:11,11.32,--,36,40752,卖盘
1667,10:26:05,11.32,-0.01,60,67920,卖盘
1668,10:26:02,11.33,--,9,10197,买盘
1669,10:25:56,11.33,0.01,63,71379,买盘
1670,10:25:50,11.32,--,11,12452,买盘
1671,10:25:47,11.32,--,257,291784,卖盘
1672,10:25:32,11.32,-0.01,27,30564,卖盘
1673,10:25:26,11.33,--,157,177881,买盘
1674,10:25:17,11.33,--,67,75911,买盘
1675,10:25:11,11.33,--,24,27192,买盘
1676,10:25:05,11.33,0.01,26,29458,买盘
1677,10:25:02,11.32,-0.01,334,378088,卖盘
1678,10:24:56,11.33,0.01,5,5665,买盘
1679,10:24:50,11.32,--,6,6792,卖盘
1680,10:24:47,11.32,--,5,5660,卖盘
1681,10:24:41,11.32,-0.01,319,361108,卖盘
1682,10:24:35,11.33,0.01,94,106502,买盘
1683,10:24:32,11.32,--,77,87164,卖盘
1684,10:24:26,11.32,--,46,52072,卖盘
1685,10:24:20,11.32,--,281,318092,卖盘
1686,10:24:17,11.32,0.01,259,293459,买盘
1687,10:24:11,11.31,--,11,12441,卖盘
1688,10:24:05,11.31,-0.01,50,56550,卖盘
1689,10:24:02,11.32,--,36,40752,买盘
1690,10:23:56,11.32,--,131,148292,买盘
1691,10:23:50,11.32,0.01,100,113200,买盘
1692,10:23:47,11.31,-0.01,51,57681,卖盘
1693,10:23:41,11.32,0.01,40,45280,买盘
1694,10:23:35,11.31,-0.01,1,1131,卖盘
1695,10:23:32,11.32,--,21,23772,买盘
1696,10:23:26,11.32,0.01,197,223004,买盘
1697,10:23:20,11.31,-0.01,5,5655,卖盘
1698,10:23:17,11.32,--,18,20376,买盘
1699,10:23:11,11.32,0.01,23,26036,买盘
1700,10:23:05,11.31,--,43,48633,卖盘
1701,10:23:02,11.31,-0.01,36,40716,卖盘
1702,10:22:50,11.32,0.01,1,1132,买盘
1703,10:22:47,11.31,-0.01,32,36192,卖盘
1704,10:22:41,11.32,--,73,82636,买盘
1705,10:22:35,11.32,0.01,17,19244,买盘
1706,10:22:32,11.31,-0.01,23,26013,中性盘
1707,10:22:26,11.32,-0.01,408,462716,卖盘
1708,10:22:17,11.33,0.01,19,21527,买盘
1709,10:22:11,11.32,-0.01,30,33960,卖盘
1710,10:22:05,11.33,0.01,11,12463,买盘
1711,10:22:02,11.32,--,105,118860,卖盘
1712,10:21:50,11.32,--,52,58864,卖盘
1713,10:21:46,11.32,0.02,739,836819,买盘
1714,10:21:41,11.3,0.01,103,116390,买盘
1715,10:21:35,11.29,-0.01,400,451599,卖盘
1716,10:21:31,11.3,--,168,189840,买盘
1717,10:21:26,11.3,-0.01,664,750896,卖盘
1718,10:21:20,11.31,--,30,33930,买盘
1719,10:21:16,11.31,0.01,22,24882,买盘
1720,10:21:11,11.3,-0.02,54,61020,卖盘
1721,10:21:05,11.32,--,28,31696,买盘
1722,10:21:01,11.32,0.01,41,46412,买盘
1723,10:20:56,11.31,0.01,290,327990,买盘
1724,10:20:46,11.3,0.01,890,1006253,买盘
1725,10:20:41,11.29,--,1,1129,卖盘
1726,10:20:35,11.29,--,161,181994,买盘
1727,10:20:31,11.29,--,19,21451,买盘
1728,10:20:26,11.29,--,71,80159,买盘
1729,10:20:20,11.29,--,17,19193,买盘
1730,10:20:16,11.29,--,25,28224,卖盘
1731,10:20:11,11.29,--,235,265315,卖盘
1732,10:20:05,11.29,-0.01,415,468534,卖盘
1733,10:19:56,11.3,0.01,62,70060,买盘
1734,10:19:50,11.29,-0.01,21,23709,卖盘
1735,10:19:44,11.3,--,41,46330,买盘
1736,10:19:35,11.3,--,294,332220,卖盘
1737,10:19:29,11.3,--,193,218090,卖盘
1738,10:19:26,11.3,--,25,28250,卖盘
1739,10:19:20,11.3,--,125,141250,卖盘
1740,10:19:11,11.3,--,82,92660,卖盘
1741,10:19:05,11.3,--,11,12430,卖盘
1742,10:18:59,11.3,--,5,5650,卖盘
1743,10:18:56,11.3,--,50,56500,卖盘
1744,10:18:50,11.3,-0.02,55,62150,卖盘
1745,10:18:44,11.32,0.02,27,30564,买盘
1746,10:18:41,11.3,-0.02,11,12430,卖盘
1747,10:18:35,11.32,--,16,18112,买盘
1748,10:18:29,11.32,--,0,0,买盘
1749,10:18:26,11.32,0.02,388,439216,买盘
1750,10:18:20,11.3,-0.03,959,1084574,卖盘
1751,10:18:14,11.33,--,18,20394,买盘
1752,10:18:11,11.33,0.01,29,32857,买盘
1753,10:18:05,11.32,--,7,7924,卖盘
1754,10:17:59,11.32,-0.01,231,261492,卖盘
1755,10:17:56,11.33,0.01,36,40788,中性盘
1756,10:17:50,11.32,-0.02,21,23772,卖盘
1757,10:17:44,11.34,0.02,209,237006,买盘
1758,10:17:41,11.32,-0.01,47,53204,卖盘
1759,10:17:35,11.33,--,316,359025,卖盘
1760,10:17:29,11.33,-0.01,56,63448,卖盘
1761,10:17:26,11.34,0.01,283,320922,买盘
1762,10:17:20,11.33,--,249,282117,卖盘
1763,10:17:14,11.33,--,144,163152,卖盘
1764,10:17:11,11.33,--,217,245861,卖盘
1765,10:17:05,11.33,-0.01,11,12463,卖盘
1766,10:16:59,11.34,0.01,24,27216,买盘
1767,10:16:56,11.33,-0.01,20,22660,卖盘
1768,10:16:50,11.34,--,9,10206,买盘
1769,10:16:44,11.34,--,30,34020,买盘
1770,10:16:41,11.34,--,16,18144,买盘
1771,10:16:35,11.34,--,111,125874,卖盘
1772,10:16:29,11.34,-0.01,300,340200,卖盘
1773,10:16:26,11.35,--,11,12485,买盘
1774,10:16:20,11.35,0.01,313,355255,买盘
1775,10:16:10,11.34,-0.01,70,79380,卖盘
1776,10:16:05,11.35,--,30,34050,买盘
1777,10:15:59,11.35,--,111,125985,买盘
1778,10:15:56,11.35,--,47,53345,买盘
1779,10:15:50,11.35,--,14,15890,买盘
1780,10:15:44,11.35,--,35,39725,买盘
1781,10:15:40,11.35,0.01,47,53345,中性盘
1782,10:15:35,11.34,-0.01,55,62370,卖盘
1783,10:15:29,11.35,--,105,119175,卖盘
1784,10:15:26,11.35,-0.01,7,7945,卖盘
1785,10:15:20,11.36,0.01,59,67024,买盘
1786,10:15:14,11.35,--,3,3405,卖盘
1787,10:15:10,11.35,-0.01,252,286020,卖盘
1788,10:15:05,11.36,0.01,107,121552,买盘
1789,10:14:59,11.35,--,67,76045,买盘
1790,10:14:55,11.35,--,105,119175,买盘
1791,10:14:50,11.35,-0.01,21,23835,买盘
1792,10:14:44,11.36,--,0,0,买盘
1793,10:14:40,11.36,--,109,123824,买盘
1794,10:14:35,11.36,0.02,75,85200,买盘
1795,10:14:29,11.34,-0.02,432,489888,卖盘
1796,10:14:25,11.36,--,211,239696,卖盘
1797,10:14:20,11.36,--,314,356704,卖盘
1798,10:14:14,11.36,0.01,40,45440,买盘
1799,10:14:10,11.35,-0.01,252,286020,卖盘
1800,10:14:05,11.36,0.01,274,311264,买盘
1801,10:13:55,11.35,--,86,97610,卖盘
1802,10:13:50,11.35,-0.01,49,55615,卖盘
1803,10:13:44,11.36,0.01,23,26128,买盘
1804,10:13:40,11.35,-0.02,66,74910,卖盘
1805,10:13:35,11.37,--,1011,1149507,买盘
1806,10:13:29,11.37,0.01,59,67083,买盘
1807,10:13:25,11.36,-0.01,93,105648,中性盘
1808,10:13:20,11.37,0.01,108,122795,买盘
1809,10:13:14,11.36,-0.01,11,12496,卖盘
1810,10:13:10,11.37,--,74,84138,买盘
1811,10:13:05,11.37,0.01,360,409320,买盘
1812,10:12:59,11.36,-0.01,136,154496,卖盘
1813,10:12:55,11.37,0.01,475,540075,买盘
1814,10:12:50,11.36,0.02,1346,1529919,买盘
1815,10:12:44,11.34,--,28,31752,卖盘
1816,10:12:38,11.34,0.01,36,40824,买盘
1817,10:12:35,11.33,-0.01,1838,2082454,卖盘
1818,10:12:29,11.34,0.01,222,251748,买盘
1819,10:12:23,11.33,--,91,103103,卖盘
1820,10:12:20,11.33,-0.01,8,9064,卖盘
1821,10:12:08,11.34,--,51,57834,买盘
1822,10:12:05,11.34,--,99,112266,买盘
1823,10:11:59,11.34,--,30,34020,买盘
1824,10:11:53,11.34,--,123,139482,卖盘
1825,10:11:50,11.34,--,132,149688,卖盘
1826,10:11:44,11.34,--,171,193914,买盘
1827,10:11:38,11.34,--,207,234738,卖盘
1828,10:11:35,11.34,--,126,142884,卖盘
1829,10:11:29,11.34,-0.01,113,128142,卖盘
1830,10:11:23,11.35,0.01,45,51075,买盘
1831,10:11:20,11.34,--,325,368550,卖盘
1832,10:11:14,11.34,--,156,176904,卖盘
1833,10:11:08,11.34,-0.01,10,11340,卖盘
1834,10:11:05,11.35,0.01,48,54480,买盘
1835,10:10:59,11.34,-0.01,36,40824,卖盘
1836,10:10:53,11.35,0.01,10,11350,买盘
1837,10:10:50,11.34,-0.01,122,138348,卖盘
1838,10:10:44,11.35,0.01,615,698025,买盘
1839,10:10:38,11.34,0.01,152,172368,买盘
1840,10:10:35,11.33,-0.01,224,253792,卖盘
1841,10:10:29,11.34,--,151,171370,买盘
1842,10:10:23,11.34,0.01,225,255150,买盘
1843,10:10:20,11.33,--,42,47586,卖盘
1844,10:10:14,11.33,-0.01,491,556303,卖盘
1845,10:10:08,11.34,0.01,111,125874,买盘
1846,10:10:05,11.33,--,40,45320,买盘
1847,10:09:59,11.33,--,72,81576,买盘
1848,10:09:53,11.33,--,23,26059,买盘
1849,10:09:50,11.33,0.01,195,220935,买盘
1850,10:09:44,11.32,--,56,63392,卖盘
1851,10:09:38,11.32,--,126,142632,卖盘
1852,10:09:35,11.32,-0.01,452,511664,卖盘
1853,10:09:29,11.33,0.01,80,90640,买盘
1854,10:09:23,11.32,-0.01,36,40752,卖盘
1855,10:09:20,11.33,0.01,215,243595,买盘
1856,10:09:14,11.32,--,246,278472,卖盘
1857,10:09:08,11.32,-0.01,36,40752,卖盘
1858,10:09:05,11.33,0.01,30,33990,买盘
1859,10:08:59,11.32,--,161,182252,卖盘
1860,10:08:53,11.32,--,50,56600,卖盘
1861,10:08:49,11.32,--,43,48676,卖盘
1862,10:08:44,11.32,--,43,48676,卖盘
1863,10:08:38,11.32,-0.01,77,87164,卖盘
1864,10:08:34,11.33,--,123,139359,买盘
1865,10:08:29,11.33,0.01,110,124630,买盘
1866,10:08:23,11.32,-0.01,27,30564,卖盘
1867,10:08:19,11.33,--,60,67980,买盘
1868,10:08:14,11.33,0.01,54,61182,买盘
1869,10:08:08,11.32,-0.01,81,91692,卖盘
1870,10:08:04,11.33,0.01,191,216403,买盘
1871,10:07:59,11.32,--,191,216212,卖盘
1872,10:07:53,11.32,--,92,104144,卖盘
1873,10:07:49,11.32,--,506,573674,买盘
1874,10:07:44,11.32,--,324,366768,买盘
1875,10:07:38,11.32,--,250,283000,买盘
1876,10:07:34,11.32,--,331,374692,卖盘
1877,10:07:29,11.32,--,65,73580,卖盘
1878,10:07:23,11.32,-0.01,60,67920,卖盘
1879,10:07:19,11.33,0.01,13,14729,买盘
1880,10:07:14,11.32,-0.01,48,54336,卖盘
1881,10:07:08,11.33,0.01,4,4532,买盘
1882,10:07:04,11.32,0.01,54,61128,买盘
1883,10:06:59,11.31,--,121,136851,卖盘
1884,10:06:49,11.31,-0.02,194,219414,卖盘
1885,10:06:44,11.33,0.02,689,780637,买盘
1886,10:06:38,11.31,-0.01,25,28275,卖盘
1887,10:06:34,11.32,--,297,336204,买盘
1888,10:06:29,11.32,--,37,41884,买盘
1889,10:06:19,11.32,--,63,71316,买盘
1890,10:06:14,11.32,0.01,614,695274,买盘
1891,10:06:08,11.31,--,20,22620,买盘
1892,10:06:04,11.31,-0.01,1056,1195240,卖盘
1893,10:05:59,11.32,0.01,263,297716,买盘
1894,10:05:53,11.31,--,13,14703,卖盘
1895,10:05:49,11.31,-0.01,32,36192,卖盘
1896,10:05:44,11.32,0.01,621,702972,买盘
1897,10:05:38,11.31,--,182,206068,买盘
1898,10:05:32,11.31,--,37,41847,买盘
1899,10:05:29,11.31,0.01,3,3393,买盘
1900,10:05:14,11.3,-0.01,272,307360,卖盘
1901,10:05:08,11.31,0.01,18,20358,买盘
1902,10:05:02,11.3,-0.01,1,1130,卖盘
1903,10:04:59,11.31,0.01,206,232986,买盘
1904,10:04:53,11.3,--,4,4520,买盘
1905,10:04:47,11.3,0.01,1,1130,买盘
1906,10:04:44,11.29,-0.02,3,3386,卖盘
1907,10:04:38,11.31,0.02,61,68991,买盘
1908,10:04:32,11.29,-0.01,153,172737,卖盘
1909,10:04:28,11.3,--,394,445220,买盘
1910,10:04:23,11.3,--,110,124300,买盘
1911,10:04:17,11.3,0.01,50,56500,买盘
1912,10:04:14,11.29,--,62,70618,卖盘
1913,10:04:08,11.29,--,27,30482,卖盘
1914,10:04:02,11.29,--,2,2258,卖盘
1915,10:03:59,11.29,--,443,500384,买盘
1916,10:03:53,11.29,0.01,41,46289,买盘
1917,10:03:44,11.28,--,20,22560,卖盘
1918,10:03:38,11.28,0.01,982,1107696,买盘
1919,10:03:32,11.27,-0.01,5,5635,卖盘
1920,10:03:28,11.28,0.01,389,438792,买盘
1921,10:03:23,11.27,--,43,48461,卖盘
1922,10:03:17,11.27,--,112,126224,卖盘
1923,10:03:13,11.27,-0.01,7,8136,卖盘
1924,10:03:08,11.28,0.01,102,115056,买盘
1925,10:03:02,11.27,--,3,3381,卖盘
1926,10:02:58,11.27,--,10,11270,卖盘
1927,10:02:53,11.27,--,63,71001,卖盘
1928,10:02:43,11.27,0.01,73,82271,买盘
1929,10:02:38,11.26,--,154,173404,卖盘
1930,10:02:32,11.26,-0.01,3,3378,卖盘
1931,10:02:28,11.27,0.01,140,157780,买盘
1932,10:02:23,11.26,--,23,25898,卖盘
1933,10:02:17,11.26,--,152,171152,卖盘
1934,10:02:13,11.26,-0.01,65,73437,卖盘
1935,10:02:08,11.27,0.01,97,109566,买盘
1936,10:02:02,11.26,--,49,55174,卖盘
1937,10:01:58,11.26,--,94,105844,卖盘
1938,10:01:53,11.26,--,176,198176,卖盘
1939,10:01:47,11.26,--,49,55174,卖盘
1940,10:01:43,11.26,-0.01,225,253350,卖盘
1941,10:01:38,11.27,0.01,102,114954,买盘
1942,10:01:32,11.26,--,151,170026,卖盘
1943,10:01:28,11.26,--,197,221822,卖盘
1944,10:01:23,11.26,--,274,308524,卖盘
1945,10:01:17,11.26,--,45,50670,卖盘
1946,10:01:13,11.26,--,12,13759,卖盘
1947,10:01:08,11.26,--,2,2252,卖盘
1948,10:01:02,11.26,-0.01,5,5630,卖盘
1949,10:00:58,11.27,--,356,401369,卖盘
1950,10:00:53,11.27,--,1,1127,卖盘
1951,10:00:47,11.27,--,31,34937,卖盘
1952,10:00:43,11.27,--,17,19159,卖盘
1953,10:00:38,11.27,-0.01,15,16905,卖盘
1954,10:00:28,11.28,0.01,134,151152,买盘
1955,10:00:23,11.27,-0.01,392,442663,卖盘
1956,10:00:17,11.28,--,6,6768,卖盘
1957,10:00:13,11.28,--,62,70184,卖盘
1958,10:00:08,11.28,-0.01,169,190632,卖盘
1959,10:00:02,11.29,0.01,35,39515,买盘
1960,09:59:58,11.28,-0.01,58,65423,卖盘
1961,09:59:47,11.29,0.01,210,237089,买盘
1962,09:59:43,11.28,--,65,73320,卖盘
1963,09:59:38,11.28,--,473,533544,卖盘
1964,09:59:28,11.28,-0.01,150,169200,卖盘
1965,09:59:23,11.29,0.01,55,62094,买盘
1966,09:59:17,11.28,0.01,89,101113,买盘
1967,09:59:13,11.27,-0.01,105,118977,卖盘
1968,09:59:08,11.28,--,107,120696,卖盘
1969,09:59:02,11.28,--,217,244776,卖盘
1970,09:58:58,11.28,--,11,12893,买盘
1971,09:58:53,11.28,--,278,313584,买盘
1972,09:58:47,11.28,--,357,402696,买盘
1973,09:58:43,11.28,--,135,152280,买盘
1974,09:58:38,11.28,--,71,80088,买盘
1975,09:58:28,11.28,--,95,107160,买盘
1976,09:58:23,11.28,-0.01,314,354834,卖盘
1977,09:58:17,11.29,0.01,70,79030,买盘
1978,09:58:11,11.28,--,59,66788,卖盘
1979,09:58:08,11.28,--,100,112800,卖盘
1980,09:58:02,11.28,-0.01,794,895632,卖盘
1981,09:57:56,11.29,0.01,25,28224,买盘
1982,09:57:53,11.28,-0.01,21,23688,卖盘
1983,09:57:47,11.29,--,21,23709,买盘
1984,09:57:41,11.29,--,34,38386,买盘
1985,09:57:37,11.29,0.01,43,48546,买盘
1986,09:57:32,11.28,--,2,2256,卖盘
1987,09:57:26,11.28,-0.01,1,1128,卖盘
1988,09:57:22,11.29,--,81,91844,买盘
1989,09:57:17,11.29,--,74,83546,买盘
1990,09:57:11,11.29,--,18,20570,买盘
1991,09:57:07,11.29,--,43,49043,买盘
1992,09:57:02,11.29,--,10,11290,买盘
1993,09:56:56,11.29,0.01,36,40644,买盘
1994,09:56:52,11.28,--,285,321480,卖盘
1995,09:56:47,11.28,-0.01,141,159048,卖盘
1996,09:56:41,11.29,--,7,7902,买盘
1997,09:56:37,11.29,0.01,38,42902,买盘
1998,09:56:32,11.28,-0.01,270,304560,卖盘
1999,09:56:26,11.29,--,18,20322,买盘
2000,09:56:22,11.29,--,6,6773,买盘
2001,09:56:17,11.29,0.01,44,49675,买盘
2002,09:56:11,11.28,-0.01,41,46484,卖盘
2003,09:56:07,11.29,0.01,15,16935,买盘
2004,09:56:02,11.28,--,110,124080,卖盘
2005,09:55:56,11.28,--,19,21432,卖盘
2006,09:55:52,11.28,--,50,56400,卖盘
2007,09:55:47,11.28,--,249,280872,卖盘
2008,09:55:41,11.28,-0.01,50,56400,卖盘
2009,09:55:37,11.29,0.01,28,31611,买盘
2010,09:55:32,11.28,0.01,10,11280,卖盘
2011,09:55:26,11.27,-0.02,380,428260,卖盘
2012,09:55:22,11.29,0.01,18,20322,买盘
2013,09:55:17,11.28,0.01,75,84600,买盘
2014,09:55:11,11.27,--,41,46454,卖盘
2015,09:55:07,11.27,--,70,78890,卖盘
2016,09:55:02,11.27,-0.01,13,14651,卖盘
2017,09:54:56,11.28,0.01,6,6768,买盘
2018,09:54:52,11.27,-0.01,38,42826,卖盘
2019,09:54:47,11.28,0.01,27,30456,买盘
2020,09:54:41,11.27,--,43,48461,买盘
2021,09:54:37,11.27,--,124,139748,卖盘
2022,09:54:32,11.27,-0.01,77,86779,卖盘
2023,09:54:26,11.28,--,10,11280,买盘
2024,09:54:22,11.28,0.01,25,28200,买盘
2025,09:54:17,11.27,-0.01,1,1127,卖盘
2026,09:54:11,11.28,--,33,38047,卖盘
2027,09:54:07,11.28,--,133,150024,卖盘
2028,09:54:02,11.28,-0.01,199,224472,卖盘
2029,09:53:52,11.29,--,883,996906,买盘
2030,09:53:47,11.29,--,59,66611,买盘
2031,09:53:37,11.29,0.01,65,73385,买盘
2032,09:53:32,11.28,--,70,78960,卖盘
2033,09:53:26,11.28,--,25,28200,卖盘
2034,09:53:22,11.28,-0.01,12,13536,卖盘
2035,09:53:17,11.29,--,90,101609,买盘
2036,09:53:07,11.29,--,259,292411,卖盘
2037,09:53:02,11.29,--,355,400794,卖盘
2038,09:52:56,11.29,--,55,62094,卖盘
2039,09:52:52,11.29,--,22,24837,卖盘
2040,09:52:47,11.29,--,75,84979,买盘
2041,09:52:41,11.29,-0.01,98,111466,卖盘
2042,09:52:37,11.3,0.01,246,278285,买盘
2043,09:52:32,11.29,--,148,167758,卖盘
2044,09:52:26,11.29,--,44,49675,卖盘
2045,09:52:22,11.29,--,367,414342,卖盘
2046,09:52:17,11.29,--,112,126447,卖盘
2047,09:52:11,11.29,--,40,45397,卖盘
2048,09:52:07,11.29,--,160,180640,卖盘
2049,09:52:02,11.29,--,14,15805,卖盘
2050,09:51:56,11.29,--,60,67740,卖盘
2051,09:51:52,11.29,--,51,57578,卖盘
2052,09:51:47,11.29,--,33,37257,卖盘
2053,09:51:41,11.29,-0.02,18,20322,卖盘
2054,09:51:37,11.31,0.02,200,226200,买盘
2055,09:51:32,11.29,-0.01,55,62094,卖盘
2056,09:51:26,11.3,-0.01,916,1035984,卖盘
2057,09:51:22,11.31,0.01,130,147030,买盘
2058,09:51:17,11.3,-0.01,55,62150,卖盘
2059,09:51:11,11.31,--,27,30763,买盘
2060,09:51:02,11.31,--,494,559324,卖盘
2061,09:50:56,11.31,--,197,223327,卖盘
2062,09:50:50,11.31,--,25,28275,卖盘
2063,09:50:47,11.31,--,36,40716,卖盘
2064,09:50:41,11.31,--,20,22620,卖盘
2065,09:50:35,11.31,--,30,33930,卖盘
2066,09:50:32,11.31,-0.01,6,6786,卖盘
2067,09:50:26,11.32,0.01,8,9056,买盘
2068,09:50:20,11.31,-0.02,6,6786,卖盘
2069,09:50:17,11.33,0.01,740,838420,买盘
2070,09:50:11,11.32,--,45,51155,卖盘
2071,09:50:05,11.32,--,10,11320,卖盘
2072,09:50:01,11.32,--,228,258096,卖盘
2073,09:49:56,11.32,--,71,80372,卖盘
2074,09:49:50,11.32,--,20,22640,卖盘
2075,09:49:46,11.32,-0.01,53,59996,卖盘
2076,09:49:41,11.33,--,185,209605,买盘
2077,09:49:31,11.33,0.01,63,71379,买盘
2078,09:49:26,11.32,--,14,15848,卖盘
2079,09:49:20,11.32,--,2,2264,卖盘
2080,09:49:16,11.32,--,130,147160,卖盘
2081,09:49:11,11.32,--,56,63607,卖盘
2082,09:49:05,11.32,-0.01,158,178856,卖盘
2083,09:49:01,11.33,--,20,22660,买盘
2084,09:48:56,11.33,--,5,5665,买盘
2085,09:48:50,11.33,--,142,160886,买盘
2086,09:48:46,11.33,--,25,28325,买盘
2087,09:48:41,11.33,--,97,110399,卖盘
2088,09:48:35,11.33,--,1,1133,卖盘
2089,09:48:31,11.33,--,170,192610,卖盘
2090,09:48:26,11.33,--,35,39655,卖盘
2091,09:48:16,11.33,0.01,315,357529,买盘
2092,09:48:11,11.32,-0.01,51,57947,卖盘
2093,09:48:05,11.33,0.01,39,44187,买盘
2094,09:48:01,11.32,--,69,78108,卖盘
2095,09:47:56,11.32,0.01,168,190617,买盘
2096,09:47:46,11.31,-0.01,31,35061,卖盘
2097,09:47:41,11.32,0.01,74,83768,买盘
2098,09:47:35,11.31,--,10,11310,卖盘
2099,09:47:31,11.31,-0.01,100,113100,卖盘
2100,09:47:26,11.32,--,30,33960,买盘
2101,09:47:16,11.32,-0.01,152,172754,卖盘
2102,09:47:11,11.33,0.01,63,71594,买盘
2103,09:47:05,11.32,-0.01,313,354316,卖盘
2104,09:47:01,11.33,--,138,156354,买盘
2105,09:46:56,11.33,0.01,186,210738,买盘
2106,09:46:46,11.32,--,246,278472,卖盘
2107,09:46:41,11.32,-0.01,29,32828,卖盘
2108,09:46:35,11.33,--,56,63448,买盘
2109,09:46:31,11.33,--,35,39655,买盘
2110,09:46:26,11.33,0.01,11,12463,买盘
2111,09:46:20,11.32,-0.01,10,11320,卖盘
2112,09:46:16,11.33,--,110,124630,买盘
2113,09:46:11,11.33,--,6,6798,买盘
2114,09:46:05,11.33,-0.01,51,58496,卖盘
2115,09:46:01,11.34,0.01,64,72576,买盘
2116,09:45:56,11.33,--,102,115566,卖盘
2117,09:45:50,11.33,--,31,35123,卖盘
2118,09:45:46,11.33,--,49,55517,卖盘
2119,09:45:41,11.33,--,206,233817,买盘
2120,09:45:31,11.33,0.01,12,13596,买盘
2121,09:45:26,11.32,-0.01,172,194704,卖盘
2122,09:45:20,11.33,--,5,5665,买盘
2123,09:45:16,11.33,--,79,89507,买盘
2124,09:45:11,11.33,--,40,45320,买盘
2125,09:45:05,11.33,-0.01,33,38306,卖盘
2126,09:45:01,11.34,0.01,750,850500,买盘
2127,09:44:56,11.33,-0.02,100,113300,卖盘
2128,09:44:46,11.35,0.02,80,90800,买盘
2129,09:44:41,11.33,-0.01,115,130295,卖盘
2130,09:44:35,11.34,0.01,926,1050299,买盘
2131,09:44:31,11.33,--,16,18128,买盘
2132,09:44:26,11.33,--,15,16995,买盘
2133,09:44:20,11.33,--,1,1133,买盘
2134,09:44:16,11.33,-0.01,26,29458,中性盘
2135,09:44:10,11.34,0.02,13,14742,买盘
2136,09:44:05,11.32,--,202,228664,卖盘
2137,09:44:01,11.32,-0.02,767,868244,卖盘
2138,09:43:56,11.34,0.01,53,60102,买盘
2139,09:43:50,11.33,--,553,626549,买盘
2140,09:43:44,11.33,--,323,365959,买盘
2141,09:43:40,11.33,--,15,16995,买盘
2142,09:43:35,11.33,--,158,179014,买盘
2143,09:43:29,11.33,--,1,1133,买盘
2144,09:43:26,11.33,0.01,37,41921,买盘
2145,09:43:20,11.32,-0.01,203,229796,卖盘
2146,09:43:14,11.33,0.01,19,21527,买盘
2147,09:43:10,11.32,--,52,59090,卖盘
2148,09:43:05,11.32,--,103,116596,买盘
2149,09:42:59,11.32,--,8,9056,买盘
2150,09:42:55,11.32,0.01,70,79240,买盘
2151,09:42:50,11.31,-0.01,139,157209,卖盘
2152,09:42:44,11.32,--,94,106408,买盘
2153,09:42:40,11.32,0.01,106,119992,买盘
2154,09:42:25,11.31,-0.01,29,32799,卖盘
2155,09:42:20,11.32,--,0,0,买盘
2156,09:42:14,11.32,0.01,100,113200,买盘
2157,09:42:10,11.31,--,187,211723,买盘
2158,09:42:05,11.31,--,317,358527,买盘
2159,09:41:59,11.31,0.01,320,361920,买盘
2160,09:41:55,11.3,-0.01,44,49720,卖盘
2161,09:41:50,11.31,--,17,19227,买盘
2162,09:41:44,11.31,0.01,10,11310,买盘
2163,09:41:40,11.3,-0.01,174,196620,卖盘
2164,09:41:35,11.31,0.01,2,2262,买盘
2165,09:41:25,11.3,-0.01,218,246340,卖盘
2166,09:41:20,11.31,0.01,74,83694,买盘
2167,09:41:10,11.3,--,12,13797,卖盘
2168,09:41:04,11.3,--,86,97180,买盘
2169,09:40:59,11.3,0.01,298,336740,买盘
2170,09:40:55,11.29,-0.01,303,342087,卖盘
2171,09:40:49,11.3,0.01,196,221480,买盘
2172,09:40:44,11.29,--,9,10161,卖盘
2173,09:40:40,11.29,-0.01,135,152415,卖盘
2174,09:40:34,11.3,0.01,105,118650,买盘
2175,09:40:29,11.29,--,102,115157,卖盘
2176,09:40:25,11.29,--,127,143383,卖盘
2177,09:40:19,11.29,--,118,133222,卖盘
2178,09:40:14,11.29,--,50,56449,卖盘
2179,09:40:10,11.29,--,86,97319,卖盘
2180,09:40:04,11.29,--,10,11290,卖盘
2181,09:39:59,11.29,--,25,28224,卖盘
2182,09:39:55,11.29,0.01,61,68869,买盘
2183,09:39:49,11.28,--,97,109416,卖盘
2184,09:39:44,11.28,-0.02,12,13536,卖盘
2185,09:39:34,11.3,--,3,3390,买盘
2186,09:39:29,11.3,0.02,4,4520,买盘
2187,09:39:25,11.28,-0.02,2074,2339675,卖盘
2188,09:39:19,11.3,--,149,169059,卖盘
2189,09:39:14,11.3,--,49,55370,卖盘
2190,09:39:10,11.3,--,87,98547,卖盘
2191,09:39:04,11.3,-0.01,250,282500,卖盘
2192,09:38:59,11.31,0.01,338,382278,买盘
2193,09:38:55,11.3,--,60,67800,卖盘
2194,09:38:49,11.3,-0.01,84,94920,卖盘
2195,09:38:44,11.31,--,5,5655,买盘
2196,09:38:40,11.31,0.01,129,145899,买盘
2197,09:38:34,11.3,-0.01,594,671220,卖盘
2198,09:38:29,11.31,--,63,71253,卖盘
2199,09:38:25,11.31,--,956,1081236,卖盘
2200,09:38:19,11.31,--,81,91611,卖盘
2201,09:38:10,11.31,-0.01,139,157209,卖盘
2202,09:38:04,11.32,--,40,45280,买盘
2203,09:37:59,11.32,--,491,555812,卖盘
2204,09:37:55,11.32,--,808,914656,卖盘
2205,09:37:49,11.32,--,54,61128,卖盘
2206,09:37:44,11.32,-0.01,12,13584,卖盘
2207,09:37:39,11.33,--,55,62315,买盘
2208,09:37:34,11.33,--,201,228446,卖盘
2209,09:37:29,11.33,--,70,79310,卖盘
2210,09:37:25,11.33,--,164,185812,卖盘
2211,09:37:19,11.33,--,273,309309,卖盘
2212,09:37:14,11.33,-0.01,60,67980,卖盘
2213,09:37:09,11.34,0.01,326,369684,买盘
2214,09:37:04,11.33,-0.01,640,725120,卖盘
2215,09:36:59,11.34,--,157,178038,卖盘
2216,09:36:55,11.34,--,573,649782,买盘
2217,09:36:49,11.34,--,269,305046,买盘
2218,09:36:44,11.34,0.01,240,273203,买盘
2219,09:36:38,11.33,-0.01,25,28325,卖盘
2220,09:36:34,11.34,0.01,26,29484,中性盘
2221,09:36:29,11.33,-0.01,227,257191,卖盘
2222,09:36:23,11.34,0.01,454,514836,买盘
2223,09:36:19,11.33,-0.01,122,138316,卖盘
2224,09:36:14,11.34,0.01,35,39690,买盘
2225,09:36:08,11.33,-0.01,54,61182,卖盘
2226,09:36:04,11.34,0.01,98,111336,买盘
2227,09:35:59,11.33,-0.01,58,65714,卖盘
2228,09:35:49,11.34,0.01,388,439992,买盘
2229,09:35:43,11.33,-0.01,199,225467,卖盘
2230,09:35:38,11.34,-0.01,42,48557,卖盘
2231,09:35:34,11.35,0.01,162,183870,买盘
2232,09:35:28,11.34,-0.01,260,294840,卖盘
2233,09:35:23,11.35,0.01,123,139605,买盘
2234,09:35:19,11.34,--,310,351540,卖盘
2235,09:35:13,11.34,--,270,306180,卖盘
2236,09:35:08,11.34,--,1,1134,卖盘
2237,09:35:04,11.34,-0.01,54,61440,卖盘
2238,09:34:58,11.35,0.01,245,278075,买盘
2239,09:34:53,11.34,--,115,130410,卖盘
2240,09:34:49,11.34,-0.01,76,86184,卖盘
2241,09:34:43,11.35,0.01,136,154360,买盘
2242,09:34:34,11.34,--,9,10206,卖盘
2243,09:34:28,11.34,--,17,19278,卖盘
2244,09:34:23,11.34,--,20,22680,卖盘
2245,09:34:19,11.34,0.01,66,74844,买盘
2246,09:34:13,11.33,--,1154,1307482,卖盘
2247,09:34:08,11.33,--,142,160886,卖盘
2248,09:34:04,11.33,--,21,24008,卖盘
2249,09:33:58,11.33,--,58,65714,卖盘
2250,09:33:53,11.33,0.01,551,624283,买盘
2251,09:33:49,11.32,0.01,137,155084,买盘
2252,09:33:43,11.31,-0.01,190,214890,卖盘
2253,09:33:38,11.32,--,163,184516,买盘
2254,09:33:34,11.32,0.01,133,150556,买盘
2255,09:33:28,11.31,--,11,12441,卖盘
2256,09:33:19,11.31,--,127,143637,买盘
2257,09:33:08,11.31,-0.01,344,389064,卖盘
2258,09:33:04,11.32,--,28,31696,买盘
2259,09:32:58,11.32,-0.01,18,20376,中性盘
2260,09:32:53,11.33,0.02,94,106502,买盘
2261,09:32:49,11.31,-0.02,450,508950,卖盘
2262,09:32:43,11.33,0.01,69,78177,买盘
2263,09:32:38,11.32,-0.01,3,3396,卖盘
2264,09:32:34,11.33,--,315,356895,卖盘
2265,09:32:28,11.33,--,310,351230,卖盘
2266,09:32:23,11.33,--,236,267388,卖盘
2267,09:32:19,11.33,--,176,199408,卖盘
2268,09:32:13,11.33,--,487,551771,卖盘
2269,09:32:08,11.33,-0.01,141,159753,卖盘
2270,09:32:04,11.34,0.01,150,170100,买盘
2271,09:31:58,11.33,-0.01,164,185812,卖盘
2272,09:31:53,11.34,--,8,9072,买盘
2273,09:31:49,11.34,--,203,230202,卖盘
2274,09:31:43,11.34,-0.01,397,450198,卖盘
2275,09:31:38,11.35,--,312,354120,买盘
2276,09:31:34,11.35,--,153,173655,买盘
2277,09:31:28,11.35,--,89,101015,买盘
2278,09:31:23,11.35,--,2,2270,买盘
2279,09:31:18,11.35,-0.01,296,335960,卖盘
2280,09:31:13,11.36,--,181,205616,买盘
2281,09:31:08,11.36,0.01,23,26128,买盘
2282,09:31:03,11.35,-0.01,39,44265,卖盘
2283,09:30:58,11.36,0.02,113,128368,买盘
2284,09:30:48,11.34,-0.02,88,99792,卖盘
2285,09:30:43,11.36,0.01,360,408960,买盘
2286,09:30:38,11.35,--,25,28375,买盘
2287,09:30:33,11.35,--,713,809255,卖盘
2288,09:30:28,11.35,0.02,67,76045,买盘
2289,09:30:23,11.33,--,19,21527,卖盘
2290,09:30:18,11.33,--,14,15862,卖盘
2291,09:30:13,11.33,--,170,192610,卖盘
2292,09:30:08,11.33,--,485,549505,卖盘
2293,09:30:03,11.33,0.01,633,717189,买盘
2294,09:28:44,11.32,--,0,0,卖盘
2295,09:25:07,11.32,11.32,672,760704,买盘
