,time,price,change,volume,amount,type
0,15:00:00,28.55,-0.02,0,0,卖盘
1,15:00:00,28.57,--,0,0,买盘
2,14:59:58,28.57,0.01,3,8571,买盘
3,14:59:53,28.56,0.01,2,5712,买盘
4,14:59:47,28.55,--,40,114200,卖盘
5,14:59:43,28.55,--,0,0,卖盘
6,14:59:38,28.55,--,18,51390,卖盘
7,14:59:32,28.55,--,11,31405,卖盘
8,14:59:28,28.55,--,46,131330,卖盘
9,14:59:17,28.55,--,2,5710,中性盘
10,14:59:13,28.55,0.01,2,5710,中性盘
11,14:59:08,28.54,--,7,19978,卖盘
12,14:59:02,28.54,--,10,28540,卖盘
13,14:58:58,28.54,--,37,106168,买盘
14,14:58:47,28.54,0.01,4,11416,买盘
15,14:58:43,28.53,--,3,8559,卖盘
16,14:58:32,28.53,--,2,5706,卖盘
17,14:58:23,28.53,0.01,2,5706,买盘
18,14:58:17,28.52,0.01,4,11408,卖盘
19,14:58:13,28.51,--,0,0,卖盘
20,14:58:08,28.51,-0.01,13,37063,卖盘
21,14:58:02,28.52,--,4,11408,买盘
22,14:57:58,28.52,--,18,51336,买盘
23,14:57:53,28.52,--,5,14260,买盘
24,14:57:47,28.52,-0.01,278,792856,卖盘
25,14:57:43,28.53,--,185,527805,卖盘
26,14:57:38,28.53,--,0,0,卖盘
27,14:57:32,28.53,-0.02,63,179739,卖盘
28,14:57:28,28.55,--,15,42825,买盘
29,14:57:23,28.55,--,3,8565,买盘
30,14:57:17,28.55,--,12,34260,买盘
31,14:57:13,28.55,--,37,105635,卖盘
32,14:57:08,28.55,--,5,14275,卖盘
33,14:57:02,28.55,-0.01,20,57100,卖盘
34,14:56:58,28.56,0.01,1,2856,买盘
35,14:56:47,28.55,-0.01,13,37115,卖盘
36,14:56:43,28.56,--,4,11424,买盘
37,14:56:38,28.56,--,6,17136,买盘
38,14:56:32,28.56,0.01,24,68544,买盘
39,14:56:28,28.55,-0.01,38,108490,卖盘
40,14:56:17,28.56,-0.01,133,379848,卖盘
41,14:56:13,28.57,-0.01,7,19999,卖盘
42,14:56:08,28.58,--,5,14290,买盘
43,14:56:02,28.58,--,1,2858,买盘
44,14:55:58,28.58,--,31,88598,买盘
45,14:55:53,28.58,-0.01,39,112347,卖盘
46,14:55:47,28.59,0.01,13,37167,买盘
47,14:55:43,28.58,-0.01,70,200060,卖盘
48,14:55:32,28.59,0.01,3,8577,买盘
49,14:55:28,28.58,--,31,88598,卖盘
50,14:55:17,28.58,-0.01,17,48586,卖盘
51,14:55:08,28.59,-0.01,11,31449,中性盘
52,14:55:02,28.6,0.01,1,2860,买盘
53,14:54:56,28.59,0.01,55,159217,买盘
54,14:54:52,28.58,0.01,1,2858,买盘
55,14:54:41,28.57,-0.02,82,235159,卖盘
56,14:54:37,28.59,--,1,2859,卖盘
57,14:54:22,28.59,--,1,2859,卖盘
58,14:54:17,28.59,0.01,21,60039,买盘
59,14:54:11,28.58,--,5,14290,卖盘
60,14:54:02,28.58,--,1,2858,卖盘
61,14:53:56,28.58,-0.01,10,28580,卖盘
62,14:53:52,28.59,-0.01,6,17154,卖盘
63,14:53:41,28.6,0.01,1,2860,买盘
64,14:53:37,28.59,-0.01,5,14295,卖盘
65,14:53:26,28.6,--,14,40040,卖盘
66,14:53:11,28.6,0.01,5,14300,买盘
67,14:53:07,28.59,--,5,16267,买盘
68,14:52:56,28.59,-0.01,14,40912,卖盘
69,14:52:52,28.6,0.01,12,36894,买盘
70,14:52:47,28.59,-0.01,6,19412,卖盘
71,14:52:41,28.6,--,1,2860,买盘
72,14:52:37,28.6,--,5,14300,买盘
73,14:52:32,28.6,--,5,14586,卖盘
74,14:52:26,28.6,--,20,57200,卖盘
75,14:52:22,28.6,-0.01,1,2860,卖盘
76,14:52:17,28.61,0.01,3,8583,买盘
77,14:52:11,28.6,--,1,2860,卖盘
78,14:52:07,28.6,--,2,5720,卖盘
79,14:51:47,28.6,--,22,62920,卖盘
80,14:51:41,28.6,--,2,5720,卖盘
81,14:51:37,28.6,--,3,8580,卖盘
82,14:51:32,28.6,-0.01,10,28600,卖盘
83,14:51:26,28.61,0.01,15,42915,买盘
84,14:51:22,28.6,--,19,54340,卖盘
85,14:51:17,28.6,--,6,17160,卖盘
86,14:51:11,28.6,-0.01,5,14300,卖盘
87,14:50:56,28.61,-0.01,81,233486,卖盘
88,14:50:47,28.62,--,1,2862,买盘
89,14:50:41,28.62,0.01,21,60102,买盘
90,14:50:37,28.61,--,31,88691,卖盘
91,14:50:32,28.61,--,21,61196,卖盘
92,14:50:26,28.61,-0.01,2,5722,卖盘
93,14:50:22,28.62,--,4,11448,买盘
94,14:50:07,28.62,-0.01,31,88722,卖盘
95,14:49:56,28.63,0.01,1,2863,买盘
96,14:49:51,28.62,-0.01,33,94446,卖盘
97,14:49:41,28.63,0.01,1,2863,买盘
98,14:49:37,28.62,-0.01,1,2862,卖盘
99,14:49:32,28.63,--,1,2863,买盘
100,14:49:26,28.63,--,1,4609,卖盘
101,14:49:11,28.63,--,10,28630,卖盘
102,14:49:07,28.63,--,0,0,卖盘
103,14:49:01,28.63,--,9,25767,卖盘
104,14:48:56,28.63,--,64,183232,卖盘
105,14:48:21,28.63,-0.03,1,2863,卖盘
106,14:47:56,28.66,--,0,0,买盘
107,14:47:46,28.66,0.03,10,28660,买盘
108,14:47:41,28.63,-0.03,3,8589,卖盘
109,14:47:35,28.66,-0.01,10,28660,卖盘
110,14:47:25,28.67,--,0,0,买盘
111,14:47:20,28.67,--,2,5734,买盘
112,14:47:05,28.67,0.01,2,5734,买盘
113,14:47:01,28.66,--,0,0,卖盘
114,14:46:50,28.66,0.03,7,20062,买盘
115,14:46:46,28.63,--,9,25767,卖盘
116,14:46:40,28.63,--,1,2863,卖盘
117,14:46:31,28.63,--,31,89869,卖盘
118,14:46:20,28.63,-0.01,2,5726,卖盘
119,14:46:16,28.64,--,1,2864,买盘
120,14:46:05,28.64,0.01,5,14320,买盘
121,14:45:55,28.63,--,5,14315,卖盘
122,14:45:50,28.63,-0.02,6,17178,卖盘
123,14:45:46,28.65,--,0,0,买盘
124,14:45:31,28.65,0.02,7,20055,买盘
125,14:45:25,28.63,--,14,40082,买盘
126,14:45:20,28.63,-0.01,13,37219,中性盘
127,14:45:16,28.64,0.02,5,14320,买盘
128,14:45:10,28.62,-0.03,18,51516,卖盘
129,14:44:35,28.65,--,8,22920,买盘
130,14:44:31,28.65,-0.01,16,47587,卖盘
131,14:44:20,28.66,0.01,1,2866,买盘
132,14:44:10,28.65,--,2,6847,买盘
133,14:43:50,28.65,0.02,6,17190,买盘
134,14:43:31,28.63,--,2,5726,买盘
135,14:43:25,28.63,0.01,1,2863,买盘
136,14:43:20,28.62,--,1,2862,卖盘
137,14:43:10,28.62,0.01,1,2862,买盘
138,14:43:05,28.61,--,2,5722,卖盘
139,14:43:01,28.61,0.01,2,5722,卖盘
140,14:42:46,28.6,--,3,11154,买盘
141,14:42:35,28.6,--,20,57200,买盘
142,14:42:31,28.6,--,7,20020,买盘
143,14:42:20,28.6,--,5,14586,卖盘
144,14:42:10,28.6,--,0,2574,买盘
145,14:42:01,28.6,--,1,2860,买盘
146,14:41:55,28.6,--,3,8866,卖盘
147,14:41:45,28.6,--,0,2574,买盘
148,14:41:40,28.6,--,0,0,买盘
149,14:41:35,28.6,--,50,143000,买盘
150,14:41:30,28.6,--,325,929500,买盘
151,14:41:25,28.6,--,31,88660,买盘
152,14:41:20,28.6,--,48,137280,买盘
153,14:41:15,28.6,--,70,201258,买盘
154,14:41:10,28.6,--,16,45760,买盘
155,14:41:05,28.6,--,10,28600,买盘
156,14:40:40,28.6,--,10,28600,买盘
157,14:40:30,28.6,--,16,45760,买盘
158,14:40:25,28.6,--,1,2860,买盘
159,14:40:15,28.6,-0.03,571,1633203,卖盘
160,14:40:04,28.63,0.01,2,5726,买盘
161,14:39:59,28.62,--,1,2862,卖盘
162,14:39:55,28.62,--,0,0,卖盘
163,14:39:49,28.62,-0.02,27,77274,卖盘
164,14:39:44,28.64,0.01,23,65872,买盘
165,14:39:14,28.63,-0.01,28,80164,卖盘
166,14:39:10,28.64,0.01,10,28640,买盘
167,14:38:59,28.63,-0.01,20,57260,卖盘
168,14:38:34,28.64,--,5,14320,买盘
169,14:38:29,28.64,0.01,1,2864,买盘
170,14:38:10,28.63,-0.01,32,91616,卖盘
171,14:37:59,28.64,0.01,3,8592,买盘
172,14:37:55,28.63,-0.02,31,88753,卖盘
173,14:37:44,28.65,--,14,40110,买盘
174,14:37:29,28.65,-0.01,40,116347,卖盘
175,14:37:14,28.66,-0.01,1,2866,卖盘
176,14:37:10,28.67,0.01,2,5734,买盘
177,14:36:59,28.66,--,12,34392,卖盘
178,14:36:55,28.66,--,56,160496,卖盘
179,14:36:40,28.66,-0.01,3,8598,卖盘
180,14:36:29,28.67,0.01,6,17202,买盘
181,14:36:25,28.66,--,1,2866,卖盘
182,14:36:19,28.66,-0.01,3,8598,卖盘
183,14:36:10,28.67,0.01,2,5734,买盘
184,14:36:04,28.66,-0.01,1,2866,卖盘
185,14:35:59,28.67,-0.01,119,341173,卖盘
186,14:35:55,28.68,0.01,8,22944,卖盘
187,14:35:49,28.67,--,0,0,卖盘
188,14:35:44,28.67,--,10,28670,卖盘
189,14:35:39,28.67,-0.01,36,103212,卖盘
190,14:35:34,28.68,--,6,17208,买盘
191,14:35:25,28.68,-0.04,6,17208,卖盘
192,14:35:09,28.72,--,0,0,买盘
193,14:34:44,28.72,0.06,2,5744,买盘
194,14:34:39,28.66,--,0,0,卖盘
195,14:34:09,28.66,--,26,75633,买盘
196,14:33:59,28.66,--,5,14330,买盘
197,14:33:43,28.66,--,3,8598,买盘
198,14:33:39,28.66,--,2,5732,买盘
199,14:33:24,28.66,0.01,3,8598,买盘
200,14:32:54,28.65,--,0,0,中性盘
201,14:32:49,28.65,--,6,17190,买盘
202,14:32:38,28.65,--,40,114600,买盘
203,14:32:34,28.65,--,8,22920,买盘
204,14:32:24,28.65,--,10,28650,买盘
205,14:32:13,28.65,--,5,14325,买盘
206,14:32:08,28.65,0.01,55,157575,买盘
207,14:31:58,28.64,--,1,2864,卖盘
208,14:31:53,28.64,--,14,40096,买盘
209,14:31:08,28.64,-0.01,4,11456,卖盘
210,14:30:28,28.65,--,0,0,买盘
211,14:30:23,28.65,--,25,71625,中性盘
212,14:30:13,28.65,-0.01,1,2865,卖盘
213,14:30:04,28.66,0.01,1,2866,买盘
214,14:29:58,28.65,--,1,2865,卖盘
215,14:29:53,28.65,--,1,2865,卖盘
216,14:29:49,28.65,--,2,5730,卖盘
217,14:29:38,28.65,-0.01,15,42975,卖盘
218,14:29:34,28.66,0.05,12,34392,买盘
219,14:29:19,28.61,-0.05,14,40054,卖盘
220,14:29:13,28.66,0.05,40,114640,买盘
221,14:29:08,28.61,-0.05,19,54359,卖盘
222,14:29:04,28.66,0.03,56,160496,买盘
223,14:28:53,28.63,-0.03,2,5726,卖盘
224,14:28:49,28.66,--,3,8598,买盘
225,14:28:43,28.66,0.04,2,5732,买盘
226,14:28:38,28.62,--,1,2862,卖盘
227,14:28:34,28.62,-0.04,7,20034,中性盘
228,14:28:28,28.66,0.05,10,28660,买盘
229,14:28:23,28.61,-0.05,90,259235,卖盘
230,14:28:18,28.66,-0.04,239,684974,卖盘
231,14:28:08,28.7,-0.01,7,20090,卖盘
232,14:28:03,28.71,-0.01,21,60291,卖盘
233,14:27:53,28.72,--,2,5744,卖盘
234,14:27:43,28.72,-0.01,2,5744,卖盘
235,14:27:38,28.73,--,6,17238,卖盘
236,14:27:33,28.73,--,1,2873,卖盘
237,14:27:28,28.73,0.01,2,5746,卖盘
238,14:27:13,28.72,--,0,0,卖盘
239,14:27:03,28.72,-0.01,5,14360,卖盘
240,14:26:58,28.73,-0.04,15,43095,卖盘
241,14:26:52,28.77,--,0,0,卖盘
242,14:26:48,28.77,--,0,0,卖盘
243,14:26:37,28.77,0.03,1,2877,卖盘
244,14:26:28,28.74,-0.05,1,2874,卖盘
245,14:26:18,28.79,0.05,1,2879,买盘
246,14:26:03,28.74,--,1,2874,卖盘
247,14:25:58,28.74,-0.06,3,8622,卖盘
248,14:25:52,28.8,0.01,4,11520,买盘
249,14:25:48,28.79,--,9,25911,卖盘
250,14:25:43,28.79,--,4,11516,卖盘
251,14:25:33,28.79,-0.06,11,31669,卖盘
252,14:25:02,28.85,--,0,0,买盘
253,14:24:58,28.85,--,0,0,买盘
254,14:24:43,28.85,0.06,1,2885,买盘
255,14:24:32,28.79,--,0,0,卖盘
256,14:24:27,28.79,--,6,17274,卖盘
257,14:24:22,28.79,--,17,48943,卖盘
258,14:24:12,28.79,--,2,5758,卖盘
259,14:24:07,28.79,--,0,0,卖盘
260,14:24:02,28.79,--,8,23032,卖盘
261,14:23:57,28.79,--,4,11516,卖盘
262,14:23:27,28.79,--,1,2879,卖盘
263,14:23:17,28.79,0.05,1,2879,买盘
264,14:23:12,28.74,-0.01,1,2874,卖盘
265,14:23:02,28.75,--,5,14375,卖盘
266,14:22:57,28.75,--,4,11500,卖盘
267,14:22:47,28.75,-0.1,1,2875,卖盘
268,14:22:42,28.85,0.05,7,20195,买盘
269,14:22:32,28.8,--,14,40320,买盘
270,14:22:27,28.8,--,8,23040,买盘
271,14:22:17,28.8,-0.01,20,57600,卖盘
272,14:21:57,28.81,0.01,1,2881,买盘
273,14:21:42,28.8,-0.03,3,8640,卖盘
274,14:21:37,28.83,--,0,0,中性盘
275,14:21:32,28.83,0.02,10,28830,卖盘
276,14:21:27,28.81,--,0,0,卖盘
277,14:21:17,28.81,--,2,5762,卖盘
278,14:21:12,28.81,--,5,14405,卖盘
279,14:20:57,28.81,-0.05,5,14405,卖盘
280,14:20:52,28.86,--,10,28860,买盘
281,14:20:42,28.86,--,0,0,买盘
282,14:20:27,28.86,--,2,5772,卖盘
283,14:20:22,28.86,-0.01,11,31746,卖盘
284,14:20:12,28.87,--,32,92384,卖盘
285,14:20:07,28.87,--,5,14435,卖盘
286,14:19:57,28.87,-0.01,3,8661,卖盘
287,14:19:52,28.88,0.01,8,23104,买盘
288,14:19:46,28.87,--,4,11548,卖盘
289,14:19:42,28.87,--,7,20209,卖盘
290,14:19:37,28.87,-0.01,8,23096,卖盘
291,14:19:31,28.88,--,24,69312,买盘
292,14:19:22,28.88,--,2,5776,卖盘
293,14:19:12,28.88,--,2,5776,卖盘
294,14:19:01,28.88,--,0,0,卖盘
295,14:18:57,28.88,-0.01,1,2888,卖盘
296,14:18:52,28.89,--,2,5778,卖盘
297,14:18:42,28.89,-0.01,8,23112,卖盘
298,14:18:37,28.9,-0.01,15,43350,卖盘
299,14:18:31,28.91,0.01,2,5782,买盘
300,14:18:27,28.9,--,19,54910,卖盘
301,14:18:22,28.9,--,2,5780,卖盘
302,14:18:12,28.9,-0.01,5,14450,卖盘
303,14:18:07,28.91,--,2,5782,买盘
304,14:18:01,28.91,--,2,5782,买盘
305,14:17:22,28.91,0.01,2,5782,买盘
306,14:17:06,28.9,-0.01,2,5780,卖盘
307,14:17:01,28.91,0.01,12,34692,买盘
308,14:16:56,28.9,--,3,8670,卖盘
309,14:16:41,28.9,--,1,2890,卖盘
310,14:16:26,28.9,0.03,47,135830,买盘
311,14:16:16,28.87,--,3,8661,卖盘
312,14:16:11,28.87,0.01,22,63514,买盘
313,14:15:36,28.86,--,12,34632,买盘
314,14:15:26,28.86,0.01,5,14430,买盘
315,14:15:21,28.85,--,5,14425,卖盘
316,14:15:11,28.85,-0.01,3,8655,卖盘
317,14:15:01,28.86,0.01,3,8658,买盘
318,14:14:51,28.85,--,21,60585,卖盘
319,14:14:36,28.85,0.03,11,31735,买盘
320,14:14:26,28.82,-0.03,2,5764,中性盘
321,14:14:21,28.85,--,3,8655,买盘
322,14:14:16,28.85,-0.01,6,17310,卖盘
323,14:13:36,28.86,0.01,16,46176,买盘
324,14:13:25,28.85,0.01,34,98090,买盘
325,14:13:16,28.84,--,0,0,买盘
326,14:13:10,28.84,0.04,1,2884,买盘
327,14:13:01,28.8,--,0,0,卖盘
328,14:12:51,28.8,--,0,0,卖盘
329,14:12:46,28.8,--,0,2476,买盘
330,14:12:36,28.8,--,64,184723,卖盘
331,14:12:31,28.8,-0.01,20,57600,卖盘
332,14:12:25,28.81,0.01,1,2881,买盘
333,14:12:10,28.8,--,3,8640,卖盘
334,14:12:06,28.8,-0.01,1,2880,卖盘
335,14:12:01,28.81,--,2,5762,买盘
336,14:11:51,28.81,-0.02,2,5762,买盘
337,14:11:46,28.83,--,0,0,买盘
338,14:11:40,28.83,0.03,1,2883,买盘
339,14:11:25,28.8,0.03,44,129196,买盘
340,14:11:06,28.77,-0.02,1,2877,卖盘
341,14:10:55,28.79,--,21,60459,买盘
342,14:10:40,28.79,0.02,12,34548,买盘
343,14:10:21,28.77,--,2,5754,卖盘
344,14:10:01,28.77,0.01,20,57540,卖盘
345,14:09:35,28.76,0.04,33,94908,买盘
346,14:09:15,28.72,--,26,74672,卖盘
347,14:09:05,28.72,--,4,11488,卖盘
348,14:08:55,28.72,--,0,0,卖盘
349,14:08:20,28.72,-0.01,7,20104,卖盘
350,14:08:15,28.73,-0.01,2,5746,卖盘
351,14:08:05,28.74,0.01,3,8622,买盘
352,14:08:00,28.73,-0.01,6,17238,卖盘
353,14:07:35,28.74,--,2,5748,卖盘
354,14:06:55,28.74,-0.01,1,2874,卖盘
355,14:06:45,28.75,-0.01,1,2875,买盘
356,14:06:40,28.76,0.01,1,2876,买盘
357,14:06:34,28.75,--,2,5750,卖盘
358,14:06:25,28.75,-0.01,10,28750,卖盘
359,14:06:15,28.76,0.01,10,28760,买盘
360,14:06:00,28.75,--,1,2875,卖盘
361,14:05:55,28.75,--,5,14375,卖盘
362,14:05:40,28.75,--,10,28750,卖盘
363,14:05:30,28.75,0.01,11,31625,买盘
364,14:05:25,28.74,--,2,5748,卖盘
365,14:05:19,28.74,-0.01,10,28740,卖盘
366,14:05:15,28.75,0.01,1,2875,买盘
367,14:05:00,28.74,--,2,5748,卖盘
368,14:04:54,28.74,-0.01,5,14370,卖盘
369,14:04:34,28.75,--,7,20125,买盘
370,14:04:30,28.75,-0.01,6,17250,卖盘
371,14:04:25,28.76,--,14,40264,买盘
372,14:04:10,28.76,--,1,2876,买盘
373,14:04:04,28.76,--,2,5752,买盘
374,14:03:55,28.76,--,2,5752,买盘
375,14:03:30,28.76,--,13,37388,买盘
376,14:03:25,28.76,--,5,14380,买盘
377,14:03:19,28.76,--,5,14380,买盘
378,14:03:15,28.76,-0.01,4,11504,卖盘
379,14:03:00,28.77,--,7,20139,买盘
380,14:02:54,28.77,-0.02,1,2877,买盘
381,14:02:49,28.79,--,0,0,买盘
382,14:02:19,28.79,--,0,0,买盘
383,14:02:14,28.79,0.03,4,11516,买盘
384,14:02:09,28.76,--,0,0,卖盘
385,14:02:00,28.76,0.01,2,5752,卖盘
386,14:01:54,28.75,0.01,4,11500,卖盘
387,14:01:44,28.74,--,0,0,卖盘
388,14:01:29,28.74,-0.01,7,20118,卖盘
389,14:01:24,28.75,--,0,0,中性盘
390,14:01:09,28.75,--,0,0,中性盘
391,14:01:04,28.75,-0.04,1,2875,中性盘
392,14:00:44,28.79,0.05,100,287900,买盘
393,14:00:39,28.74,--,6,17244,买盘
394,14:00:34,28.74,--,58,166692,买盘
395,14:00:24,28.74,--,4,11496,买盘
396,14:00:13,28.74,--,0,0,买盘
397,14:00:04,28.74,--,20,57480,买盘
398,13:59:54,28.74,0.03,1,2874,买盘
399,13:59:39,28.71,--,6,17226,卖盘
400,13:59:34,28.71,--,0,0,卖盘
401,13:59:24,28.71,0.01,2,5742,买盘
402,13:59:19,28.7,-0.01,11,31570,卖盘
403,13:59:04,28.71,--,1,2871,买盘
404,13:58:54,28.71,--,1,2871,买盘
405,13:58:39,28.71,-0.07,23,66033,卖盘
406,13:58:34,28.78,--,8,23024,买盘
407,13:58:24,28.78,--,5,14390,买盘
408,13:58:18,28.78,--,30,86340,买盘
409,13:58:09,28.78,--,30,86340,买盘
410,13:58:03,28.78,--,4,11512,买盘
411,13:57:54,28.78,--,31,89218,买盘
412,13:57:43,28.78,--,10,28780,买盘
413,13:57:33,28.78,--,5,14390,买盘
414,13:57:27,28.78,--,0,0,买盘
415,13:57:24,28.78,--,5,14390,买盘
416,13:57:19,28.78,--,1,2878,买盘
417,13:57:12,28.78,0.01,1,2878,买盘
418,13:57:09,28.77,0.07,68,198052,买盘
419,13:56:38,28.7,0.02,4,11480,买盘
420,13:56:24,28.68,-0.08,5,14340,卖盘
421,13:56:08,28.76,0.03,6,17256,买盘
422,13:56:03,28.73,-0.03,10,28730,买盘
423,13:55:48,28.76,--,0,0,买盘
424,13:55:38,28.76,0.02,63,181188,买盘
425,13:55:08,28.74,0.08,45,129330,买盘
426,13:54:53,28.66,--,31,88846,卖盘
427,13:54:33,28.66,--,1,2866,卖盘
428,13:54:23,28.66,0.01,21,61303,买盘
429,13:54:12,28.65,-0.01,4,11460,卖盘
430,13:54:06,28.66,--,24,68784,买盘
431,13:54:03,28.66,--,14,40124,买盘
432,13:53:48,28.66,--,20,57320,买盘
433,13:53:42,28.66,--,50,143300,买盘
434,13:53:33,28.66,--,1,2866,买盘
435,13:53:27,28.66,0.01,21,60186,买盘
436,13:53:18,28.65,-0.01,198,567270,卖盘
437,13:53:03,28.66,--,1,2866,买盘
438,13:52:57,28.66,--,2,5732,买盘
439,13:52:48,28.66,--,39,111774,买盘
440,13:52:42,28.66,0.01,28,80248,买盘
441,13:52:27,28.65,--,1,2865,卖盘
442,13:52:18,28.65,--,29,83085,买盘
443,13:52:12,28.65,0.01,1,2865,买盘
444,13:52:06,28.64,-0.01,16,45824,卖盘
445,13:52:03,28.65,--,2,5730,买盘
446,13:51:42,28.65,-0.01,57,163305,卖盘
447,13:51:33,28.66,0.01,1,2866,买盘
448,13:51:27,28.65,-0.01,19,54435,卖盘
449,13:51:06,28.66,--,2,5732,买盘
450,13:51:03,28.66,--,10,28660,买盘
451,13:50:57,28.66,--,7,20062,买盘
452,13:50:51,28.66,--,100,286600,买盘
453,13:50:48,28.66,0.01,19,54454,买盘
454,13:50:27,28.65,-0.01,11,31515,卖盘
455,13:50:18,28.66,--,10,28660,买盘
456,13:50:12,28.66,--,25,71650,买盘
457,13:50:06,28.66,0.01,10,28660,买盘
458,13:49:57,28.65,--,17,48705,卖盘
459,13:49:48,28.65,0.01,38,108870,买盘
460,13:49:42,28.64,-0.01,36,103104,卖盘
461,13:49:33,28.65,--,5,14325,买盘
462,13:49:27,28.65,--,2,5730,买盘
463,13:49:21,28.65,0.01,1,2865,买盘
464,13:49:12,28.64,--,133,383632,买盘
465,13:49:06,28.64,--,10,28640,买盘
466,13:49:02,28.64,--,87,249168,买盘
467,13:48:57,28.64,--,21,60144,买盘
468,13:48:47,28.64,0.01,50,143200,买盘
469,13:48:32,28.63,--,5,14315,买盘
470,13:48:17,28.63,0.02,5,14315,中性盘
471,13:48:12,28.61,--,0,0,卖盘
472,13:48:06,28.61,-0.03,26,74386,卖盘
473,13:48:02,28.64,0.04,25,71600,买盘
474,13:47:57,28.6,-0.01,40,114400,卖盘
475,13:47:51,28.61,--,30,85830,卖盘
476,13:47:47,28.61,--,60,171660,买盘
477,13:47:36,28.61,--,36,102996,卖盘
478,13:47:30,28.61,-0.03,30,85830,卖盘
479,13:47:21,28.64,0.03,39,111696,买盘
480,13:47:15,28.61,-0.02,30,85830,卖盘
481,13:47:12,28.63,--,37,105931,卖盘
482,13:47:06,28.63,--,44,125972,买盘
483,13:46:57,28.63,-0.01,16,45808,卖盘
484,13:46:36,28.64,--,0,0,买盘
485,13:46:27,28.64,0.01,51,146064,买盘
486,13:46:21,28.63,--,4,11452,卖盘
487,13:46:12,28.63,--,5,14315,卖盘
488,13:45:57,28.63,--,7,20041,买盘
489,13:45:42,28.63,0.04,1,2863,买盘
490,13:45:27,28.59,--,0,0,卖盘
491,13:45:15,28.59,--,0,0,卖盘
492,13:44:42,28.59,--,1,2859,卖盘
493,13:44:15,28.59,--,0,857,买盘
494,13:44:12,28.59,--,4,11436,买盘
495,13:44:06,28.59,--,76,217284,买盘
496,13:43:57,28.59,--,22,62898,买盘
497,13:43:51,28.59,-0.01,277,792114,卖盘
498,13:43:27,28.6,--,0,0,卖盘
499,13:42:56,28.6,--,3,8580,卖盘
500,13:42:51,28.6,--,28,82768,卖盘
501,13:42:45,28.6,--,30,85800,卖盘
502,13:42:41,28.6,--,0,0,卖盘
503,13:42:30,28.6,--,1,2860,中性盘
504,13:42:15,28.6,--,0,0,买盘
505,13:42:06,28.6,--,90,257400,买盘
506,13:41:56,28.6,--,21,60060,卖盘
507,13:41:51,28.6,0.01,35,100100,卖盘
508,13:41:36,28.59,--,0,0,卖盘
509,13:41:30,28.59,-0.01,23,65757,卖盘
510,13:41:21,28.6,--,86,245960,买盘
511,13:41:11,28.6,--,13,37180,卖盘
512,13:41:06,28.6,0.01,60,171600,卖盘
513,13:40:51,28.59,--,16,45744,卖盘
514,13:40:45,28.59,-0.01,5,14295,卖盘
515,13:40:41,28.6,--,1,2860,买盘
516,13:40:36,28.6,--,3,8580,买盘
517,13:40:30,28.6,--,46,131560,卖盘
518,13:40:26,28.6,--,30,85800,卖盘
519,13:40:21,28.6,-0.01,30,85800,卖盘
520,13:40:15,28.61,--,0,0,中性盘
521,13:40:11,28.61,--,0,0,买盘
522,13:40:06,28.61,-0.03,15,42915,卖盘
523,13:40:00,28.64,--,10,28640,买盘
524,13:39:54,28.64,--,0,0,中性盘
525,13:39:51,28.64,--,10,28640,中性盘
526,13:39:45,28.64,--,26,74464,卖盘
527,13:39:39,28.64,--,1,2864,卖盘
528,13:39:36,28.64,--,31,88784,卖盘
529,13:39:30,28.64,0.01,76,217664,买盘
530,13:39:24,28.63,--,0,0,买盘
531,13:39:21,28.63,0.03,38,108794,卖盘
532,13:39:09,28.6,--,0,0,中性盘
533,13:39:06,28.6,--,5,14300,买盘
534,13:38:54,28.6,--,22,62920,买盘
535,13:38:51,28.6,--,32,91520,卖盘
536,13:38:45,28.6,--,64,183040,卖盘
537,13:38:36,28.6,--,0,0,卖盘
538,13:38:30,28.6,--,10,28600,卖盘
539,13:38:21,28.6,--,0,0,卖盘
540,13:38:15,28.6,--,6,17160,买盘
541,13:38:06,28.6,--,6,17160,中性盘
542,13:38:00,28.6,--,0,0,买盘
543,13:37:54,28.6,--,8,22880,卖盘
544,13:37:51,28.6,--,60,171600,卖盘
545,13:37:45,28.6,-0.03,60,171600,卖盘
546,13:37:39,28.63,0.03,7,20041,买盘
547,13:37:36,28.6,--,6,17160,卖盘
548,13:37:21,28.6,--,10,28600,买盘
549,13:37:15,28.6,--,2,5720,买盘
550,13:37:09,28.6,--,1,2860,买盘
551,13:37:06,28.6,--,5,14300,卖盘
552,13:37:00,28.6,--,1,2860,卖盘
553,13:36:54,28.6,--,1,2860,卖盘
554,13:36:51,28.6,0.01,3,8580,买盘
555,13:36:45,28.59,-0.01,7,20013,卖盘
556,13:36:30,28.6,--,6,17160,买盘
557,13:36:24,28.6,--,20,57200,买盘
558,13:36:21,28.6,--,20,57200,买盘
559,13:36:15,28.6,--,42,120120,卖盘
560,13:36:09,28.6,--,12,34320,卖盘
561,13:36:05,28.6,--,12,34320,卖盘
562,13:36:00,28.6,--,15,42900,卖盘
563,13:35:54,28.6,--,7,20020,卖盘
564,13:35:50,28.6,--,4,11440,卖盘
565,13:35:35,28.6,--,0,0,中性盘
566,13:35:30,28.6,--,0,0,买盘
567,13:35:24,28.6,--,5,14300,买盘
568,13:35:15,28.6,-0.04,32,91520,卖盘
569,13:35:09,28.64,0.04,18,51552,买盘
570,13:35:05,28.6,-0.03,2,5720,卖盘
571,13:35:00,28.63,0.04,1,2863,买盘
572,13:34:50,28.59,--,0,0,卖盘
573,13:34:45,28.59,-0.01,11,31449,卖盘
574,13:34:39,28.6,0.01,20,57200,中性盘
575,13:34:24,28.59,-0.05,11,31449,卖盘
576,13:34:09,28.64,0.05,2,5728,买盘
577,13:33:54,28.59,--,3,8577,卖盘
578,13:33:30,28.59,--,29,82911,买盘
579,13:33:20,28.59,--,1,2859,买盘
580,13:33:05,28.59,0.01,3,8577,买盘
581,13:32:30,28.58,-0.01,9,25722,卖盘
582,13:32:24,28.59,0.01,19,54321,买盘
583,13:32:14,28.58,-0.01,52,148616,卖盘
584,13:31:59,28.59,--,13,37167,卖盘
585,13:31:54,28.59,--,44,125796,买盘
586,13:31:45,28.59,--,1,2859,买盘
587,13:31:33,28.59,-0.01,135,385965,卖盘
588,13:31:29,28.6,0.01,2,5720,买盘
589,13:31:18,28.59,--,15,42885,卖盘
590,13:31:09,28.59,--,10,28590,卖盘
591,13:30:48,28.59,-0.01,1,2859,卖盘
592,13:30:44,28.6,--,6,17160,买盘
593,13:30:39,28.6,0.01,1,2860,买盘
594,13:30:33,28.59,-0.01,1,2859,卖盘
595,13:30:18,28.6,-0.02,362,1036006,卖盘
596,13:30:09,28.62,--,7,20034,卖盘
597,13:30:03,28.62,--,3,8586,卖盘
598,13:29:59,28.62,--,3,8586,卖盘
599,13:29:44,28.62,--,7,20034,卖盘
600,13:29:18,28.62,--,3,8586,卖盘
601,13:29:14,28.62,--,8,22896,买盘
602,13:28:59,28.62,--,2,5724,卖盘
603,13:28:54,28.62,0.01,1,2862,卖盘
604,13:28:29,28.61,--,0,0,卖盘
605,13:28:18,28.61,-0.03,5,14305,卖盘
606,13:28:09,28.64,--,2,5728,买盘
607,13:28:03,28.64,0.03,6,17184,买盘
608,13:27:59,28.61,-0.01,20,57220,卖盘
609,13:27:54,28.62,--,10,28620,卖盘
610,13:27:39,28.62,--,2,5724,卖盘
611,13:27:33,28.62,-0.03,214,612468,卖盘
612,13:27:03,28.65,-0.01,2,5730,卖盘
613,13:26:44,28.66,0.01,5,14330,买盘
614,13:26:39,28.65,--,3,8595,卖盘
615,13:26:33,28.65,--,1,2865,卖盘
616,13:26:29,28.65,0.01,5,14325,卖盘
617,13:26:18,28.64,--,0,0,卖盘
618,13:26:09,28.64,-0.02,106,303927,卖盘
619,13:25:54,28.66,--,6,17196,买盘
620,13:25:48,28.66,--,6,17196,买盘
621,13:25:39,28.66,--,15,42990,卖盘
622,13:25:33,28.66,-0.01,3,8598,卖盘
623,13:25:18,28.67,--,13,37271,卖盘
624,13:25:08,28.67,--,1,2867,卖盘
625,13:24:57,28.67,--,0,0,中性盘
626,13:24:38,28.67,--,3,8601,买盘
627,13:24:27,28.67,0.01,3,8601,买盘
628,13:24:23,28.66,-0.01,200,573200,卖盘
629,13:24:18,28.67,0.01,6,17202,买盘
630,13:24:03,28.66,--,32,91712,卖盘
631,13:23:33,28.66,-0.01,10,28660,卖盘
632,13:23:23,28.67,--,5,14335,买盘
633,13:23:08,28.67,0.01,10,28670,买盘
634,13:22:57,28.66,--,363,1040358,卖盘
635,13:22:53,28.66,0.01,100,286600,卖盘
636,13:22:42,28.65,--,0,0,卖盘
637,13:22:38,28.65,-0.02,32,91680,卖盘
638,13:22:33,28.67,0.01,6,17202,买盘
639,13:22:18,28.66,--,30,85980,卖盘
640,13:22:08,28.66,--,10,28660,卖盘
641,13:22:03,28.66,--,1,2866,卖盘
642,13:21:48,28.66,--,422,1209452,卖盘
643,13:21:42,28.66,--,11,31526,卖盘
644,13:21:33,28.66,--,29,83114,买盘
645,13:21:23,28.66,--,1,2866,卖盘
646,13:21:18,28.66,-0.01,9,25794,买盘
647,13:21:08,28.67,--,0,0,买盘
648,13:21:03,28.67,0.01,100,286700,买盘
649,13:20:57,28.66,--,27,77382,卖盘
650,13:20:53,28.66,--,30,85980,卖盘
651,13:20:42,28.66,-0.01,2,5732,卖盘
652,13:20:18,28.67,--,2,5734,买盘
653,13:20:03,28.67,--,4,11468,买盘
654,13:19:57,28.67,--,6,17202,买盘
655,13:19:53,28.67,--,2,5734,买盘
656,13:19:27,28.67,--,1,2867,买盘
657,13:19:18,28.67,--,10,28670,买盘
658,13:19:12,28.67,--,2,5734,买盘
659,13:19:03,28.67,--,2,5734,买盘
660,13:18:48,28.67,--,7,20069,买盘
661,13:18:42,28.67,0.01,20,57340,买盘
662,13:18:38,28.66,-0.01,50,143300,卖盘
663,13:18:27,28.67,--,3,8601,买盘
664,13:18:18,28.67,0.01,2,5734,买盘
665,13:18:12,28.66,-0.01,7,20062,卖盘
666,13:18:02,28.67,--,13,37271,卖盘
667,13:17:57,28.67,--,1,2867,买盘
668,13:17:51,28.67,--,10,28670,买盘
669,13:17:48,28.67,--,4,11468,买盘
670,13:17:42,28.67,--,73,209291,买盘
671,13:17:36,28.67,--,4,11468,买盘
672,13:17:32,28.67,--,22,63074,买盘
673,13:17:27,28.67,--,10,28670,买盘
674,13:17:21,28.67,--,10,28670,买盘
675,13:17:17,28.67,-0.02,10,28670,卖盘
676,13:17:06,28.69,0.04,11,31559,买盘
677,13:16:42,28.65,--,0,0,卖盘
678,13:16:36,28.65,--,0,0,卖盘
679,13:16:32,28.65,-0.01,41,117465,卖盘
680,13:16:21,28.66,--,9,25794,买盘
681,13:16:17,28.66,-0.01,41,117506,卖盘
682,13:16:02,28.67,--,40,114680,卖盘
683,13:15:47,28.67,--,58,166286,买盘
684,13:15:36,28.67,--,11,31537,买盘
685,13:15:27,28.67,-0.01,72,206424,卖盘
686,13:15:21,28.68,--,100,286800,卖盘
687,13:15:17,28.68,0.01,10,28680,买盘
688,13:15:12,28.67,-0.01,30,86010,卖盘
689,13:15:02,28.68,--,8,22944,买盘
690,13:14:57,28.68,--,18,51624,卖盘
691,13:14:47,28.68,--,30,86040,卖盘
692,13:14:06,28.68,--,0,0,中性盘
693,13:13:57,28.68,--,0,0,卖盘
694,13:13:51,28.68,--,4,11472,买盘
695,13:13:42,28.68,0.01,10,28680,买盘
696,13:13:27,28.67,--,6,17202,买盘
697,13:13:12,28.67,-0.01,16,45872,卖盘
698,13:13:06,28.68,--,12,34416,买盘
699,13:13:02,28.68,--,5,14340,买盘
700,13:12:57,28.68,--,32,91776,买盘
701,13:12:51,28.68,--,2,5736,买盘
702,13:12:47,28.68,--,1,2868,买盘
703,13:12:42,28.68,--,4,11472,卖盘
704,13:12:36,28.68,--,6,17208,中性盘
705,13:12:32,28.68,--,11,31548,买盘
706,13:12:27,28.68,--,8,22944,买盘
707,13:12:21,28.68,--,10,28680,买盘
708,13:12:02,28.68,0.02,4,11472,买盘
709,13:11:51,28.66,--,17,48722,买盘
710,13:11:47,28.66,--,3,8598,卖盘
711,13:11:42,28.66,--,10,28660,买盘
712,13:11:36,28.66,--,2,5732,买盘
713,13:11:21,28.66,--,13,37258,买盘
714,13:11:01,28.66,0.01,9,25794,买盘
715,13:10:57,28.65,--,11,31515,买盘
716,13:10:51,28.65,--,65,186225,卖盘
717,13:10:42,28.65,-0.01,6,17190,卖盘
718,13:10:26,28.66,--,20,57320,买盘
719,13:10:21,28.66,--,12,34392,买盘
720,13:10:11,28.66,-0.01,29,83114,卖盘
721,13:10:06,28.67,--,30,86010,买盘
722,13:09:26,28.67,--,0,0,中性盘
723,13:09:15,28.67,--,0,0,卖盘
724,13:09:06,28.67,--,0,0,中性盘
725,13:09:00,28.67,0.01,5,14335,买盘
726,13:08:45,28.66,--,0,0,卖盘
727,13:08:29,28.66,--,4,11464,买盘
728,13:08:26,28.66,0.01,22,63052,买盘
729,13:08:21,28.65,--,0,0,卖盘
730,13:08:15,28.65,--,8,22920,买盘
731,13:08:05,28.65,--,33,94545,买盘
732,13:07:36,28.65,--,7,20055,买盘
733,13:07:26,28.65,--,1,2865,买盘
734,13:07:20,28.65,-0.01,52,148980,卖盘
735,13:07:05,28.66,--,33,94578,卖盘
736,13:07:00,28.66,--,3,8598,卖盘
737,13:06:51,28.66,-0.01,20,57320,卖盘
738,13:06:35,28.67,--,7,20069,卖盘
739,13:06:05,28.67,--,20,57340,卖盘
740,13:05:50,28.67,-0.01,11,31537,卖盘
741,13:05:44,28.68,0.01,1,2868,买盘
742,13:05:41,28.67,-0.01,30,86010,卖盘
743,13:05:35,28.68,0.01,2,5736,买盘
744,13:05:14,28.67,-0.01,30,86010,卖盘
745,13:05:10,28.68,--,3,8604,买盘
746,13:04:35,28.68,0.01,3,8604,买盘
747,13:04:29,28.67,-0.01,13,37271,卖盘
748,13:03:59,28.68,--,1,2868,买盘
749,13:03:44,28.68,--,8,22944,买盘
750,13:03:29,28.68,0.01,20,57360,买盘
751,13:03:14,28.67,-0.01,3,8601,卖盘
752,13:03:05,28.68,--,1,2868,买盘
753,13:02:23,28.68,--,10,28680,买盘
754,13:02:20,28.68,--,39,111852,卖盘
755,13:02:08,28.68,--,1,2868,卖盘
756,13:01:59,28.68,-0.01,5,14340,卖盘
757,13:01:44,28.69,0.01,2,5738,买盘
758,13:01:38,28.68,-0.01,1,2868,卖盘
759,13:01:35,28.69,--,14,40166,卖盘
760,13:01:29,28.69,--,3,8607,卖盘
761,13:01:23,28.69,--,1,2869,卖盘
762,13:01:20,28.69,--,12,34428,买盘
763,13:01:14,28.69,-0.01,8,22952,卖盘
764,13:01:08,28.7,0.01,2,5740,买盘
765,13:01:05,28.69,-0.01,1,2869,买盘
766,13:00:59,28.7,0.01,14,40180,买盘
767,13:00:53,28.69,--,13,37297,卖盘
768,13:00:50,28.69,-0.01,50,143450,卖盘
769,13:00:38,28.7,0.01,1,2870,买盘
770,13:00:29,28.69,-0.01,50,143450,卖盘
771,13:00:08,28.7,0.01,73,209510,买盘
772,13:00:05,28.69,0.01,122,350018,买盘
773,11:30:00,28.68,--,0,0,卖盘
774,11:29:59,28.68,--,0,0,卖盘
775,11:29:52,28.68,-0.01,1,2868,卖盘
776,11:29:37,28.69,--,3,8607,买盘
777,11:29:31,28.69,--,16,45904,买盘
778,11:29:27,28.69,--,5,14345,买盘
779,11:29:21,28.69,--,5,14345,买盘
780,11:28:46,28.69,0.01,100,286900,卖盘
781,11:28:31,28.68,--,0,0,卖盘
782,11:28:21,28.68,-0.02,30,86040,卖盘
783,11:28:16,28.7,0.01,1,2870,买盘
784,11:28:11,28.69,--,21,60249,卖盘
785,11:28:01,28.69,--,58,166402,买盘
786,11:27:56,28.69,0.01,2,5738,买盘
787,11:27:41,28.68,--,77,223474,买盘
788,11:27:36,28.68,--,1,2868,买盘
789,11:27:06,28.68,0.01,40,114720,买盘
790,11:27:01,28.67,-0.01,22,63074,卖盘
791,11:26:31,28.68,-0.01,1,3097,卖盘
792,11:26:10,28.69,--,2,5738,买盘
793,11:25:16,28.69,--,8,22952,买盘
794,11:25:10,28.69,--,3,8607,卖盘
795,11:25:00,28.69,-0.01,2,5738,卖盘
796,11:24:54,28.7,0.01,50,143500,买盘
797,11:24:51,28.69,--,20,57380,中性盘
798,11:24:46,28.69,--,13,37297,买盘
799,11:24:40,28.69,--,16,45904,卖盘
800,11:24:36,28.69,--,18,51642,买盘
801,11:24:25,28.69,--,12,34428,卖盘
802,11:24:15,28.69,--,20,57380,卖盘
803,11:24:06,28.69,--,30,86070,卖盘
804,11:23:54,28.69,--,39,111891,买盘
805,11:23:40,28.69,0.01,11,31559,买盘
806,11:23:05,28.68,--,1,5506,买盘
807,11:23:00,28.68,--,6,17208,买盘
808,11:22:51,28.68,0.01,5,14340,买盘
809,11:22:45,28.67,--,30,86382,买盘
810,11:22:39,28.67,--,1,2867,买盘
811,11:22:35,28.67,--,10,28670,买盘
812,11:22:24,28.67,0.01,1,2867,买盘
813,11:22:15,28.66,0.01,10,28660,买盘
814,11:21:36,28.65,--,9,25785,买盘
815,11:21:21,28.65,--,10,28650,买盘
816,11:21:15,28.65,0.01,2,5730,买盘
817,11:20:45,28.64,0.01,9,26577,买盘
818,11:20:35,28.63,0.01,7,20041,中性盘
819,11:20:30,28.62,-0.01,36,103032,卖盘
820,11:20:24,28.63,--,2,8159,买盘
821,11:20:15,28.63,0.01,2,5726,买盘
822,11:20:09,28.62,-0.01,13,39810,卖盘
823,11:19:54,28.63,-0.01,58,166254,卖盘
824,11:19:45,28.64,--,15,45623,买盘
825,11:19:33,28.64,--,4,11456,买盘
826,11:19:30,28.64,--,17,48688,买盘
827,11:19:24,28.64,-0.01,170,488942,卖盘
828,11:19:18,28.65,-0.01,12,37015,卖盘
829,11:19:15,28.66,0.01,6,17196,买盘
830,11:19:00,28.65,--,20,57300,卖盘
831,11:18:48,28.65,--,0,0,卖盘
832,11:18:45,28.65,--,1,2865,买盘
833,11:18:33,28.65,-0.01,19,54435,卖盘
834,11:18:30,28.66,0.01,5,14330,买盘
835,11:18:18,28.65,0.01,31,88815,卖盘
836,11:18:09,28.64,--,0,0,卖盘
837,11:18:03,28.64,--,0,0,卖盘
838,11:18:00,28.64,-0.01,20,58311,卖盘
839,11:17:54,28.65,--,42,121934,卖盘
840,11:17:48,28.65,--,0,0,卖盘
841,11:17:39,28.65,-0.01,51,148292,卖盘
842,11:17:30,28.66,-0.01,75,215179,卖盘
843,11:17:18,28.67,0.01,6,17202,买盘
844,11:17:15,28.66,0.01,13,39894,买盘
845,11:17:00,28.65,--,11,31515,卖盘
846,11:16:54,28.65,-0.02,12,37015,卖盘
847,11:16:48,28.67,0.02,10,28670,买盘
848,11:16:39,28.65,-0.01,18,54205,卖盘
849,11:16:30,28.66,-0.01,8,23558,卖盘
850,11:16:24,28.67,-0.02,90,259664,卖盘
851,11:16:18,28.69,0.02,15,45674,买盘
852,11:16:15,28.67,-0.01,30,86010,卖盘
853,11:16:09,28.68,--,32,93238,买盘
854,11:16:00,28.68,--,44,126192,买盘
855,11:15:54,28.68,0.01,5,14340,买盘
856,11:15:45,28.67,--,20,57340,卖盘
857,11:15:39,28.67,0.01,20,57340,买盘
858,11:15:33,28.66,--,2,7967,买盘
859,11:15:30,28.66,--,28,80878,卖盘
860,11:15:14,28.66,0.01,5,16565,买盘
861,11:15:09,28.65,-0.01,30,85950,卖盘
862,11:15:03,28.66,--,6,17196,买盘
863,11:14:59,28.66,--,23,68554,买盘
864,11:14:48,28.66,--,7,20062,买盘
865,11:14:44,28.66,--,43,123238,买盘
866,11:14:39,28.66,--,1,2866,买盘
867,11:14:29,28.66,--,32,91712,买盘
868,11:14:14,28.66,--,14,42760,买盘
869,11:14:09,28.66,0.01,28,80649,买盘
870,11:14:03,28.65,--,9,28248,买盘
871,11:13:59,28.65,--,11,31686,卖盘
872,11:13:54,28.65,--,30,88585,卖盘
873,11:13:44,28.65,-0.01,18,54205,卖盘
874,11:13:39,28.66,--,6,17196,卖盘
875,11:13:33,28.66,--,12,34392,卖盘
876,11:13:24,28.66,--,25,71650,买盘
877,11:13:18,28.66,--,18,51588,买盘
878,11:13:09,28.66,--,40,114640,买盘
879,11:13:03,28.66,0.01,1,2866,买盘
880,11:12:57,28.65,-0.01,30,85950,卖盘
881,11:12:54,28.66,0.01,1,2866,买盘
882,11:12:48,28.65,--,20,57300,卖盘
883,11:12:33,28.65,--,21,60451,买盘
884,11:12:27,28.65,--,20,57300,买盘
885,11:12:24,28.65,--,5,14325,买盘
886,11:12:18,28.65,--,13,37245,买盘
887,11:12:09,28.65,--,2,5730,买盘
888,11:12:03,28.65,--,20,57300,买盘
889,11:11:57,28.65,--,10,28650,买盘
890,11:11:54,28.65,--,5,14325,买盘
891,11:11:48,28.65,--,10,28650,买盘
892,11:11:42,28.65,--,1,2865,买盘
893,11:11:39,28.65,--,7,20055,买盘
894,11:11:33,28.65,--,9,25785,买盘
895,11:11:24,28.65,--,3,8595,买盘
896,11:11:18,28.65,--,4,11460,买盘
897,11:11:09,28.65,--,2,5730,买盘
898,11:10:57,28.65,--,5,14325,买盘
899,11:10:54,28.65,--,1,2865,买盘
900,11:10:48,28.65,--,10,31228,卖盘
901,11:10:33,28.65,--,6,17476,买盘
902,11:10:27,28.65,-0.01,13,39823,卖盘
903,11:10:18,28.66,--,49,140434,卖盘
904,11:10:03,28.66,0.01,13,37258,买盘
905,11:09:54,28.65,-0.01,10,28650,卖盘
906,11:09:48,28.66,0.01,2,5732,买盘
907,11:09:42,28.65,--,11,31801,买盘
908,11:09:39,28.65,--,28,82798,卖盘
909,11:09:33,28.65,--,8,22920,卖盘
910,11:09:27,28.65,--,1,2865,卖盘
911,11:09:24,28.65,--,27,77641,买盘
912,11:09:18,28.65,--,5,14325,买盘
913,11:09:09,28.65,--,23,65895,买盘
914,11:09:03,28.65,--,12,34380,买盘
915,11:08:57,28.65,--,3,8595,买盘
916,11:08:18,28.65,--,7,20055,买盘
917,11:08:03,28.65,--,4,11460,买盘
918,11:07:48,28.65,-0.01,18,54148,卖盘
919,11:07:42,28.66,--,8,22928,买盘
920,11:07:38,28.66,0.01,11,31526,买盘
921,11:07:33,28.65,--,30,85950,卖盘
922,11:07:18,28.65,0.01,21,60165,卖盘
923,11:07:03,28.64,-0.01,33,94512,卖盘
924,11:06:53,28.65,--,29,83371,买盘
925,11:06:48,28.65,0.01,11,31515,买盘
926,11:06:38,28.64,--,13,37232,买盘
927,11:06:33,28.64,-0.01,13,39809,卖盘
928,11:06:27,28.65,--,5,14325,买盘
929,11:06:23,28.65,--,42,120330,买盘
930,11:06:18,28.65,--,1,2865,买盘
931,11:06:12,28.65,--,15,42975,买盘
932,11:06:08,28.65,--,3,8595,买盘
933,11:05:51,28.65,-0.02,14,40110,卖盘
934,11:05:42,28.67,--,0,0,买盘
935,11:05:21,28.67,--,1,2867,卖盘
936,11:05:06,28.67,0.02,29,83143,买盘
937,11:05:03,28.65,-0.02,36,103140,卖盘
938,11:04:57,28.67,--,10,28670,买盘
939,11:04:48,28.67,0.02,1,2867,买盘
940,11:04:42,28.65,--,32,91680,卖盘
941,11:04:27,28.65,--,18,51570,买盘
942,11:04:18,28.65,--,32,91680,买盘
943,11:04:12,28.65,--,2,5730,买盘
944,11:04:03,28.65,0.01,10,28650,买盘
945,11:03:57,28.64,--,0,0,卖盘
946,11:03:42,28.64,-0.01,57,163248,卖盘
947,11:03:36,28.65,-0.01,5,14325,卖盘
948,11:03:27,28.66,0.01,1,2866,买盘
949,11:03:21,28.65,-0.01,4,11460,卖盘
950,11:03:18,28.66,0.01,6,17196,买盘
951,11:03:12,28.65,--,31,88815,卖盘
952,11:03:03,28.65,-0.01,6,17476,卖盘
953,11:02:48,28.66,--,24,68784,买盘
954,11:02:42,28.66,--,5,14330,买盘
955,11:02:21,28.66,-0.01,12,34392,卖盘
956,11:01:57,28.67,--,1,2867,买盘
957,11:01:47,28.67,--,0,0,买盘
958,11:01:32,28.67,0.02,4,11468,买盘
959,11:01:27,28.65,-0.02,15,44636,卖盘
960,11:01:21,28.67,--,1,2867,买盘
961,11:01:17,28.67,0.01,34,97478,买盘
962,11:01:12,28.66,-0.01,86,247679,卖盘
963,11:01:02,28.67,--,1,3555,卖盘
964,11:00:57,28.67,--,12,37041,卖盘
965,11:00:51,28.67,--,12,37041,卖盘
966,11:00:47,28.67,-0.01,18,54243,卖盘
967,11:00:42,28.68,--,9,25812,买盘
968,11:00:32,28.68,--,1,3814,卖盘
969,11:00:27,28.68,--,4,11472,卖盘
970,11:00:21,28.68,--,11,31548,卖盘
971,11:00:17,28.68,--,10,28680,卖盘
972,11:00:12,28.68,--,6,17208,卖盘
973,11:00:06,28.68,-0.01,13,37284,卖盘
974,10:59:57,28.69,0.01,8,22952,卖盘
975,10:59:42,28.68,--,0,0,卖盘
976,10:59:36,28.68,-0.02,7,20076,卖盘
977,10:59:32,28.7,--,3,8610,买盘
978,10:59:17,28.7,--,2,5740,买盘
979,10:59:12,28.7,0.02,8,22960,买盘
980,10:59:06,28.68,--,6,17208,卖盘
981,10:58:51,28.68,--,8,24865,买盘
982,10:58:47,28.68,--,1,2868,买盘
983,10:58:42,28.68,--,4,11472,买盘
984,10:58:30,28.68,0.01,3,8604,买盘
985,10:58:27,28.67,-0.03,98,281912,卖盘
986,10:58:15,28.7,0.01,5,14350,买盘
987,10:58:12,28.69,--,53,152057,卖盘
988,10:58:06,28.69,--,3,8607,卖盘
989,10:57:57,28.69,--,4,11476,卖盘
990,10:57:45,28.69,--,3,8607,卖盘
991,10:57:41,28.69,-0.01,26,74594,卖盘
992,10:57:30,28.7,--,3,8610,买盘
993,10:57:27,28.7,--,2,5740,买盘
994,10:57:21,28.7,--,6,17220,买盘
995,10:57:15,28.7,0.01,5,14350,买盘
996,10:57:11,28.69,--,21,60249,卖盘
997,10:57:06,28.69,-0.01,32,91808,卖盘
998,10:57:00,28.7,--,5,14350,买盘
999,10:56:57,28.7,0.01,20,57400,买盘
1000,10:56:51,28.69,-0.01,5,14345,卖盘
1001,10:56:45,28.7,--,10,28700,买盘
1002,10:56:41,28.7,--,5,14350,买盘
1003,10:56:36,28.7,--,9,25830,买盘
1004,10:56:27,28.7,--,30,86100,买盘
1005,10:56:15,28.7,--,4,11480,买盘
1006,10:56:00,28.7,0.01,2,5740,买盘
1007,10:55:57,28.69,-0.01,41,118088,卖盘
1008,10:55:51,28.7,--,12,37080,卖盘
1009,10:55:45,28.7,0.01,12,37080,卖盘
1010,10:55:36,28.69,-0.01,12,37067,卖盘
1011,10:55:30,28.7,--,1,2870,卖盘
1012,10:55:26,28.7,--,17,51430,卖盘
1013,10:55:21,28.7,--,8,25141,买盘
1014,10:55:11,28.7,--,412,1182899,卖盘
1015,10:55:06,28.7,--,0,0,卖盘
1016,10:55:00,28.7,--,12,37080,卖盘
1017,10:54:56,28.7,--,9,25830,卖盘
1018,10:54:51,28.7,--,31,91610,买盘
1019,10:54:45,28.7,--,18,51660,买盘
1020,10:54:41,28.7,--,15,45690,买盘
1021,10:54:36,28.7,--,7,20090,买盘
1022,10:54:30,28.7,--,59,169330,卖盘
1023,10:54:26,28.7,--,0,0,卖盘
1024,10:54:21,28.7,-0.01,55,157850,卖盘
1025,10:54:06,28.71,0.01,5,14355,买盘
1026,10:54:00,28.7,-0.01,2,5740,卖盘
1027,10:53:56,28.71,0.01,2,5742,买盘
1028,10:53:51,28.7,--,50,143500,卖盘
1029,10:53:45,28.7,-0.03,6,17220,卖盘
1030,10:53:36,28.73,--,10,28730,买盘
1031,10:53:30,28.73,0.02,4,11492,买盘
1032,10:53:26,28.71,-0.02,110,315810,卖盘
1033,10:53:21,28.73,0.02,6,17238,卖盘
1034,10:53:15,28.71,--,0,0,卖盘
1035,10:53:11,28.71,-0.01,100,287100,卖盘
1036,10:53:06,28.72,-0.03,13,38657,卖盘
1037,10:53:00,28.75,0.02,11,31625,买盘
1038,10:52:51,28.73,-0.02,10,28730,卖盘
1039,10:52:45,28.75,--,6,17250,买盘
1040,10:52:41,28.75,-0.01,21,63135,卖盘
1041,10:52:36,28.76,--,6,17256,卖盘
1042,10:52:30,28.76,0.01,6,18578,卖盘
1043,10:52:21,28.75,--,5,16042,卖盘
1044,10:52:06,28.75,--,0,0,卖盘
1045,10:52:00,28.75,-0.02,6,17250,卖盘
1046,10:51:51,28.77,--,9,28424,卖盘
1047,10:51:45,28.77,--,80,230160,卖盘
1048,10:51:36,28.77,--,4,11508,卖盘
1049,10:51:30,28.77,--,46,132687,买盘
1050,10:51:21,28.77,--,30,86310,买盘
1051,10:51:15,28.77,--,2,5754,买盘
1052,10:51:11,28.77,--,18,51786,买盘
1053,10:51:06,28.77,-0.01,74,215429,卖盘
1054,10:51:00,28.78,0.01,30,86340,买盘
1055,10:50:51,28.77,-0.01,8,23016,卖盘
1056,10:50:39,28.78,--,5,14390,买盘
1057,10:50:30,28.78,0.01,5,14390,买盘
1058,10:50:21,28.77,--,6,17262,卖盘
1059,10:50:15,28.77,--,16,46032,卖盘
1060,10:50:00,28.77,--,30,86655,买盘
1061,10:49:45,28.77,--,5,14385,买盘
1062,10:49:35,28.77,--,12,34524,买盘
1063,10:49:30,28.77,--,10,28770,买盘
1064,10:49:05,28.77,0.01,34,97818,买盘
1065,10:48:50,28.76,-0.01,20,57520,卖盘
1066,10:48:39,28.77,--,0,0,买盘
1067,10:48:30,28.77,--,20,57540,买盘
1068,10:48:00,28.77,0.06,6,17262,买盘
1069,10:47:54,28.71,-0.06,2,5742,卖盘
1070,10:47:50,28.77,--,1,2877,买盘
1071,10:47:45,28.77,--,6,17262,买盘
1072,10:47:35,28.77,0.08,3,8631,买盘
1073,10:47:30,28.69,-0.01,9,25821,卖盘
1074,10:47:20,28.7,--,9,25830,卖盘
1075,10:47:15,28.7,-0.07,11,31570,卖盘
1076,10:47:05,28.77,-0.01,5,14385,买盘
1077,10:47:00,28.78,--,0,0,买盘
1078,10:46:54,28.78,--,2,5756,买盘
1079,10:46:50,28.78,--,2,5756,买盘
1080,10:46:45,28.78,0.08,14,40292,买盘
1081,10:46:24,28.7,-0.08,9,25830,卖盘
1082,10:46:15,28.78,0.07,10,28780,买盘
1083,10:46:00,28.71,--,8,22968,买盘
1084,10:45:54,28.71,0.01,16,45936,买盘
1085,10:45:50,28.7,--,9,25830,卖盘
1086,10:45:45,28.7,-0.01,4,11480,卖盘
1087,10:45:39,28.71,--,10,28710,买盘
1088,10:45:30,28.71,0.01,7,20097,买盘
1089,10:45:24,28.7,-0.01,7,20090,卖盘
1090,10:45:20,28.71,--,2,5742,卖盘
1091,10:45:15,28.71,0.01,10,28710,卖盘
1092,10:45:09,28.7,--,0,0,卖盘
1093,10:45:00,28.7,-0.07,1,2870,卖盘
1094,10:44:54,28.77,0.07,21,60417,买盘
1095,10:44:45,28.7,-0.07,3,8610,卖盘
1096,10:44:35,28.77,0.07,1,2877,买盘
1097,10:44:30,28.7,-0.07,4,11480,卖盘
1098,10:44:15,28.77,--,2,5754,买盘
1099,10:44:09,28.77,-0.01,1,3883,卖盘
1100,10:43:50,28.78,--,96,277986,卖盘
1101,10:43:45,28.78,--,151,434578,卖盘
1102,10:43:35,28.78,-0.01,5,14390,卖盘
1103,10:43:30,28.79,0.01,119,343781,买盘
1104,10:43:24,28.78,--,18,51804,卖盘
1105,10:43:20,28.78,0.01,20,57560,买盘
1106,10:43:09,28.77,--,0,0,卖盘
1107,10:43:05,28.77,-0.01,4,11508,卖盘
1108,10:42:54,28.78,-0.01,118,339604,卖盘
1109,10:42:45,28.79,0.01,16,46064,买盘
1110,10:42:39,28.78,--,25,71950,卖盘
1111,10:42:35,28.78,--,75,217720,买盘
1112,10:42:24,28.78,--,19,54682,买盘
1113,10:42:14,28.78,--,112,323343,卖盘
1114,10:42:09,28.78,--,9,25902,卖盘
1115,10:42:03,28.78,--,84,243622,买盘
1116,10:41:59,28.78,--,0,0,买盘
1117,10:41:48,28.78,--,3,9641,卖盘
1118,10:41:39,28.78,--,51,146778,卖盘
1119,10:41:29,28.78,--,7,21441,卖盘
1120,10:41:24,28.78,--,38,110659,卖盘
1121,10:41:18,28.78,--,6,18563,卖盘
1122,10:41:14,28.78,--,4,11512,卖盘
1123,10:41:09,28.78,0.03,89,257005,买盘
1124,10:40:59,28.75,0.05,9,26162,中性盘
1125,10:40:54,28.7,--,2,5740,卖盘
1126,10:40:48,28.7,-0.01,50,143500,卖盘
1127,10:40:29,28.71,--,15,43065,卖盘
1128,10:40:18,28.71,--,2,5742,卖盘
1129,10:40:14,28.71,--,1,2871,卖盘
1130,10:40:09,28.71,-0.05,25,73641,卖盘
1131,10:40:03,28.76,--,5,14380,卖盘
1132,10:39:59,28.76,-0.01,8,24302,卖盘
1133,10:39:54,28.77,0.01,1,2877,买盘
1134,10:39:48,28.76,-0.01,6,18550,卖盘
1135,10:39:39,28.77,0.01,20,57540,买盘
1136,10:39:33,28.76,--,6,18550,卖盘
1137,10:39:24,28.76,0.05,12,34512,买盘
1138,10:39:18,28.71,0.01,6,18517,中性盘
1139,10:39:03,28.7,--,11,32861,卖盘
1140,10:38:54,28.7,0.02,4,11480,卖盘
1141,10:38:48,28.68,--,0,0,卖盘
1142,10:38:32,28.68,--,0,0,卖盘
1143,10:38:29,28.68,--,50,143400,卖盘
1144,10:38:24,28.68,-0.01,6,18498,卖盘
1145,10:38:18,28.69,0.01,15,44039,买盘
1146,10:38:14,28.68,-0.01,4,11472,卖盘
1147,10:38:09,28.69,0.01,2,5738,买盘
1148,10:38:03,28.68,-0.01,3,9607,卖盘
1149,10:37:59,28.69,0.02,2,5738,卖盘
1150,10:37:53,28.67,--,0,0,卖盘
1151,10:37:48,28.67,-0.01,20,57340,卖盘
1152,10:37:44,28.68,--,2,7600,买盘
1153,10:37:39,28.68,--,76,217968,买盘
1154,10:37:33,28.68,-0.01,51,148562,卖盘
1155,10:37:29,28.69,--,3,8607,卖盘
1156,10:37:24,28.69,0.01,6,18505,卖盘
1157,10:37:18,28.68,--,0,0,卖盘
1158,10:37:09,28.68,--,16,47178,卖盘
1159,10:37:03,28.68,0.01,27,78296,买盘
1160,10:36:59,28.67,-0.01,3,8601,卖盘
1161,10:36:54,28.68,--,11,31548,买盘
1162,10:36:48,28.68,--,17,49186,卖盘
1163,10:36:44,28.68,-0.04,250,717000,卖盘
1164,10:36:39,28.72,0.01,20,58588,买盘
1165,10:36:33,28.71,-0.01,18,52969,卖盘
1166,10:36:29,28.72,--,5,14360,买盘
1167,10:36:23,28.72,-0.04,153,439559,卖盘
1168,10:36:18,28.76,--,25,73481,卖盘
1169,10:36:14,28.76,-0.01,6,18550,卖盘
1170,10:36:09,28.77,--,32,92639,卖盘
1171,10:36:02,28.77,--,6,18556,卖盘
1172,10:35:53,28.77,--,6,18556,卖盘
1173,10:35:48,28.77,0.02,19,55669,买盘
1174,10:35:44,28.75,-0.03,9,25875,卖盘
1175,10:35:39,28.78,0.02,13,38709,买盘
1176,10:35:32,28.76,-0.02,16,47310,卖盘
1177,10:35:29,28.78,--,0,0,买盘
1178,10:35:24,28.78,0.01,11,32953,买盘
1179,10:35:18,28.77,--,8,24022,买盘
1180,10:35:13,28.77,--,4,13090,卖盘
1181,10:35:08,28.77,--,13,38695,卖盘
1182,10:35:03,28.77,0.02,8,24310,买盘
1183,10:34:53,28.75,--,25,73168,卖盘
1184,10:34:48,28.75,--,16,47293,卖盘
1185,10:34:42,28.75,0.01,20,57500,卖盘
1186,10:34:39,28.74,--,0,0,卖盘
1187,10:34:33,28.74,-0.01,24,68976,卖盘
1188,10:34:27,28.75,0.02,14,41543,买盘
1189,10:34:23,28.73,--,63,180999,卖盘
1190,10:34:18,28.73,-0.02,11,31603,卖盘
1191,10:34:11,28.75,--,20,57500,买盘
1192,10:34:08,28.75,--,8,23000,卖盘
1193,10:34:03,28.75,-0.03,40,115000,卖盘
1194,10:33:53,28.78,--,10,28780,买盘
1195,10:33:48,28.78,--,13,37414,卖盘
1196,10:33:38,28.78,--,8,23024,卖盘
1197,10:33:32,28.78,-0.01,105,302190,卖盘
1198,10:33:18,28.79,-0.01,43,123797,卖盘
1199,10:33:12,28.8,--,3,8640,买盘
1200,10:33:02,28.8,--,7,20736,卖盘
1201,10:32:56,28.8,--,9,25920,卖盘
1202,10:32:47,28.8,-0.01,101,290880,卖盘
1203,10:32:38,28.81,--,8,23048,卖盘
1204,10:32:33,28.81,--,1,2881,卖盘
1205,10:32:23,28.81,--,22,63382,卖盘
1206,10:32:12,28.81,--,9,25929,卖盘
1207,10:31:56,28.81,0.01,4,11524,卖盘
1208,10:31:53,28.8,--,0,0,卖盘
1209,10:31:47,28.8,--,42,123552,卖盘
1210,10:31:41,28.8,--,7,20160,卖盘
1211,10:31:38,28.8,-0.05,146,420480,卖盘
1212,10:31:32,28.85,0.05,1,2885,买盘
1213,10:31:26,28.8,-0.02,103,296640,卖盘
1214,10:31:17,28.82,-0.03,29,83578,卖盘
1215,10:31:11,28.85,-0.01,15,43275,卖盘
1216,10:31:08,28.86,0.01,5,14430,中性盘
1217,10:31:02,28.85,-0.01,131,377935,卖盘
1218,10:30:53,28.86,--,4,11544,卖盘
1219,10:30:47,28.86,--,22,63492,卖盘
1220,10:30:41,28.86,--,13,40115,卖盘
1221,10:30:32,28.86,-0.02,3,8658,卖盘
1222,10:30:26,28.88,0.01,81,236238,买盘
1223,10:30:23,28.87,-0.01,8,23096,卖盘
1224,10:30:17,28.88,--,8,23104,卖盘
1225,10:30:11,28.88,--,22,66135,卖盘
1226,10:30:08,28.88,--,1,2888,卖盘
1227,10:30:02,28.88,-0.01,10,30179,卖盘
1228,10:29:56,28.89,--,4,11556,买盘
1229,10:29:47,28.89,--,3,8667,买盘
1230,10:29:38,28.89,--,1,2889,买盘
1231,10:29:32,28.89,0.01,1,2889,买盘
1232,10:29:23,28.88,--,6,18627,卖盘
1233,10:29:17,28.88,--,12,34656,卖盘
1234,10:29:11,28.88,-0.01,1,2888,卖盘
1235,10:29:02,28.89,0.01,10,30190,买盘
1236,10:28:56,28.88,-0.01,1,2888,卖盘
1237,10:28:47,28.89,--,7,20223,买盘
1238,10:28:32,28.89,--,23,67024,卖盘
1239,10:28:26,28.89,--,1,2889,卖盘
1240,10:28:22,28.89,-0.01,9,26001,卖盘
1241,10:28:17,28.9,--,6,17340,买盘
1242,10:28:08,28.9,0.01,6,17340,买盘
1243,10:28:02,28.89,--,6,18634,卖盘
1244,10:27:56,28.89,--,4,11556,卖盘
1245,10:27:47,28.89,--,6,18634,卖盘
1246,10:27:41,28.89,--,20,57780,卖盘
1247,10:27:35,28.89,--,5,14445,卖盘
1248,10:27:32,28.89,--,6,18634,卖盘
1249,10:27:26,28.89,--,24,70636,买盘
1250,10:27:11,28.89,-0.01,2,5778,卖盘
1251,10:27:02,28.9,0.01,2,5780,买盘
1252,10:26:50,28.89,--,0,2600,买盘
1253,10:26:47,28.89,-0.01,5,16033,卖盘
1254,10:26:41,28.9,0.01,5,14450,买盘
1255,10:26:32,28.89,0.01,6,18634,买盘
1256,10:26:26,28.88,-0.01,7,20216,卖盘
1257,10:26:20,28.89,0.01,20,57780,中性盘
1258,10:26:11,28.88,-0.02,9,27291,卖盘
1259,10:26:02,28.9,--,0,0,买盘
1260,10:25:56,28.9,0.01,11,31790,买盘
1261,10:25:50,28.89,--,10,30478,卖盘
1262,10:25:35,28.89,--,2,7078,买盘
1263,10:25:32,28.89,0.01,3,8667,买盘
1264,10:25:20,28.88,-0.01,17,51695,卖盘
1265,10:25:17,28.89,0.01,12,35968,买盘
1266,10:25:11,28.88,--,5,14440,卖盘
1267,10:25:05,28.88,--,10,30179,卖盘
1268,10:24:50,28.88,-0.01,7,21515,卖盘
1269,10:24:41,28.89,-0.01,9,26289,卖盘
1270,10:24:35,28.9,0.01,11,33090,买盘
1271,10:24:26,28.89,-0.01,6,18634,卖盘
1272,10:24:17,28.9,--,0,0,买盘
1273,10:24:02,28.9,--,19,54910,买盘
1274,10:23:50,28.9,--,0,0,买盘
1275,10:23:47,28.9,0.02,1,2890,买盘
1276,10:23:41,28.88,-0.02,8,23104,卖盘
1277,10:23:35,28.9,0.02,3,8670,买盘
1278,10:23:26,28.88,--,2,5776,卖盘
1279,10:23:20,28.88,-0.01,20,59059,卖盘
1280,10:23:11,28.89,--,0,2311,买盘
1281,10:23:05,28.89,0.01,1,2889,买盘
1282,10:23:02,28.88,-0.01,11,31768,卖盘
1283,10:22:50,28.89,0.03,10,28890,买盘
1284,10:22:47,28.86,--,2,5772,卖盘
1285,10:22:41,28.86,-0.03,10,30447,卖盘
1286,10:22:35,28.89,0.01,7,20223,买盘
1287,10:22:31,28.88,-0.01,9,27291,卖盘
1288,10:22:20,28.89,--,9,26001,买盘
1289,10:22:16,28.89,0.01,10,28890,买盘
1290,10:22:11,28.88,--,8,24403,卖盘
1291,10:22:05,28.88,--,8,23104,卖盘
1292,10:22:01,28.88,--,8,24403,卖盘
1293,10:21:56,28.88,--,34,98192,卖盘
1294,10:21:50,28.88,--,8,23104,卖盘
1295,10:21:46,28.88,--,18,53861,卖盘
1296,10:21:41,28.88,0.02,13,38843,买盘
1297,10:21:35,28.86,--,7,20202,卖盘
1298,10:21:31,28.86,-0.01,13,37518,卖盘
1299,10:21:26,28.87,-0.01,2,5774,卖盘
1300,10:21:20,28.88,--,6,17328,买盘
1301,10:21:11,28.88,-0.01,63,181944,卖盘
1302,10:21:05,28.89,--,10,29178,卖盘
1303,10:20:56,28.89,-0.01,5,17045,卖盘
1304,10:20:35,28.9,-0.01,113,327003,卖盘
1305,10:20:31,28.91,--,31,89621,买盘
1306,10:20:20,28.91,--,45,130095,卖盘
1307,10:20:16,28.91,--,0,0,卖盘
1308,10:20:05,28.91,-0.01,100,289100,卖盘
1309,10:19:59,28.92,--,6,17352,卖盘
1310,10:19:50,28.92,--,28,80976,卖盘
1311,10:19:41,28.92,-0.01,1,2892,卖盘
1312,10:19:35,28.93,--,11,31823,卖盘
1313,10:19:20,28.93,-0.01,1,2893,卖盘
1314,10:19:14,28.94,--,1,2894,卖盘
1315,10:18:59,28.94,--,19,54986,买盘
1316,10:18:56,28.94,0.01,53,153382,买盘
1317,10:18:50,28.93,--,1,2893,卖盘
1318,10:18:35,28.93,--,0,0,中性盘
1319,10:18:29,28.93,--,2,5786,卖盘
1320,10:18:26,28.93,--,10,28930,卖盘
1321,10:18:14,28.93,--,2,5786,卖盘
1322,10:18:05,28.93,--,4,11572,卖盘
1323,10:17:56,28.93,--,4,11572,卖盘
1324,10:17:44,28.93,--,8,23144,卖盘
1325,10:17:41,28.93,--,35,101255,卖盘
1326,10:17:35,28.93,--,40,115720,卖盘
1327,10:17:29,28.93,-0.01,30,86790,卖盘
1328,10:17:26,28.94,0.01,3,8682,买盘
1329,10:17:20,28.93,--,10,28930,买盘
1330,10:17:14,28.93,--,2,5786,卖盘
1331,10:17:11,28.93,0.01,6,17358,买盘
1332,10:17:05,28.92,-0.01,1,2892,卖盘
1333,10:16:59,28.93,--,1,2893,买盘
1334,10:16:56,28.93,--,2,5786,卖盘
1335,10:16:50,28.93,--,53,153329,卖盘
1336,10:16:35,28.93,--,3,8679,卖盘
1337,10:16:29,28.93,-0.01,1,2893,卖盘
1338,10:16:20,28.94,--,5,14470,买盘
1339,10:16:14,28.94,--,14,40516,买盘
1340,10:16:05,28.94,--,4,11576,买盘
1341,10:15:59,28.94,--,12,34728,买盘
1342,10:15:55,28.94,0.01,35,101290,买盘
1343,10:15:50,28.93,--,1,2893,卖盘
1344,10:15:40,28.93,--,1,2893,卖盘
1345,10:15:26,28.93,--,22,63646,卖盘
1346,10:15:05,28.93,--,1,2893,卖盘
1347,10:14:59,28.93,--,3,8679,卖盘
1348,10:14:50,28.93,--,5,14465,卖盘
1349,10:14:35,28.93,0.01,19,54967,买盘
1350,10:14:14,28.92,--,6,17352,卖盘
1351,10:14:05,28.92,-0.01,6,17352,卖盘
1352,10:13:55,28.93,-0.01,8,23144,卖盘
1353,10:13:50,28.94,0.01,1,2894,买盘
1354,10:13:44,28.93,--,3,8679,卖盘
1355,10:13:35,28.93,--,0,0,卖盘
1356,10:13:29,28.93,-0.02,13,37609,卖盘
1357,10:13:24,28.95,--,0,0,买盘
1358,10:13:14,28.95,0.01,172,497940,买盘
1359,10:13:10,28.94,--,7,22139,卖盘
1360,10:12:59,28.94,--,6,17364,卖盘
1361,10:12:55,28.94,--,3,8682,卖盘
1362,10:12:50,28.94,--,1,2894,卖盘
1363,10:12:44,28.94,-0.01,2,5788,卖盘
1364,10:12:38,28.95,--,22,63690,买盘
1365,10:12:29,28.95,0.01,7,20265,买盘
1366,10:12:23,28.94,-0.02,67,193898,卖盘
1367,10:12:14,28.96,--,5,14480,买盘
1368,10:12:08,28.96,--,69,199824,卖盘
1369,10:12:05,28.96,-0.01,3,8688,卖盘
1370,10:11:53,28.97,0.01,5,14485,买盘
1371,10:11:38,28.96,--,14,40544,买盘
1372,10:11:35,28.96,--,10,28960,买盘
1373,10:11:29,28.96,--,2,5792,买盘
1374,10:11:05,28.96,--,2,5792,买盘
1375,10:10:50,28.96,0.01,4,11584,买盘
1376,10:10:44,28.95,--,10,28950,卖盘
1377,10:10:38,28.95,--,0,0,中性盘
1378,10:10:29,28.95,0.01,15,43425,买盘
1379,10:10:23,28.94,-0.01,8,23152,卖盘
1380,10:10:14,28.95,0.01,5,14475,买盘
1381,10:09:59,28.94,-0.01,1,2894,卖盘
1382,10:09:50,28.95,--,2,5790,卖盘
1383,10:09:34,28.95,--,2,5790,卖盘
1384,10:09:23,28.95,--,11,31845,卖盘
1385,10:09:08,28.95,--,13,37635,卖盘
1386,10:08:53,28.95,-0.01,3,8685,卖盘
1387,10:08:14,28.96,--,11,31856,买盘
1388,10:07:59,28.96,-0.01,88,254848,卖盘
1389,10:07:38,28.97,--,10,28970,买盘
1390,10:07:14,28.97,--,2,5794,买盘
1391,10:06:49,28.97,--,2,7734,卖盘
1392,10:06:44,28.97,-0.03,6,18656,卖盘
1393,10:06:34,29.0,--,0,0,买盘
1394,10:06:23,29.0,-0.01,306,889720,卖盘
1395,10:06:17,29.01,0.01,11,31911,买盘
1396,10:06:14,29.0,--,6,18676,卖盘
1397,10:06:08,29.0,--,10,29000,卖盘
1398,10:06:04,29.0,--,6,18676,卖盘
1399,10:05:59,29.0,--,6,18676,卖盘
1400,10:05:53,29.0,0.03,273,794252,买盘
1401,10:05:47,28.97,-0.03,29,85316,卖盘
1402,10:05:38,29.0,0.01,22,65076,买盘
1403,10:05:32,28.99,--,6,18669,卖盘
1404,10:05:23,28.99,--,7,21568,卖盘
1405,10:05:17,28.99,--,9,27366,卖盘
1406,10:05:08,28.99,--,85,247690,卖盘
1407,10:04:59,28.99,--,6,18669,卖盘
1408,10:04:53,28.99,0.02,56,163358,买盘
1409,10:04:47,28.97,-0.01,6,18685,卖盘
1410,10:04:44,28.98,--,5,14490,卖盘
1411,10:04:38,28.98,-0.01,5,14490,卖盘
1412,10:04:32,28.99,0.01,2,5798,买盘
1413,10:04:23,28.98,-0.01,20,57960,卖盘
1414,10:04:08,28.99,0.03,12,34788,买盘
1415,10:04:02,28.96,-0.01,32,92672,卖盘
1416,10:03:53,28.97,--,3,8691,买盘
1417,10:03:23,28.97,0.02,2,5794,买盘
1418,10:03:17,28.95,-0.02,11,31845,卖盘
1419,10:03:13,28.97,0.03,10,28970,买盘
1420,10:03:08,28.94,--,2,5788,卖盘
1421,10:02:53,28.94,--,20,58892,买盘
1422,10:02:47,28.94,0.01,6,17364,买盘
1423,10:02:43,28.93,--,32,92576,卖盘
1424,10:02:32,28.93,--,13,37609,买盘
1425,10:02:23,28.93,--,2,5786,买盘
1426,10:02:17,28.93,0.01,2,5786,买盘
1427,10:02:02,28.92,0.01,1,2892,卖盘
1428,10:01:53,28.91,-0.01,7,20237,卖盘
1429,10:01:47,28.92,--,2,5784,买盘
1430,10:01:43,28.92,-0.01,12,34704,买盘
1431,10:01:32,28.93,0.03,5,14465,买盘
1432,10:01:23,28.9,-0.02,11,33090,卖盘
1433,10:01:17,28.92,0.01,16,47573,买盘
1434,10:01:13,28.91,--,1,2891,卖盘
1435,10:01:08,28.91,--,6,18646,卖盘
1436,10:00:53,28.91,--,6,18646,卖盘
1437,10:00:38,28.91,--,13,37583,卖盘
1438,10:00:32,28.91,0.01,17,50881,买盘
1439,10:00:28,28.9,--,36,104040,卖盘
1440,10:00:23,28.9,--,7,21530,卖盘
1441,10:00:17,28.9,-0.01,41,118490,卖盘
1442,10:00:13,28.91,--,12,36282,卖盘
1443,10:00:08,28.91,-0.01,8,23128,卖盘
1444,10:00:02,28.92,--,2,5784,卖盘
1445,09:59:58,28.92,-0.01,6,18653,卖盘
1446,09:59:47,28.93,-0.01,7,20251,卖盘
1447,09:59:43,28.94,--,2,5788,买盘
1448,09:59:38,28.94,--,6,17364,买盘
1449,09:59:28,28.94,--,0,289,卖盘
1450,09:59:23,28.94,--,6,18666,卖盘
1451,09:59:17,28.94,--,47,136018,卖盘
1452,09:59:13,28.94,-0.01,6,18666,卖盘
1453,09:59:08,28.95,--,2,5790,买盘
1454,09:59:02,28.95,-0.01,22,63690,卖盘
1455,09:58:58,28.96,--,92,267011,卖盘
1456,09:58:53,28.96,--,8,24471,卖盘
1457,09:58:47,28.96,--,5,14480,卖盘
1458,09:58:43,28.96,--,1,2896,卖盘
1459,09:58:32,28.96,--,16,47639,卖盘
1460,09:58:28,28.96,-0.01,31,91079,卖盘
1461,09:58:17,28.97,-0.02,17,50552,卖盘
1462,09:58:02,28.99,--,13,37687,买盘
1463,09:57:56,28.99,--,7,20293,买盘
1464,09:57:37,28.99,-0.01,1,2899,卖盘
1465,09:57:32,29.0,-0.02,250,726595,卖盘
1466,09:57:26,29.02,0.01,3,8706,买盘
1467,09:57:22,29.01,--,9,27414,卖盘
1468,09:57:17,29.01,-0.02,34,98634,卖盘
1469,09:57:11,29.03,--,20,58060,买盘
1470,09:57:07,29.03,0.01,1,2903,买盘
1471,09:57:02,29.02,-0.01,211,612322,卖盘
1472,09:56:56,29.03,0.01,24,69672,买盘
1473,09:56:52,29.02,--,10,29020,卖盘
1474,09:56:47,29.02,-0.01,5,14510,卖盘
1475,09:56:32,29.03,--,3,8709,买盘
1476,09:56:17,29.03,--,1,2903,买盘
1477,09:56:11,29.03,-0.01,68,199000,卖盘
1478,09:56:07,29.04,--,22,64178,买盘
1479,09:55:56,29.04,0.01,1,2904,买盘
1480,09:55:52,29.03,-0.01,8,23224,卖盘
1481,09:55:47,29.04,0.01,7,20328,买盘
1482,09:55:37,29.03,--,10,29030,卖盘
1483,09:55:26,29.03,-0.01,24,69672,卖盘
1484,09:55:22,29.04,--,90,261360,买盘
1485,09:55:17,29.04,--,20,58080,买盘
1486,09:55:07,29.04,--,72,211701,卖盘
1487,09:54:56,29.04,--,9,26136,卖盘
1488,09:54:52,29.04,-0.01,6,18730,卖盘
1489,09:54:41,29.05,0.01,12,34860,买盘
1490,09:54:37,29.04,-0.01,200,580800,卖盘
1491,09:54:32,29.05,--,3,8715,买盘
1492,09:54:26,29.05,--,3,8715,中性盘
1493,09:54:22,29.05,--,20,58100,卖盘
1494,09:54:17,29.05,0.01,29,85261,中性盘
1495,09:54:07,29.04,-0.02,19,55176,卖盘
1496,09:54:02,29.06,--,0,0,买盘
1497,09:53:56,29.06,0.02,40,116240,买盘
1498,09:53:52,29.04,-0.01,13,37752,卖盘
1499,09:53:41,29.05,--,46,133630,卖盘
1500,09:53:37,29.05,-0.01,7,20335,卖盘
1501,09:53:26,29.06,0.01,3,8718,买盘
1502,09:53:22,29.05,--,9,26145,卖盘
1503,09:53:17,29.05,--,12,37474,卖盘
1504,09:53:11,29.05,--,54,156870,卖盘
1505,09:53:07,29.05,--,0,0,卖盘
1506,09:53:02,29.05,-0.01,23,69429,卖盘
1507,09:52:52,29.06,0.01,30,87180,买盘
1508,09:52:47,29.05,-0.01,12,37474,卖盘
1509,09:52:41,29.06,0.01,7,20342,买盘
1510,09:52:37,29.05,--,4,11620,卖盘
1511,09:52:26,29.05,--,1,2905,卖盘
1512,09:52:11,29.05,--,21,63619,卖盘
1513,09:52:07,29.05,-0.03,5,14525,卖盘
1514,09:52:02,29.08,0.03,8,23264,买盘
1515,09:51:56,29.05,-0.01,13,40379,卖盘
1516,09:51:51,29.06,0.01,24,72417,买盘
1517,09:51:47,29.05,-0.01,100,290500,卖盘
1518,09:51:41,29.06,--,37,107522,买盘
1519,09:51:37,29.06,--,27,81309,卖盘
1520,09:51:32,29.06,-0.03,18,52308,卖盘
1521,09:51:26,29.09,0.03,22,66616,买盘
1522,09:51:22,29.06,-0.03,6,18743,卖盘
1523,09:51:17,29.09,0.03,2,5818,买盘
1524,09:51:02,29.06,--,11,33273,卖盘
1525,09:50:56,29.06,--,6,18743,卖盘
1526,09:50:50,29.06,0.02,33,96537,买盘
1527,09:50:47,29.04,-0.01,1,2904,卖盘
1528,09:50:41,29.05,-0.01,107,312432,卖盘
1529,09:50:35,29.06,--,34,100547,卖盘
1530,09:50:31,29.06,--,6,18743,卖盘
1531,09:50:26,29.06,--,6,18743,卖盘
1532,09:50:20,29.06,--,18,53615,卖盘
1533,09:50:16,29.06,--,14,41991,卖盘
1534,09:50:11,29.06,--,12,37487,卖盘
1535,09:50:05,29.06,0.01,6,19470,买盘
1536,09:50:01,29.05,0.01,6,18737,卖盘
1537,09:49:56,29.04,-0.01,7,21634,卖盘
1538,09:49:50,29.05,0.01,14,41686,买盘
1539,09:49:46,29.04,--,12,36154,卖盘
1540,09:49:35,29.04,-0.01,39,113256,卖盘
1541,09:49:26,29.05,--,22,65217,买盘
1542,09:49:16,29.05,0.01,10,29050,买盘
1543,09:49:11,29.04,--,3,8712,卖盘
1544,09:49:01,29.04,--,6,18730,卖盘
1545,09:48:56,29.04,--,7,20328,卖盘
1546,09:48:50,29.04,-0.02,6,18730,卖盘
1547,09:48:46,29.06,0.01,56,164043,买盘
1548,09:48:41,29.05,0.01,7,20335,买盘
1549,09:48:35,29.04,-0.01,23,68970,卖盘
1550,09:48:31,29.05,0.01,29,86859,卖盘
1551,09:48:20,29.04,-0.02,70,203280,卖盘
1552,09:48:16,29.06,0.02,7,21649,中性盘
1553,09:48:01,29.04,-0.02,6,18730,卖盘
1554,09:47:56,29.06,0.03,95,277377,买盘
1555,09:47:50,29.03,--,6,18724,卖盘
1556,09:47:35,29.03,-0.03,170,493510,卖盘
1557,09:47:26,29.06,--,5,14530,卖盘
1558,09:47:20,29.06,--,4,11624,卖盘
1559,09:47:16,29.06,--,7,21649,卖盘
1560,09:47:11,29.06,-0.01,6,18743,卖盘
1561,09:47:05,29.07,--,11,31977,买盘
1562,09:47:01,29.07,--,4,11628,买盘
1563,09:46:56,29.07,--,2,5814,买盘
1564,09:46:50,29.07,--,3,8721,卖盘
1565,09:46:46,29.07,-0.03,2,5814,卖盘
1566,09:46:35,29.1,0.03,79,229890,买盘
1567,09:46:31,29.07,-0.03,6,17442,卖盘
1568,09:46:26,29.1,0.01,5,14550,买盘
1569,09:46:20,29.09,0.02,1,2909,买盘
1570,09:46:16,29.07,--,7,20349,卖盘
1571,09:46:05,29.07,0.04,4,11628,买盘
1572,09:46:01,29.03,--,0,0,卖盘
1573,09:45:56,29.03,-0.04,14,40642,卖盘
1574,09:45:50,29.07,--,3,8721,买盘
1575,09:45:46,29.07,0.04,2,5814,买盘
1576,09:45:35,29.03,-0.04,54,156762,卖盘
1577,09:45:05,29.07,--,3,8721,买盘
1578,09:45:01,29.07,-0.02,7,20349,卖盘
1579,09:44:56,29.09,--,2,5818,买盘
1580,09:44:41,29.09,--,0,0,买盘
1581,09:44:35,29.09,0.02,2,5818,买盘
1582,09:44:29,29.07,-0.01,15,43605,卖盘
1583,09:44:26,29.08,--,6,17448,卖盘
1584,09:44:20,29.08,-0.02,3,8724,卖盘
1585,09:44:16,29.1,0.02,6,17460,买盘
1586,09:44:05,29.08,0.01,2,5816,卖盘
1587,09:43:59,29.07,--,3,8721,买盘
1588,09:43:44,29.07,-0.03,3,8721,中性盘
1589,09:43:35,29.1,0.04,8,23280,买盘
1590,09:43:29,29.06,-0.01,17,49402,卖盘
1591,09:43:20,29.07,-0.01,28,81396,卖盘
1592,09:43:10,29.08,--,5,14540,买盘
1593,09:43:05,29.08,0.02,3,8724,买盘
1594,09:42:59,29.06,-0.02,5,14530,卖盘
1595,09:42:44,29.08,--,13,37804,买盘
1596,09:42:35,29.08,0.02,10,29080,买盘
1597,09:42:29,29.06,-0.02,13,37778,卖盘
1598,09:42:25,29.08,--,0,0,中性盘
1599,09:42:20,29.08,-0.02,1,2908,卖盘
1600,09:41:55,29.1,--,16,46560,买盘
1601,09:41:44,29.1,0.05,28,81480,买盘
1602,09:41:29,29.05,--,26,75530,卖盘
1603,09:41:25,29.05,--,19,55195,卖盘
1604,09:41:20,29.05,--,3,8715,卖盘
1605,09:41:04,29.05,--,10,29050,卖盘
1606,09:40:59,29.05,--,5,14525,买盘
1607,09:40:44,29.05,-0.04,5,14525,买盘
1608,09:40:40,29.09,--,1,2909,卖盘
1609,09:40:29,29.09,0.06,7,20363,买盘
1610,09:40:25,29.03,-0.06,5,14515,卖盘
1611,09:40:14,29.09,--,5,14545,买盘
1612,09:40:10,29.09,0.07,24,69816,买盘
1613,09:40:04,29.02,--,4,11608,中性盘
1614,09:39:59,29.02,--,3,8706,卖盘
1615,09:39:44,29.02,-0.01,3,8706,买盘
1616,09:39:40,29.03,--,0,0,买盘
1617,09:39:34,29.03,--,0,0,买盘
1618,09:39:29,29.03,0.01,2,5806,买盘
1619,09:39:25,29.02,-0.01,1,2902,卖盘
1620,09:38:59,29.03,-0.07,15,43545,卖盘
1621,09:38:55,29.1,0.09,109,317190,买盘
1622,09:38:44,29.01,--,0,0,卖盘
1623,09:38:40,29.01,-0.09,102,295902,卖盘
1624,09:38:34,29.1,-0.01,3,8730,买盘
1625,09:38:14,29.11,--,0,0,买盘
1626,09:38:10,29.11,--,0,0,买盘
1627,09:38:04,29.11,--,0,0,买盘
1628,09:37:59,29.11,--,11,32021,买盘
1629,09:37:49,29.11,0.06,1,2911,买盘
1630,09:37:44,29.05,-0.06,38,110390,卖盘
1631,09:37:29,29.11,-0.02,2,5822,卖盘
1632,09:37:14,29.13,--,0,0,买盘
1633,09:37:09,29.13,0.03,2,5826,中性盘
1634,09:37:04,29.1,--,0,0,卖盘
1635,09:36:59,29.1,-0.05,12,34920,卖盘
1636,09:36:54,29.15,--,2,5830,买盘
1637,09:36:44,29.15,0.01,20,58300,买盘
1638,09:36:38,29.14,--,45,131130,卖盘
1639,09:36:29,29.14,--,6,17484,卖盘
1640,09:36:23,29.14,-0.01,27,78678,卖盘
1641,09:36:14,29.15,0.01,5,14575,买盘
1642,09:36:08,29.14,-0.01,1,2914,卖盘
1643,09:35:53,29.15,--,20,58300,卖盘
1644,09:35:34,29.15,--,12,34980,买盘
1645,09:35:28,29.15,--,1,2915,买盘
1646,09:35:23,29.15,-0.01,6,17490,卖盘
1647,09:35:13,29.16,--,10,29160,买盘
1648,09:35:08,29.16,-0.03,40,116640,卖盘
1649,09:35:04,29.19,--,20,58380,买盘
1650,09:34:53,29.19,--,5,14595,买盘
1651,09:34:38,29.19,--,24,70056,买盘
1652,09:34:28,29.19,--,0,0,中性盘
1653,09:34:23,29.19,--,20,58380,卖盘
1654,09:34:08,29.19,0.02,21,61299,买盘
1655,09:33:53,29.17,-0.02,10,29170,卖盘
1656,09:33:49,29.19,--,25,72975,买盘
1657,09:33:43,29.19,0.01,4,11676,买盘
1658,09:33:38,29.18,0.01,8,23344,买盘
1659,09:33:34,29.17,-0.01,20,58340,卖盘
1660,09:33:23,29.18,-0.01,2,5836,买盘
1661,09:33:19,29.19,--,1,2919,买盘
1662,09:33:13,29.19,-0.01,2,5838,卖盘
1663,09:33:08,29.2,--,8,23360,买盘
1664,09:33:04,29.2,--,26,75920,卖盘
1665,09:32:58,29.2,-0.01,24,70080,卖盘
1666,09:32:53,29.21,0.03,3,8763,买盘
1667,09:32:49,29.18,-0.03,10,29180,卖盘
1668,09:32:38,29.21,0.01,8,23368,买盘
1669,09:32:34,29.2,--,0,0,买盘
1670,09:32:28,29.2,0.03,5,14600,买盘
1671,09:32:23,29.17,--,7,20419,卖盘
1672,09:32:19,29.17,-0.01,6,17502,卖盘
1673,09:32:13,29.18,--,3,8754,买盘
1674,09:32:08,29.18,-0.03,3,8754,卖盘
1675,09:32:04,29.21,--,29,84709,买盘
1676,09:31:53,29.21,-0.02,20,58420,买盘
1677,09:31:48,29.23,--,0,0,买盘
1678,09:31:38,29.23,--,0,0,买盘
1679,09:31:28,29.23,0.03,28,81844,买盘
1680,09:31:23,29.2,-0.03,10,29200,卖盘
1681,09:31:08,29.23,--,11,32153,卖盘
1682,09:31:03,29.23,-0.03,5,14615,卖盘
1683,09:30:53,29.26,0.01,8,23408,买盘
1684,09:30:48,29.25,--,20,58500,买盘
1685,09:30:43,29.25,0.01,1,2925,买盘
1686,09:30:38,29.24,--,4,11696,卖盘
1687,09:30:33,29.24,0.04,37,108188,买盘
1688,09:30:18,29.2,--,2,5840,卖盘
1689,09:30:08,29.2,--,39,113880,卖盘
1690,09:30:03,29.2,0.01,8,23360,买盘
1691,09:28:44,29.19,--,0,0,卖盘
1692,09:25:07,29.19,29.19,60,175140,买盘
