,time,price,change,volume,amount,type
0,15:00:00,16.1,--,0,0,买盘
1,15:00:00,16.1,0.01,0,0,买盘
2,14:59:58,16.09,-0.01,105,168945,卖盘
3,14:59:53,16.1,0.01,16,25760,买盘
4,14:59:47,16.09,--,50,80450,卖盘
5,14:59:43,16.09,-0.01,45,72405,卖盘
6,14:59:38,16.1,--,128,206080,买盘
7,14:59:32,16.1,--,311,500710,买盘
8,14:59:28,16.1,0.01,57,91770,买盘
9,14:59:23,16.09,-0.01,37,59533,卖盘
10,14:59:17,16.1,-0.01,37,59570,卖盘
11,14:59:13,16.11,0.01,116,186876,买盘
12,14:59:08,16.1,--,203,326830,卖盘
13,14:59:02,16.1,0.01,25,40250,中性盘
14,14:58:58,16.09,--,20,32180,卖盘
15,14:58:53,16.09,--,41,65969,卖盘
16,14:58:47,16.09,-0.02,25,40225,卖盘
17,14:58:43,16.11,0.01,21,33831,买盘
18,14:58:38,16.1,-0.01,22,35420,卖盘
19,14:58:32,16.11,0.01,26,41886,买盘
20,14:58:28,16.1,--,23,37030,卖盘
21,14:58:23,16.1,-0.01,22,35420,卖盘
22,14:58:17,16.11,-0.01,211,339921,卖盘
23,14:58:13,16.12,--,684,1102608,卖盘
24,14:58:08,16.12,--,75,120900,卖盘
25,14:58:02,16.12,--,66,106392,卖盘
26,14:57:58,16.12,--,109,175708,卖盘
27,14:57:53,16.12,--,24,38688,卖盘
28,14:57:47,16.12,-0.01,33,53196,卖盘
29,14:57:38,16.13,0.01,64,103232,买盘
30,14:57:32,16.12,-0.01,84,135408,卖盘
31,14:57:28,16.13,0.01,11,17743,买盘
32,14:57:23,16.12,-0.01,1619,2609828,卖盘
33,14:57:17,16.13,0.01,16,25808,买盘
34,14:57:08,16.12,-0.01,7,11284,卖盘
35,14:57:02,16.13,--,63,101619,买盘
36,14:56:53,16.13,--,1125,1814625,卖盘
37,14:56:47,16.13,-0.01,52,83876,卖盘
38,14:56:38,16.14,--,17,27438,买盘
39,14:56:28,16.14,0.01,32,51648,买盘
40,14:56:23,16.13,-0.01,20,32259,卖盘
41,14:56:17,16.14,0.01,3,4842,买盘
42,14:56:08,16.13,-0.01,5,8064,卖盘
43,14:56:02,16.14,-0.01,9,14526,卖盘
44,14:55:58,16.15,0.01,5,8074,买盘
45,14:55:53,16.14,--,19,30666,卖盘
46,14:55:47,16.14,-0.01,38,61332,卖盘
47,14:55:37,16.15,0.01,77,124354,买盘
48,14:55:32,16.14,0.01,8,12912,买盘
49,14:55:28,16.13,-0.02,12,19356,卖盘
50,14:55:22,16.15,--,0,0,买盘
51,14:55:17,16.15,0.01,82,132430,买盘
52,14:55:13,16.14,--,1,1614,卖盘
53,14:55:08,16.14,-0.01,23,37122,中性盘
54,14:55:02,16.15,0.01,608,981919,买盘
55,14:54:52,16.14,--,34,54876,卖盘
56,14:54:47,16.14,--,23,37122,卖盘
57,14:54:37,16.14,--,10,16140,卖盘
58,14:54:32,16.14,0.02,68,109752,买盘
59,14:54:26,16.12,--,2,3224,卖盘
60,14:54:22,16.12,-0.03,42,67704,卖盘
61,14:54:17,16.15,-0.01,1024,1653759,卖盘
62,14:54:11,16.16,--,1014,1639432,卖盘
63,14:54:07,16.16,0.03,3030,4897288,买盘
64,14:54:02,16.13,0.01,34,54842,买盘
65,14:53:56,16.12,--,35,56420,卖盘
66,14:53:52,16.12,--,230,370760,卖盘
67,14:53:47,16.12,--,64,103168,卖盘
68,14:53:37,16.12,--,64,103168,卖盘
69,14:53:32,16.12,--,80,128960,卖盘
70,14:53:26,16.12,--,56,90272,卖盘
71,14:53:22,16.12,--,26,41912,卖盘
72,14:53:17,16.12,--,120,193440,卖盘
73,14:53:07,16.12,-0.01,44,70928,卖盘
74,14:53:02,16.13,--,0,0,中性盘
75,14:52:56,16.13,0.01,8,12904,中性盘
76,14:52:52,16.12,-0.03,112,180544,卖盘
77,14:52:47,16.15,0.03,37,59754,买盘
78,14:52:41,16.12,--,3,4836,卖盘
79,14:52:37,16.12,-0.03,70,112840,卖盘
80,14:52:32,16.15,0.03,68,110692,买盘
81,14:52:26,16.12,--,2,3224,卖盘
82,14:52:22,16.12,--,0,0,卖盘
83,14:52:17,16.12,--,2,3224,卖盘
84,14:52:11,16.12,-0.04,20,32240,卖盘
85,14:52:07,16.16,0.03,102,164832,买盘
86,14:52:02,16.13,-0.03,459,741173,卖盘
87,14:51:56,16.16,0.01,1542,2492680,买盘
88,14:51:52,16.15,0.03,2010,3246149,买盘
89,14:51:47,16.12,--,30,48360,卖盘
90,14:51:41,16.12,--,0,0,卖盘
91,14:51:37,16.12,--,14,22568,卖盘
92,14:51:32,16.12,--,141,227292,卖盘
93,14:51:26,16.12,--,9,14508,卖盘
94,14:51:22,16.12,-0.02,3,4836,卖盘
95,14:51:17,16.14,0.01,4,6456,买盘
96,14:51:11,16.13,--,0,1064,买盘
97,14:51:07,16.13,--,235,379603,卖盘
98,14:51:02,16.13,-0.01,26,41938,卖盘
99,14:50:56,16.14,--,59,95226,买盘
100,14:50:52,16.14,0.01,4,6456,买盘
101,14:50:47,16.13,-0.01,111,179043,卖盘
102,14:50:41,16.14,--,20,32280,卖盘
103,14:50:37,16.14,-0.01,13,20982,卖盘
104,14:50:32,16.15,0.01,463,747744,买盘
105,14:50:26,16.14,--,25,40350,卖盘
106,14:50:17,16.14,--,110,177540,卖盘
107,14:50:11,16.14,0.01,1610,2599589,买盘
108,14:50:07,16.13,--,949,1530753,买盘
109,14:50:02,16.13,0.01,271,437123,买盘
110,14:49:56,16.12,0.01,255,411060,买盘
111,14:49:52,16.11,--,7,11277,卖盘
112,14:49:47,16.11,--,2,3222,卖盘
113,14:49:41,16.11,-0.01,11,17721,卖盘
114,14:49:37,16.12,--,1,1612,买盘
115,14:49:32,16.12,0.01,1,1612,买盘
116,14:49:26,16.11,--,14,22554,卖盘
117,14:49:16,16.11,--,4,6444,卖盘
118,14:49:11,16.11,--,4,6444,卖盘
119,14:49:07,16.11,-0.01,2,3222,卖盘
120,14:49:01,16.12,--,10,16120,买盘
121,14:48:56,16.12,0.01,208,335296,买盘
122,14:48:47,16.11,--,18,28998,卖盘
123,14:48:41,16.11,-0.01,33,53163,卖盘
124,14:48:36,16.12,0.01,1,1612,买盘
125,14:48:31,16.11,-0.01,43,69273,卖盘
126,14:48:26,16.12,0.01,28,45136,买盘
127,14:48:16,16.11,--,1,1611,卖盘
128,14:48:11,16.11,0.01,327,526797,买盘
129,14:48:07,16.1,-0.01,15,24150,卖盘
130,14:48:01,16.11,--,15,25759,买盘
131,14:47:56,16.11,--,1,1611,买盘
132,14:47:51,16.11,0.01,15,24165,买盘
133,14:47:46,16.1,-0.01,111,179337,卖盘
134,14:47:35,16.11,-0.01,99,159489,卖盘
135,14:47:31,16.12,0.01,996,1605552,买盘
136,14:47:26,16.11,--,20,32220,卖盘
137,14:47:20,16.11,--,6,9666,卖盘
138,14:47:16,16.11,--,132,212652,卖盘
139,14:47:10,16.11,0.01,595,958545,买盘
140,14:47:05,16.1,-0.01,14,22540,卖盘
141,14:47:01,16.11,0.01,101,162711,买盘
142,14:46:55,16.1,--,19,30590,卖盘
143,14:46:46,16.1,--,12,19320,卖盘
144,14:46:40,16.1,-0.01,54,86940,卖盘
145,14:46:35,16.11,--,19,30609,买盘
146,14:46:31,16.11,0.01,12,19332,买盘
147,14:46:25,16.1,--,3,4830,卖盘
148,14:46:05,16.1,-0.01,3,4830,卖盘
149,14:46:01,16.11,0.01,4,6444,买盘
150,14:45:55,16.1,--,105,169050,卖盘
151,14:45:50,16.1,--,1,1610,卖盘
152,14:45:46,16.1,-0.02,2,3220,卖盘
153,14:45:40,16.12,--,0,0,买盘
154,14:45:35,16.12,0.02,2,3224,买盘
155,14:45:31,16.1,--,514,827540,卖盘
156,14:45:25,16.1,--,41,66010,卖盘
157,14:45:16,16.1,--,2,3220,卖盘
158,14:45:10,16.1,--,10,16100,卖盘
159,14:45:05,16.1,-0.02,2,3220,卖盘
160,14:45:01,16.12,0.02,3,4836,买盘
161,14:44:55,16.1,--,2,3220,卖盘
162,14:44:46,16.1,-0.03,4,6440,买盘
163,14:44:40,16.13,--,92,149444,卖盘
164,14:44:35,16.13,0.03,1408,2271668,买盘
165,14:44:31,16.1,0.01,1,1610,买盘
166,14:44:25,16.09,-0.01,3,4827,卖盘
167,14:44:20,16.1,0.01,6,9660,买盘
168,14:44:16,16.09,-0.01,105,169475,卖盘
169,14:44:10,16.1,--,45,73077,卖盘
170,14:44:05,16.1,--,75,121377,卖盘
171,14:44:01,16.1,--,23,37030,卖盘
172,14:43:55,16.1,--,20,32200,卖盘
173,14:43:50,16.1,-0.01,58,93380,卖盘
174,14:43:46,16.11,0.01,39,62829,买盘
175,14:43:40,16.1,-0.01,44,70840,卖盘
176,14:43:35,16.11,0.01,3,4833,买盘
177,14:43:25,16.1,--,7,11270,卖盘
178,14:43:20,16.1,-0.02,50,80500,卖盘
179,14:43:10,16.12,0.02,10,16120,买盘
180,14:43:05,16.1,-0.02,5,8050,卖盘
181,14:42:50,16.12,--,153,246636,卖盘
182,14:42:46,16.12,--,2,3224,卖盘
183,14:42:40,16.12,--,27,43524,卖盘
184,14:42:35,16.12,0.02,324,522288,买盘
185,14:42:25,16.1,-0.01,5,8050,卖盘
186,14:42:20,16.11,--,23,37053,卖盘
187,14:42:10,16.11,--,47,75717,卖盘
188,14:42:05,16.11,--,143,230373,卖盘
189,14:42:01,16.11,--,91,146601,卖盘
190,14:41:55,16.11,0.03,719,1159742,买盘
191,14:41:50,16.08,-0.02,26,41807,卖盘
192,14:41:45,16.1,0.01,3,4830,中性盘
193,14:41:40,16.09,-0.01,503,809327,中性盘
194,14:41:35,16.1,0.02,2,3220,买盘
195,14:41:30,16.08,-0.02,11,17687,卖盘
196,14:41:25,16.1,--,48,77280,买盘
197,14:41:20,16.1,0.02,53,85330,买盘
198,14:41:15,16.08,-0.02,1,1607,卖盘
199,14:41:10,16.1,0.02,35,56350,买盘
200,14:41:05,16.08,-0.02,28,45023,卖盘
201,14:41:00,16.1,--,2,3220,买盘
202,14:40:55,16.1,--,166,267260,卖盘
203,14:40:50,16.1,--,322,518420,卖盘
204,14:40:45,16.1,--,691,1112510,卖盘
205,14:40:40,16.1,-0.01,8,12880,卖盘
206,14:40:34,16.11,0.03,37,59607,买盘
207,14:40:30,16.08,--,123,197783,卖盘
208,14:40:25,16.08,--,21,33768,卖盘
209,14:40:19,16.08,-0.02,36,58515,卖盘
210,14:40:15,16.1,0.02,23,37030,买盘
211,14:40:10,16.08,--,130,209039,卖盘
212,14:40:04,16.08,-0.02,130,209039,卖盘
213,14:39:59,16.1,0.02,249,400890,买盘
214,14:39:55,16.08,-0.01,36,58515,卖盘
215,14:39:49,16.09,0.01,303,487527,买盘
216,14:39:44,16.08,--,102,164015,卖盘
217,14:39:40,16.08,-0.01,45,72359,卖盘
218,14:39:34,16.09,0.01,44,70796,买盘
219,14:39:29,16.08,0.01,10,16079,买盘
220,14:39:25,16.07,--,46,73922,卖盘
221,14:39:19,16.07,-0.01,277,445701,卖盘
222,14:39:14,16.08,0.01,2,3215,买盘
223,14:39:10,16.07,--,94,151058,卖盘
224,14:39:04,16.07,--,4,6428,卖盘
225,14:38:59,16.07,--,83,133381,卖盘
226,14:38:55,16.07,0.01,328,527096,买盘
227,14:38:49,16.06,--,1,1605,卖盘
228,14:38:44,16.06,-0.01,16,25695,卖盘
229,14:38:34,16.07,--,3,4821,买盘
230,14:38:25,16.07,0.01,24,38568,买盘
231,14:38:19,16.06,--,10,16059,卖盘
232,14:38:14,16.06,0.01,5,8029,卖盘
233,14:38:10,16.05,--,250,401250,卖盘
234,14:38:04,16.05,-0.01,21,33705,卖盘
235,14:37:59,16.06,0.01,6,9636,买盘
236,14:37:55,16.05,--,416,667680,卖盘
237,14:37:49,16.05,--,16,25680,卖盘
238,14:37:44,16.05,-0.01,7,11235,卖盘
239,14:37:40,16.06,0.01,166,266596,中性盘
240,14:37:34,16.05,-0.01,1151,1848414,卖盘
241,14:37:29,16.06,--,1154,1853323,卖盘
242,14:37:25,16.06,-0.01,112,179872,卖盘
243,14:37:19,16.07,-0.01,103,166613,卖盘
244,14:37:10,16.08,0.01,268,431506,买盘
245,14:37:04,16.07,-0.01,15,24105,卖盘
246,14:36:59,16.08,--,507,815352,买盘
247,14:36:55,16.08,--,137,221099,卖盘
248,14:36:49,16.08,--,654,1051632,卖盘
249,14:36:44,16.08,--,478,768623,卖盘
250,14:36:40,16.08,-0.01,727,1169015,卖盘
251,14:36:34,16.09,0.01,15,24135,买盘
252,14:36:29,16.08,-0.01,35,56279,卖盘
253,14:36:25,16.09,--,93,149637,买盘
254,14:36:19,16.09,--,101,162509,买盘
255,14:36:14,16.09,0.01,10,16090,买盘
256,14:36:10,16.08,--,203,326423,卖盘
257,14:36:04,16.08,--,202,324815,卖盘
258,14:35:59,16.08,--,77,123815,卖盘
259,14:35:55,16.08,--,156,250847,卖盘
260,14:35:49,16.08,--,112,180095,卖盘
261,14:35:44,16.08,--,204,328031,卖盘
262,14:35:39,16.08,-0.01,35,56279,卖盘
263,14:35:34,16.09,-0.01,142,228478,卖盘
264,14:35:29,16.1,-0.01,18,28980,买盘
265,14:35:25,16.11,--,0,0,买盘
266,14:35:19,16.11,0.01,34,54774,买盘
267,14:35:14,16.1,--,85,137027,卖盘
268,14:35:09,16.1,--,29,46690,卖盘
269,14:35:04,16.1,-0.01,133,214130,卖盘
270,14:34:59,16.11,--,102,165900,卖盘
271,14:34:54,16.11,--,1,1611,卖盘
272,14:34:49,16.11,--,0,32,卖盘
273,14:34:44,16.11,--,2,3222,卖盘
274,14:34:34,16.11,--,47,75717,卖盘
275,14:34:29,16.11,--,133,214263,买盘
276,14:34:14,16.11,0.01,5,8055,买盘
277,14:34:04,16.1,--,16,26468,卖盘
278,14:33:59,16.1,--,9,14490,卖盘
279,14:33:54,16.1,-0.01,2,3220,卖盘
280,14:33:49,16.11,0.01,209,336699,买盘
281,14:33:43,16.1,--,3,4830,卖盘
282,14:33:34,16.1,--,106,170660,卖盘
283,14:33:28,16.1,--,51,82110,卖盘
284,14:33:24,16.1,--,24,38640,卖盘
285,14:33:19,16.1,--,100,161724,买盘
286,14:33:13,16.1,0.01,5,8050,买盘
287,14:33:09,16.09,--,0,0,买盘
288,14:33:04,16.09,0.01,13,20917,卖盘
289,14:32:58,16.08,--,14,22511,卖盘
290,14:32:54,16.08,-0.02,55,88439,卖盘
291,14:32:49,16.1,0.01,177,284970,买盘
292,14:32:43,16.09,-0.01,2,3218,中性盘
293,14:32:34,16.1,0.02,40,64400,买盘
294,14:32:28,16.08,--,43,69143,卖盘
295,14:32:24,16.08,-0.02,10,16079,卖盘
296,14:32:19,16.1,0.02,208,334880,买盘
297,14:32:13,16.08,--,12,19295,卖盘
298,14:32:08,16.08,--,0,0,卖盘
299,14:32:04,16.08,-0.01,22,35375,卖盘
300,14:31:58,16.09,--,72,115848,卖盘
301,14:31:49,16.09,--,199,320191,卖盘
302,14:31:43,16.09,-0.01,2,3218,卖盘
303,14:31:34,16.1,0.01,3,4830,买盘
304,14:31:28,16.09,0.01,324,522120,买盘
305,14:31:19,16.08,--,203,326423,卖盘
306,14:31:13,16.08,--,12,19295,卖盘
307,14:31:08,16.08,--,25,40199,卖盘
308,14:31:04,16.08,--,138,221903,买盘
309,14:30:58,16.08,--,63,101303,买盘
310,14:30:53,16.08,--,54,86831,买盘
311,14:30:49,16.08,0.01,16,25727,卖盘
312,14:30:43,16.07,-0.01,17,27319,卖盘
313,14:30:34,16.08,-0.01,186,299087,卖盘
314,14:30:28,16.09,--,194,312146,买盘
315,14:30:23,16.09,0.01,14,22526,买盘
316,14:30:19,16.08,--,302,485615,卖盘
317,14:30:13,16.08,--,73,117383,卖盘
318,14:30:08,16.08,--,13,20903,卖盘
319,14:30:04,16.08,--,15,24119,卖盘
320,14:29:58,16.08,-0.01,56,90047,卖盘
321,14:29:49,16.09,0.01,265,426385,买盘
322,14:29:43,16.08,--,2,3215,卖盘
323,14:29:34,16.08,-0.01,13,20903,卖盘
324,14:29:28,16.09,0.01,17,27353,买盘
325,14:29:23,16.08,--,32,51455,卖盘
326,14:29:19,16.08,-0.02,73,117383,卖盘
327,14:29:13,16.1,0.02,2,3220,买盘
328,14:29:08,16.08,--,0,0,卖盘
329,14:29:04,16.08,--,156,250847,卖盘
330,14:28:58,16.08,--,68,109343,卖盘
331,14:28:53,16.08,--,247,398639,卖盘
332,14:28:49,16.08,--,207,332855,卖盘
333,14:28:43,16.08,-0.01,13,20903,卖盘
334,14:28:38,16.09,--,1,1609,买盘
335,14:28:34,16.09,0.01,196,315364,买盘
336,14:28:28,16.08,-0.02,1258,2024407,卖盘
337,14:28:23,16.1,--,2124,3419640,买盘
338,14:28:18,16.1,--,10,16100,买盘
339,14:28:13,16.1,--,27,43470,买盘
340,14:28:08,16.1,-0.01,26,42745,卖盘
341,14:28:03,16.11,0.01,19,30609,买盘
342,14:27:58,16.1,--,433,697130,卖盘
343,14:27:53,16.1,--,902,1452220,卖盘
344,14:27:48,16.1,--,193,310730,卖盘
345,14:27:38,16.1,-0.01,14,22540,卖盘
346,14:27:33,16.11,0.01,1,1611,买盘
347,14:27:28,16.1,-0.01,7,11270,卖盘
348,14:27:23,16.11,0.01,116,186876,买盘
349,14:27:18,16.1,--,241,388010,卖盘
350,14:27:13,16.1,-0.01,455,732550,卖盘
351,14:27:07,16.11,0.01,28,45108,买盘
352,14:27:03,16.1,--,50,80500,卖盘
353,14:26:58,16.1,-0.01,901,1450610,卖盘
354,14:26:48,16.11,0.01,100,161100,中性盘
355,14:26:37,16.1,-0.02,24,38640,卖盘
356,14:26:33,16.12,0.02,1,1612,买盘
357,14:26:28,16.1,--,89,143290,卖盘
358,14:26:22,16.1,--,4,6440,卖盘
359,14:26:18,16.1,-0.01,51,82110,卖盘
360,14:26:13,16.11,--,0,0,买盘
361,14:26:07,16.11,0.01,915,1474065,买盘
362,14:26:03,16.1,-0.01,16,25760,卖盘
363,14:25:58,16.11,--,89,143379,买盘
364,14:25:52,16.11,0.01,30,48330,买盘
365,14:25:48,16.1,-0.01,49,78890,卖盘
366,14:25:43,16.11,--,12,19332,买盘
367,14:25:37,16.11,--,1,1611,买盘
368,14:25:33,16.11,--,1,1611,买盘
369,14:25:28,16.11,--,37,59607,买盘
370,14:25:22,16.11,--,117,188487,卖盘
371,14:25:13,16.11,-0.01,1,1611,卖盘
372,14:25:07,16.12,--,1,1612,买盘
373,14:25:02,16.12,0.01,2,3224,买盘
374,14:24:58,16.11,--,118,190098,买盘
375,14:24:52,16.11,--,6,9666,买盘
376,14:24:47,16.11,--,10,16110,买盘
377,14:24:43,16.11,0.01,23,37053,买盘
378,14:24:37,16.1,-0.01,13,20930,卖盘
379,14:24:32,16.11,--,2,3222,买盘
380,14:24:27,16.11,-0.01,764,1230804,卖盘
381,14:24:22,16.12,--,60,96720,买盘
382,14:24:17,16.12,--,27,43524,买盘
383,14:24:12,16.12,0.01,4,6448,买盘
384,14:24:07,16.11,-0.01,92,148212,卖盘
385,14:24:02,16.12,--,8,12896,买盘
386,14:23:57,16.12,0.01,77,124124,买盘
387,14:23:42,16.11,--,23,37053,卖盘
388,14:23:37,16.11,-0.01,833,1341963,卖盘
389,14:23:32,16.12,--,8,12896,买盘
390,14:23:27,16.12,0.01,6,9672,买盘
391,14:23:22,16.11,--,9,14499,卖盘
392,14:23:12,16.11,-0.01,8,12888,卖盘
393,14:23:07,16.12,--,1,1612,买盘
394,14:23:02,16.12,0.01,1,1612,买盘
395,14:22:57,16.11,-0.01,112,180432,卖盘
396,14:22:52,16.12,-0.01,233,375596,卖盘
397,14:22:37,16.13,--,4,6452,买盘
398,14:22:32,16.13,0.02,5,8064,买盘
399,14:22:17,16.11,-0.01,70,112770,卖盘
400,14:22:07,16.12,--,4,6448,买盘
401,14:22:02,16.12,0.01,3,4836,买盘
402,14:21:57,16.11,-0.02,69,111159,卖盘
403,14:21:52,16.13,0.02,387,624231,中性盘
404,14:21:42,16.11,-0.01,2,3222,卖盘
405,14:21:37,16.12,--,1,1612,买盘
406,14:21:32,16.12,--,2,3224,买盘
407,14:21:27,16.12,--,34,54808,买盘
408,14:21:07,16.12,-0.03,398,641576,卖盘
409,14:21:02,16.15,0.03,2,3229,买盘
410,14:20:57,16.12,--,88,141856,卖盘
411,14:20:52,16.12,--,0,0,卖盘
412,14:20:37,16.12,-0.01,21,33852,卖盘
413,14:20:32,16.13,--,1,1613,买盘
414,14:20:27,16.13,--,410,661330,买盘
415,14:20:22,16.13,-0.01,409,659717,卖盘
416,14:20:16,16.14,-0.02,1,1614,卖盘
417,14:20:12,16.16,--,6,9696,买盘
418,14:20:07,16.16,--,62,100192,买盘
419,14:20:01,16.16,0.05,9,14689,买盘
420,14:19:57,16.11,--,65,104715,卖盘
421,14:19:52,16.11,-0.01,9,14499,卖盘
422,14:19:46,16.12,--,1,1612,买盘
423,14:19:42,16.12,--,16,25792,买盘
424,14:19:37,16.12,--,411,662532,买盘
425,14:19:31,16.12,--,402,649490,卖盘
426,14:19:27,16.12,--,2,3224,卖盘
427,14:19:22,16.12,-0.04,1,1612,卖盘
428,14:19:16,16.16,0.04,207,334512,买盘
429,14:19:12,16.12,--,0,0,卖盘
430,14:19:07,16.12,-0.01,2,3224,卖盘
431,14:19:01,16.13,--,2,3226,买盘
432,14:18:57,16.13,--,65,104845,买盘
433,14:18:52,16.13,--,82,132266,买盘
434,14:18:37,16.13,-0.03,54,88392,卖盘
435,14:18:31,16.16,0.03,38,61731,买盘
436,14:18:22,16.13,--,1,1613,买盘
437,14:18:16,16.13,0.01,48,77424,买盘
438,14:18:12,16.12,-0.01,9,14508,卖盘
439,14:18:07,16.13,--,1,1613,买盘
440,14:18:01,16.13,0.01,245,395185,买盘
441,14:17:57,16.12,-0.01,59,95108,卖盘
442,14:17:52,16.13,-0.04,184,296792,卖盘
443,14:17:46,16.17,0.01,34,54978,买盘
444,14:17:42,16.16,-0.01,20,32320,买盘
445,14:17:37,16.17,--,0,0,买盘
446,14:17:31,16.17,0.01,205,331485,买盘
447,14:17:22,16.16,--,1,1616,卖盘
448,14:17:16,16.16,--,733,1184528,买盘
449,14:17:07,16.16,0.03,6,9696,买盘
450,14:17:01,16.13,0.01,839,1353307,买盘
451,14:16:56,16.12,--,65,104780,卖盘
452,14:16:51,16.12,--,1,1612,卖盘
453,14:16:41,16.12,--,0,0,卖盘
454,14:16:37,16.12,-0.01,38,61256,卖盘
455,14:16:31,16.13,--,21,33873,买盘
456,14:16:26,16.13,--,16,25808,买盘
457,14:16:21,16.13,--,34,54842,买盘
458,14:16:16,16.13,--,8,12904,买盘
459,14:16:06,16.13,-0.03,26,41938,卖盘
460,14:16:01,16.16,0.03,2,3232,买盘
461,14:15:56,16.13,--,63,101619,卖盘
462,14:15:51,16.13,-0.03,10,16129,卖盘
463,14:15:31,16.16,0.04,2,3232,买盘
464,14:15:26,16.12,--,1,1612,卖盘
465,14:15:21,16.12,--,832,1341184,卖盘
466,14:15:16,16.12,-0.04,1,1612,卖盘
467,14:15:06,16.16,--,2,3232,买盘
468,14:15:01,16.16,0.04,17,27472,中性盘
469,14:14:56,16.12,-0.05,64,103168,卖盘
470,14:14:36,16.17,0.01,25,40425,买盘
471,14:14:31,16.16,--,906,1464096,买盘
472,14:14:26,16.16,0.04,3,4848,买盘
473,14:14:21,16.12,--,2,3224,卖盘
474,14:14:16,16.12,-0.01,1,1612,卖盘
475,14:14:06,16.13,--,23,37099,买盘
476,14:14:01,16.13,0.01,45,73149,买盘
477,14:13:55,16.12,-0.01,61,98332,卖盘
478,14:13:51,16.13,0.01,10,16129,买盘
479,14:13:46,16.12,-0.01,1,1612,卖盘
480,14:13:36,16.13,-0.02,52,83876,卖盘
481,14:13:31,16.15,0.01,17,27454,中性盘
482,14:13:21,16.14,--,0,0,买盘
483,14:13:16,16.14,0.01,12,19368,中性盘
484,14:13:06,16.13,-0.04,139,224207,卖盘
485,14:13:01,16.17,0.05,2,3234,买盘
486,14:12:55,16.12,--,64,103168,卖盘
487,14:12:51,16.12,-0.04,832,1341184,卖盘
488,14:12:46,16.16,0.01,54,87264,买盘
489,14:12:36,16.15,0.01,4,6459,买盘
490,14:12:31,16.14,0.01,2,3825,买盘
491,14:12:25,16.13,--,13,20969,买盘
492,14:12:16,16.13,--,570,919410,买盘
493,14:12:10,16.13,0.01,2,3226,买盘
494,14:12:06,16.12,-0.01,2,3224,卖盘
495,14:12:01,16.13,--,34,54842,卖盘
496,14:11:55,16.13,--,87,140331,卖盘
497,14:11:40,16.13,--,0,0,卖盘
498,14:11:36,16.13,-0.03,1,1613,卖盘
499,14:11:31,16.16,0.04,1,1616,买盘
500,14:11:25,16.12,--,0,0,卖盘
501,14:11:16,16.12,-0.01,1135,1829620,卖盘
502,14:11:10,16.13,--,28,45164,卖盘
503,14:11:06,16.13,-0.04,25,40325,卖盘
504,14:11:01,16.17,0.04,663,1072071,买盘
505,14:10:55,16.13,-0.02,70,112910,卖盘
506,14:10:51,16.15,--,4,6459,中性盘
507,14:10:46,16.15,--,0,0,买盘
508,14:10:40,16.15,0.01,11,17765,买盘
509,14:10:36,16.14,-0.01,6,9684,卖盘
510,14:10:31,16.15,--,829,1338834,买盘
511,14:10:25,16.15,--,13,20994,买盘
512,14:10:21,16.15,--,4,6459,卖盘
513,14:10:16,16.15,-0.01,1,1614,卖盘
514,14:10:10,16.16,--,3,4848,买盘
515,14:10:06,16.16,--,1,1616,买盘
516,14:10:01,16.16,0.04,7,11312,中性盘
517,14:09:55,16.12,-0.04,114,183768,卖盘
518,14:09:50,16.16,0.03,105,170665,卖盘
519,14:09:40,16.13,--,223,360328,买盘
520,14:09:30,16.13,-0.04,626,1009737,卖盘
521,14:09:25,16.17,--,0,0,买盘
522,14:09:20,16.17,0.04,128,206976,买盘
523,14:09:15,16.13,-0.03,50,80650,卖盘
524,14:09:10,16.16,0.03,41,66272,买盘
525,14:09:05,16.13,-0.03,5,8064,卖盘
526,14:09:00,16.16,0.03,8,12928,买盘
527,14:08:55,16.13,-0.01,81,130652,卖盘
528,14:08:50,16.14,--,657,1060398,买盘
529,14:08:40,16.14,-0.03,169,272766,卖盘
530,14:08:35,16.17,--,5,8085,买盘
531,14:08:30,16.17,0.01,339,548163,买盘
532,14:08:25,16.16,--,2,3232,卖盘
533,14:08:20,16.16,--,0,0,中性盘
534,14:08:15,16.16,--,0,0,买盘
535,14:08:10,16.16,--,9,14544,买盘
536,14:08:05,16.16,--,1,1616,买盘
537,14:08:00,16.16,0.03,792,1279872,买盘
538,14:07:55,16.13,-0.03,59,95167,卖盘
539,14:07:50,16.16,--,150,242400,买盘
540,14:07:45,16.16,0.03,150,242400,买盘
541,14:07:40,16.13,-0.01,79,127426,卖盘
542,14:07:30,16.14,0.01,23,37122,卖盘
543,14:07:25,16.13,--,0,0,卖盘
544,14:07:19,16.13,--,34,54842,卖盘
545,14:07:15,16.13,-0.01,3,4839,卖盘
546,14:07:10,16.14,--,831,1341234,买盘
547,14:07:05,16.14,-0.02,2,3228,买盘
548,14:07:00,16.16,0.03,30,48480,买盘
549,14:06:55,16.13,-0.03,64,103232,卖盘
550,14:06:49,16.16,0.02,4,6464,买盘
551,14:06:45,16.14,0.01,5,8070,买盘
552,14:06:40,16.13,-0.01,9,14517,卖盘
553,14:06:34,16.14,--,1,1614,买盘
554,14:06:30,16.14,-0.02,6,9684,中性盘
555,14:06:25,16.16,--,0,0,买盘
556,14:06:19,16.16,--,0,0,买盘
557,14:06:15,16.16,0.03,224,361984,买盘
558,14:06:10,16.13,-0.01,618,996833,卖盘
559,14:06:04,16.14,--,1,1614,买盘
560,14:06:00,16.14,0.01,185,298590,买盘
561,14:05:55,16.13,-0.01,107,172591,卖盘
562,14:05:49,16.14,--,34,54876,买盘
563,14:05:40,16.14,-0.01,64,103296,卖盘
564,14:05:34,16.15,--,31,50064,买盘
565,14:05:30,16.15,0.01,2,3229,买盘
566,14:05:25,16.14,-0.01,9,14526,卖盘
567,14:05:19,16.15,-0.02,93,150195,卖盘
568,14:05:10,16.17,0.02,10,16170,买盘
569,14:05:04,16.15,-0.02,2,3229,卖盘
570,14:05:00,16.17,0.04,2,3234,买盘
571,14:04:54,16.13,-0.01,58,93554,卖盘
572,14:04:49,16.14,-0.03,6,9684,卖盘
573,14:04:45,16.17,0.03,2,3234,买盘
574,14:04:40,16.14,-0.03,5,8070,中性盘
575,14:04:34,16.17,0.04,23,37191,买盘
576,14:04:30,16.13,-0.02,834,1345242,卖盘
577,14:04:25,16.15,-0.02,39,62984,中性盘
578,14:04:10,16.17,0.02,17,27489,买盘
579,14:04:04,16.15,0.02,23,37145,买盘
580,14:03:55,16.13,-0.02,65,104845,卖盘
581,14:03:40,16.15,-0.01,1,1614,卖盘
582,14:03:34,16.16,0.03,4,6464,买盘
583,14:03:25,16.13,-0.01,3,4839,卖盘
584,14:03:19,16.14,--,0,0,买盘
585,14:03:10,16.14,--,125,201750,买盘
586,14:03:04,16.14,0.01,2,3228,买盘
587,14:03:00,16.13,-0.01,1,1613,卖盘
588,14:02:54,16.14,0.01,72,116208,买盘
589,14:02:49,16.13,-0.01,84,135492,卖盘
590,14:02:40,16.14,-0.02,10,16140,卖盘
591,14:02:34,16.16,0.03,3,4848,买盘
592,14:02:19,16.13,0.01,282,454866,买盘
593,14:02:10,16.12,-0.01,162,262046,卖盘
594,14:02:04,16.13,--,291,469383,买盘
595,14:02:00,16.13,-0.03,150,241949,卖盘
596,14:01:55,16.16,-0.01,60,96960,买盘
597,14:01:49,16.17,0.04,1,1617,买盘
598,14:01:45,16.13,-0.03,1,1613,卖盘
599,14:01:39,16.16,--,1,1616,卖盘
600,14:01:34,16.16,0.03,16,25985,买盘
601,14:01:29,16.13,0.01,70,112910,卖盘
602,14:01:24,16.12,--,11,17732,卖盘
603,14:01:19,16.12,-0.01,832,1341184,卖盘
604,14:01:09,16.13,-0.02,983,1587062,卖盘
605,14:01:04,16.15,0.02,138,222869,买盘
606,14:00:59,16.13,-0.01,24,38712,卖盘
607,14:00:54,16.14,--,281,453534,买盘
608,14:00:44,16.14,--,183,295362,买盘
609,14:00:39,16.14,-0.02,108,174312,卖盘
610,14:00:34,16.16,--,187,302192,买盘
611,14:00:29,16.16,--,34,54944,买盘
612,14:00:24,16.16,-0.01,189,305424,买盘
613,14:00:19,16.17,0.01,183,295911,买盘
614,14:00:13,16.16,--,0,0,卖盘
615,14:00:04,16.16,0.03,101,163216,买盘
616,13:59:58,16.13,--,23,38486,卖盘
617,13:59:54,16.13,--,855,1379115,卖盘
618,13:59:49,16.13,-0.01,27,43551,卖盘
619,13:59:43,16.14,--,34,54876,买盘
620,13:59:34,16.14,--,10,16140,买盘
621,13:59:28,16.14,0.01,10,16140,中性盘
622,13:59:24,16.13,-0.01,87,140331,卖盘
623,13:59:19,16.14,--,0,0,中性盘
624,13:59:13,16.14,0.01,55,88770,买盘
625,13:59:09,16.13,--,11,17743,卖盘
626,13:59:04,16.13,--,131,211657,卖盘
627,13:58:57,16.13,--,1,1613,卖盘
628,13:58:54,16.13,-0.01,94,151622,卖盘
629,13:58:49,16.14,--,16,25824,买盘
630,13:58:39,16.14,-0.03,124,200136,卖盘
631,13:58:34,16.17,--,77,124509,买盘
632,13:58:24,16.17,0.04,19,30723,买盘
633,13:58:18,16.13,-0.01,130,209690,卖盘
634,13:58:09,16.14,--,24,38736,买盘
635,13:58:03,16.14,--,28,45192,买盘
636,13:57:57,16.14,0.01,80,129120,买盘
637,13:57:54,16.13,-0.01,74,119361,卖盘
638,13:57:49,16.14,-0.01,50,80700,卖盘
639,13:57:43,16.15,--,4,6459,买盘
640,13:57:39,16.15,-0.03,34,54909,卖盘
641,13:57:33,16.18,--,27,43686,买盘
642,13:57:27,16.18,--,36,58248,买盘
643,13:57:24,16.18,--,55,88990,买盘
644,13:57:19,16.18,0.02,107,173126,买盘
645,13:57:12,16.16,0.01,71,114736,买盘
646,13:57:09,16.15,--,54,87209,买盘
647,13:57:04,16.15,0.02,707,1141805,买盘
648,13:56:57,16.13,0.01,229,369377,中性盘
649,13:56:54,16.12,-0.02,24,38688,卖盘
650,13:56:48,16.14,--,5,8070,买盘
651,13:56:33,16.14,--,2,3228,买盘
652,13:56:27,16.14,0.01,17,27438,买盘
653,13:56:18,16.13,--,565,911345,买盘
654,13:56:12,16.13,--,171,275823,买盘
655,13:56:09,16.13,-0.01,96,154848,卖盘
656,13:56:03,16.14,0.01,9,14526,买盘
657,13:55:57,16.13,--,65,104845,卖盘
658,13:55:48,16.13,-0.01,5,8064,卖盘
659,13:55:38,16.14,--,0,0,买盘
660,13:55:33,16.14,0.02,88,142032,买盘
661,13:55:27,16.12,-0.02,119,191828,卖盘
662,13:55:18,16.14,0.02,863,1392882,买盘
663,13:55:12,16.12,--,118,190216,卖盘
664,13:55:08,16.12,--,1,1612,卖盘
665,13:55:03,16.12,--,126,203112,卖盘
666,13:54:57,16.12,--,74,119288,卖盘
667,13:54:48,16.12,--,52,83824,卖盘
668,13:54:42,16.12,--,237,382044,卖盘
669,13:54:38,16.12,-0.02,118,190216,卖盘
670,13:54:33,16.14,0.02,26,41964,买盘
671,13:54:27,16.12,--,832,1341184,卖盘
672,13:54:23,16.12,--,114,183768,卖盘
673,13:54:18,16.12,--,129,207948,卖盘
674,13:54:12,16.12,--,70,112840,卖盘
675,13:54:08,16.12,-0.01,3,4836,卖盘
676,13:54:03,16.13,--,295,475834,买盘
677,13:53:57,16.13,0.01,238,383894,买盘
678,13:53:48,16.12,--,120,193440,卖盘
679,13:53:42,16.12,-0.01,131,211172,卖盘
680,13:53:36,16.13,--,129,208077,卖盘
681,13:53:33,16.13,--,4,6452,卖盘
682,13:53:27,16.13,-0.05,147,237110,卖盘
683,13:53:21,16.18,--,0,0,买盘
684,13:53:18,16.18,0.05,646,1045228,买盘
685,13:53:12,16.13,0.01,268,432284,买盘
686,13:53:06,16.12,-0.01,1,1612,卖盘
687,13:53:03,16.13,--,111,179043,买盘
688,13:52:57,16.13,0.01,82,132266,买盘
689,13:52:51,16.12,-0.01,122,196664,卖盘
690,13:52:48,16.13,-0.03,67,108071,卖盘
691,13:52:42,16.16,--,72,116352,买盘
692,13:52:36,16.16,0.04,20,32320,买盘
693,13:52:33,16.12,-0.01,162,261144,卖盘
694,13:52:27,16.13,0.01,79,127426,中性盘
695,13:52:21,16.12,-0.02,24,38688,卖盘
696,13:52:18,16.14,0.02,4,6456,中性盘
697,13:52:12,16.12,-0.03,126,203112,卖盘
698,13:52:06,16.15,0.01,3,4845,买盘
699,13:52:03,16.14,--,39,62946,卖盘
700,13:51:57,16.14,--,1013,1634982,卖盘
701,13:51:48,16.14,--,21,33894,卖盘
702,13:51:42,16.14,-0.01,105,169470,卖盘
703,13:51:33,16.15,--,3,4845,买盘
704,13:51:27,16.15,0.01,132,213179,买盘
705,13:51:21,16.14,--,138,222732,买盘
706,13:51:12,16.14,0.02,43,69402,买盘
707,13:51:06,16.12,-0.02,101,162812,卖盘
708,13:51:03,16.14,0.01,173,279222,买盘
709,13:50:57,16.13,--,215,346795,卖盘
710,13:50:48,16.13,-0.02,72,116136,卖盘
711,13:50:42,16.15,0.02,129,208334,买盘
712,13:50:33,16.13,-0.02,4,6452,卖盘
713,13:50:27,16.15,--,331,534565,买盘
714,13:50:21,16.15,0.02,8,12919,买盘
715,13:50:18,16.13,--,146,235498,卖盘
716,13:50:12,16.13,-0.02,2,3226,卖盘
717,13:50:06,16.15,0.02,139,224484,买盘
718,13:50:03,16.13,--,10,16129,卖盘
719,13:49:57,16.13,--,155,250014,卖盘
720,13:49:51,16.13,-0.02,93,150009,卖盘
721,13:49:42,16.15,--,96,155040,买盘
722,13:49:36,16.15,--,105,169574,买盘
723,13:49:27,16.15,--,22,35530,买盘
724,13:49:21,16.15,0.02,76,122739,买盘
725,13:49:18,16.13,--,90,145170,卖盘
726,13:49:12,16.13,-0.01,86,138718,卖盘
727,13:49:06,16.14,-0.01,92,148488,中性盘
728,13:49:03,16.15,--,1,1614,买盘
729,13:48:57,16.15,--,111,179264,买盘
730,13:48:51,16.15,--,161,260014,买盘
731,13:48:47,16.15,0.02,25,40375,买盘
732,13:48:42,16.13,-0.02,138,222594,卖盘
733,13:48:36,16.15,0.02,56,90439,买盘
734,13:48:32,16.13,--,86,138718,卖盘
735,13:48:27,16.13,-0.01,13,20969,卖盘
736,13:48:21,16.14,0.01,51,82314,中性盘
737,13:48:17,16.13,-0.02,86,138718,卖盘
738,13:48:06,16.15,0.02,3,4845,买盘
739,13:48:02,16.13,--,84,135492,卖盘
740,13:47:57,16.13,--,65,104845,卖盘
741,13:47:51,16.13,-0.02,107,172591,卖盘
742,13:47:36,16.15,0.02,8,12919,买盘
743,13:47:30,16.13,--,82,132266,卖盘
744,13:47:27,16.13,-0.04,13,20969,中性盘
745,13:47:21,16.17,0.05,114,184338,买盘
746,13:47:12,16.12,-0.05,80,128960,卖盘
747,13:47:06,16.17,0.02,3,4851,买盘
748,13:46:57,16.15,0.03,213,343994,买盘
749,13:46:51,16.12,--,0,0,卖盘
750,13:46:42,16.12,--,88,141856,卖盘
751,13:46:36,16.12,--,320,515840,卖盘
752,13:46:30,16.12,--,10,16120,卖盘
753,13:46:27,16.12,--,48,77376,卖盘
754,13:46:21,16.12,--,102,164424,卖盘
755,13:46:15,16.12,--,76,122512,卖盘
756,13:46:12,16.12,-0.03,75,120900,卖盘
757,13:46:06,16.15,0.03,4,6459,买盘
758,13:46:00,16.12,--,76,122512,卖盘
759,13:45:57,16.12,--,77,124124,卖盘
760,13:45:42,16.12,-0.03,73,117676,卖盘
761,13:45:36,16.15,0.03,2,3229,买盘
762,13:45:30,16.12,--,79,127348,卖盘
763,13:45:27,16.12,-0.01,71,114452,卖盘
764,13:45:21,16.13,-0.02,76,122587,卖盘
765,13:45:12,16.15,--,5,8074,买盘
766,13:45:06,16.15,0.02,73,117894,买盘
767,13:44:57,16.13,0.01,72,116136,中性盘
768,13:44:51,16.12,--,24,38688,卖盘
769,13:44:45,16.12,--,1,1612,卖盘
770,13:44:42,16.12,--,68,109616,卖盘
771,13:44:36,16.12,-0.01,69,111228,卖盘
772,13:44:27,16.13,-0.03,15,24195,中性盘
773,13:44:21,16.16,0.04,42,67872,买盘
774,13:44:15,16.12,--,141,227292,卖盘
775,13:44:12,16.12,-0.02,1,1612,卖盘
776,13:44:06,16.14,0.02,72,116208,买盘
777,13:44:00,16.12,--,0,0,卖盘
778,13:43:57,16.12,-0.01,121,195052,卖盘
779,13:43:42,16.13,-0.02,63,101619,卖盘
780,13:43:36,16.15,0.02,3,4845,中性盘
781,13:43:27,16.13,0.01,28,45825,中性盘
782,13:43:21,16.12,-0.01,86,138632,卖盘
783,13:43:12,16.13,-0.03,2,3226,卖盘
784,13:43:06,16.16,0.04,66,106656,买盘
785,13:42:56,16.12,-0.01,78,125736,卖盘
786,13:42:51,16.13,-0.03,60,96780,卖盘
787,13:42:45,16.16,0.03,405,654480,买盘
788,13:42:36,16.13,--,63,101619,卖盘
789,13:42:30,16.13,--,10,16129,卖盘
790,13:42:15,16.13,--,58,93554,卖盘
791,13:42:11,16.13,-0.02,1,1613,卖盘
792,13:42:06,16.15,0.02,72,116279,买盘
793,13:42:00,16.13,--,56,90328,卖盘
794,13:41:56,16.13,--,56,90328,卖盘
795,13:41:51,16.13,-0.04,56,90328,卖盘
796,13:41:45,16.17,--,210,339570,买盘
797,13:41:36,16.17,0.05,58,93786,买盘
798,13:41:30,16.12,-0.03,77,124124,卖盘
799,13:41:21,16.15,0.03,56,90439,买盘
800,13:41:15,16.12,--,0,0,卖盘
801,13:41:11,16.12,-0.03,10,16120,卖盘
802,13:41:06,16.15,0.03,303,489344,买盘
803,13:41:00,16.12,--,52,83824,卖盘
804,13:40:56,16.12,--,63,101556,卖盘
805,13:40:45,16.12,-0.04,113,182800,卖盘
806,13:40:41,16.16,--,0,0,买盘
807,13:40:36,16.16,0.03,26,42016,买盘
808,13:40:30,16.13,--,10,16129,买盘
809,13:40:21,16.13,--,3,4839,买盘
810,13:40:15,16.13,-0.02,1,1613,买盘
811,13:40:06,16.15,0.03,2,3229,中性盘
812,13:40:00,16.12,--,10,16120,卖盘
813,13:39:54,16.12,-0.03,73,117676,卖盘
814,13:39:51,16.15,--,81,130814,中性盘
815,13:39:36,16.15,0.03,2,3229,买盘
816,13:39:24,16.12,-0.03,2,3224,卖盘
817,13:39:21,16.15,-0.01,4,6459,卖盘
818,13:39:15,16.16,--,1,1616,买盘
819,13:39:06,16.16,0.04,131,211696,买盘
820,13:39:00,16.12,--,0,0,卖盘
821,13:38:54,16.12,-0.04,59,95108,卖盘
822,13:38:45,16.16,--,10,16160,买盘
823,13:38:39,16.16,--,10,16160,买盘
824,13:38:36,16.16,0.01,8,12928,买盘
825,13:38:30,16.15,0.03,110,177649,中性盘
826,13:38:24,16.12,-0.02,154,248248,卖盘
827,13:38:15,16.14,--,1,1614,中性盘
828,13:38:06,16.14,0.02,4,6456,买盘
829,13:38:00,16.12,--,31,49972,卖盘
830,13:37:54,16.12,--,265,427180,卖盘
831,13:37:51,16.12,--,7,11284,卖盘
832,13:37:45,16.12,--,38,61256,卖盘
833,13:37:36,16.12,--,5,8060,卖盘
834,13:37:24,16.12,--,217,349804,卖盘
835,13:37:21,16.12,--,5,8060,卖盘
836,13:37:15,16.12,--,2,3224,卖盘
837,13:37:09,16.12,-0.02,45,72540,卖盘
838,13:37:06,16.14,0.02,4,6456,买盘
839,13:37:00,16.12,--,15,24180,卖盘
840,13:36:54,16.12,-0.01,142,228904,卖盘
841,13:36:51,16.13,0.01,6,9678,买盘
842,13:36:45,16.12,--,11,17732,卖盘
843,13:36:39,16.12,-0.01,14,22568,卖盘
844,13:36:36,16.13,--,210,338730,买盘
845,13:36:30,16.13,--,20,32259,买盘
846,13:36:21,16.13,-0.01,90,145170,卖盘
847,13:36:15,16.14,--,32,51648,买盘
848,13:36:09,16.14,0.02,1,1614,买盘
849,13:36:05,16.12,--,5,8060,卖盘
850,13:35:54,16.12,--,64,103168,卖盘
851,13:35:45,16.12,--,31,49972,卖盘
852,13:35:39,16.12,-0.02,1,1612,卖盘
853,13:35:35,16.14,0.02,8,12912,买盘
854,13:35:30,16.12,--,1,1612,卖盘
855,13:35:24,16.12,--,20,32240,卖盘
856,13:35:20,16.12,-0.02,20,32240,卖盘
857,13:35:15,16.14,--,5,8070,买盘
858,13:35:09,16.14,--,22,35508,买盘
859,13:35:05,16.14,0.02,1,1614,买盘
860,13:35:00,16.12,--,32,51584,卖盘
861,13:34:54,16.12,--,110,177320,卖盘
862,13:34:45,16.12,--,57,91884,卖盘
863,13:34:39,16.12,--,97,156364,卖盘
864,13:34:35,16.12,0.01,151,243412,买盘
865,13:34:30,16.11,--,20,32220,卖盘
866,13:34:24,16.11,-0.01,21,33831,卖盘
867,13:34:05,16.12,0.01,1,1612,买盘
868,13:34:00,16.11,--,1,1611,卖盘
869,13:33:54,16.11,--,64,103104,卖盘
870,13:33:50,16.11,--,20,32220,卖盘
871,13:33:45,16.11,-0.02,53,85383,卖盘
872,13:33:39,16.13,0.02,41,66133,买盘
873,13:33:35,16.11,--,143,230373,卖盘
874,13:33:30,16.11,--,22,35442,卖盘
875,13:33:20,16.11,-0.01,2,3222,卖盘
876,13:33:09,16.12,--,15,24180,买盘
877,13:33:05,16.12,0.01,2,3224,买盘
878,13:33:00,16.11,0.01,278,448647,买盘
879,13:32:54,16.1,--,59,94990,卖盘
880,13:32:50,16.1,-0.01,2,3220,卖盘
881,13:32:39,16.11,-0.01,31,50762,卖盘
882,13:32:35,16.12,0.01,1,1612,买盘
883,13:32:24,16.11,--,126,202986,卖盘
884,13:32:20,16.11,--,61,98271,卖盘
885,13:32:14,16.11,--,1,1611,卖盘
886,13:32:09,16.11,-0.01,54,86994,卖盘
887,13:32:03,16.12,0.01,2,3224,买盘
888,13:31:59,16.11,--,2368,3814848,卖盘
889,13:31:54,16.11,-0.01,56,90216,卖盘
890,13:31:45,16.12,--,10,16120,卖盘
891,13:31:39,16.12,--,3,4836,中性盘
892,13:31:33,16.12,--,29,46748,买盘
893,13:31:29,16.12,0.01,15,24180,买盘
894,13:31:09,16.11,-0.01,5,8055,卖盘
895,13:31:03,16.12,0.01,2,3224,买盘
896,13:30:59,16.11,--,303,488133,卖盘
897,13:30:54,16.11,--,273,439803,卖盘
898,13:30:48,16.11,-0.02,35,56385,卖盘
899,13:30:44,16.13,--,38,61293,买盘
900,13:30:39,16.13,0.02,95,154186,买盘
901,13:30:33,16.11,-0.01,75,121485,卖盘
902,13:30:29,16.12,0.01,69,112179,买盘
903,13:30:24,16.11,-0.01,108,173988,卖盘
904,13:30:18,16.12,--,56,90272,买盘
905,13:30:14,16.12,0.01,36,58032,买盘
906,13:30:09,16.11,-0.01,40,64440,卖盘
907,13:30:03,16.12,--,821,1323452,卖盘
908,13:29:59,16.12,--,119,191828,卖盘
909,13:29:54,16.12,-0.01,74,119288,卖盘
910,13:29:48,16.13,0.01,5,8064,买盘
911,13:29:44,16.12,--,14,22568,卖盘
912,13:29:39,16.12,-0.01,5,8060,卖盘
913,13:29:33,16.13,--,8,12904,中性盘
914,13:29:24,16.13,--,295,475834,买盘
915,13:29:09,16.13,--,2,3226,买盘
916,13:29:03,16.13,0.01,2,3226,买盘
917,13:28:59,16.12,0.01,18,29016,买盘
918,13:28:54,16.11,-0.01,97,156267,卖盘
919,13:28:48,16.12,--,3,4836,买盘
920,13:28:39,16.12,--,2,3224,买盘
921,13:28:33,16.12,--,2,3224,买盘
922,13:28:29,16.12,0.01,16,25792,买盘
923,13:28:24,16.11,-0.01,35,56385,卖盘
924,13:28:18,16.12,0.01,21,33852,买盘
925,13:28:14,16.11,-0.01,10,16110,卖盘
926,13:28:09,16.12,--,52,83824,买盘
927,13:28:03,16.12,0.01,3,4836,买盘
928,13:27:59,16.11,--,10,16110,卖盘
929,13:27:54,16.11,--,161,259371,卖盘
930,13:27:39,16.11,-0.01,6,9666,卖盘
931,13:27:33,16.12,--,3,4836,买盘
932,13:27:29,16.12,--,6,9672,买盘
933,13:27:18,16.12,--,9,14508,买盘
934,13:27:09,16.12,--,1,1612,买盘
935,13:27:03,16.12,0.01,4,6448,买盘
936,13:26:54,16.11,--,69,111159,卖盘
937,13:26:44,16.11,--,35,56385,卖盘
938,13:26:39,16.11,-0.01,151,243261,卖盘
939,13:26:33,16.12,0.01,6,9672,买盘
940,13:26:29,16.11,--,48,77328,卖盘
941,13:26:18,16.11,-0.01,151,243261,卖盘
942,13:26:14,16.12,-0.01,19,30628,卖盘
943,13:26:09,16.13,--,1,1613,买盘
944,13:26:03,16.13,0.02,1,1613,买盘
945,13:25:54,16.11,--,62,99882,卖盘
946,13:25:44,16.11,-0.02,33,53163,卖盘
947,13:25:33,16.13,0.02,2,3226,买盘
948,13:25:29,16.11,-0.02,1,1611,卖盘
949,13:25:09,16.13,0.02,1,1613,买盘
950,13:25:03,16.11,-0.02,50,80550,卖盘
951,13:24:57,16.13,0.02,20,32259,买盘
952,13:24:53,16.11,-0.02,85,136935,卖盘
953,13:24:39,16.13,--,3,4839,买盘
954,13:24:33,16.13,0.01,1,1613,买盘
955,13:24:23,16.12,--,14,22568,买盘
956,13:24:18,16.12,--,11,17732,买盘
957,13:24:12,16.12,--,14,22568,买盘
958,13:24:08,16.12,--,2,3224,买盘
959,13:24:03,16.12,0.01,2,3224,买盘
960,13:23:53,16.11,-0.01,61,98271,卖盘
961,13:23:42,16.12,--,3,4836,买盘
962,13:23:33,16.12,0.01,1,1612,买盘
963,13:23:27,16.11,--,1,1611,卖盘
964,13:23:18,16.11,-0.02,6,9666,卖盘
965,13:23:08,16.13,--,1,1613,买盘
966,13:23:03,16.13,0.02,2,3226,买盘
967,13:22:57,16.11,--,0,0,卖盘
968,13:22:53,16.11,-0.02,59,95049,卖盘
969,13:22:38,16.13,0.01,22,36937,买盘
970,13:22:33,16.12,0.01,4,6448,买盘
971,13:22:18,16.11,-0.01,12,19332,卖盘
972,13:22:08,16.12,--,1,1612,买盘
973,13:22:03,16.12,0.01,20,32240,买盘
974,13:21:57,16.11,--,21,33831,卖盘
975,13:21:53,16.11,--,65,104715,卖盘
976,13:21:33,16.11,--,13,20943,卖盘
977,13:21:27,16.11,-0.01,3,4833,卖盘
978,13:21:23,16.12,0.01,62,99944,买盘
979,13:21:18,16.11,-0.01,2,3222,卖盘
980,13:21:08,16.12,--,4,6448,买盘
981,13:21:03,16.12,--,2,3224,买盘
982,13:20:57,16.12,0.02,20,32240,买盘
983,13:20:53,16.1,-0.01,62,99820,卖盘
984,13:20:48,16.11,--,2,3222,卖盘
985,13:20:42,16.11,-0.02,81,130491,卖盘
986,13:20:38,16.13,--,1,1613,买盘
987,13:20:33,16.13,--,2,3226,买盘
988,13:20:12,16.13,--,57,91941,买盘
989,13:20:08,16.13,--,2,3226,买盘
990,13:20:03,16.13,0.02,1,1613,中性盘
991,13:19:57,16.11,-0.02,520,837720,卖盘
992,13:19:48,16.13,--,17,27421,卖盘
993,13:19:42,16.13,--,161,259692,卖盘
994,13:19:33,16.13,--,26,41938,卖盘
995,13:19:12,16.13,-0.01,115,185495,卖盘
996,13:19:08,16.14,0.01,162,261468,买盘
997,13:19:03,16.13,-0.01,2,3226,卖盘
998,13:18:57,16.14,--,66,106524,买盘
999,13:18:53,16.14,--,2,3228,买盘
1000,13:18:48,16.14,0.01,27,43578,买盘
1001,13:18:42,16.13,-0.01,13,20969,卖盘
1002,13:18:38,16.14,--,1,1614,买盘
1003,13:18:33,16.14,--,3,4842,买盘
1004,13:18:27,16.14,--,7,11298,买盘
1005,13:18:08,16.14,--,3,4842,买盘
1006,13:18:03,16.14,0.01,3,4842,买盘
1007,13:17:57,16.13,-0.02,63,101619,卖盘
1008,13:17:51,16.15,0.01,3,4845,买盘
1009,13:17:42,16.14,0.01,16,25824,买盘
1010,13:17:36,16.13,-0.01,47,75811,卖盘
1011,13:17:32,16.14,--,25,40350,买盘
1012,13:17:27,16.14,--,10,16140,买盘
1013,13:17:18,16.14,--,23,37122,买盘
1014,13:17:12,16.14,--,6,9684,买盘
1015,13:17:06,16.14,--,41,66174,买盘
1016,13:17:02,16.14,0.01,2,3228,买盘
1017,13:16:57,16.13,--,59,95167,卖盘
1018,13:16:51,16.13,--,336,543564,买盘
1019,13:16:47,16.13,--,110,178510,买盘
1020,13:16:36,16.13,--,1,1613,买盘
1021,13:16:32,16.13,0.01,1,1613,买盘
1022,13:16:27,16.12,0.01,28,45136,买盘
1023,13:16:21,16.11,-0.01,1,1611,卖盘
1024,13:16:17,16.12,--,2,3369,卖盘
1025,13:16:12,16.12,--,55,88660,卖盘
1026,13:16:06,16.12,-0.01,3,4836,卖盘
1027,13:16:02,16.13,0.03,329,532144,买盘
1028,13:15:56,16.1,-0.01,61,98210,卖盘
1029,13:15:51,16.11,--,2,3222,卖盘
1030,13:15:47,16.11,-0.01,16,25776,卖盘
1031,13:15:42,16.12,--,45,72540,买盘
1032,13:15:36,16.12,--,11,17732,买盘
1033,13:15:32,16.12,--,1,1612,买盘
1034,13:15:27,16.12,0.01,22,35464,买盘
1035,13:15:17,16.11,-0.01,56,90216,卖盘
1036,13:15:12,16.12,--,5,8060,买盘
1037,13:15:02,16.12,0.01,2,3224,买盘
1038,13:14:57,16.11,--,57,91827,卖盘
1039,13:14:47,16.11,-0.01,2,3222,卖盘
1040,13:14:36,16.12,--,8,12896,买盘
1041,13:14:32,16.12,--,11,17732,买盘
1042,13:14:27,16.12,--,0,0,买盘
1043,13:14:21,16.12,0.01,5,8060,买盘
1044,13:14:17,16.11,0.01,4,6444,买盘
1045,13:14:12,16.1,--,462,745091,买盘
1046,13:14:06,16.1,--,75,120750,买盘
1047,13:14:02,16.1,--,16,25760,买盘
1048,13:13:57,16.1,--,126,202860,买盘
1049,13:13:51,16.1,--,6,9660,买盘
1050,13:13:47,16.1,--,16,25760,买盘
1051,13:13:42,16.1,--,20,32200,买盘
1052,13:13:36,16.1,--,32,51520,买盘
1053,13:13:27,16.1,0.01,10,16100,买盘
1054,13:13:21,16.09,-0.01,1,1609,卖盘
1055,13:13:17,16.1,--,6,9660,买盘
1056,13:13:12,16.1,--,7,11270,买盘
1057,13:13:06,16.1,--,7,11270,买盘
1058,13:13:02,16.1,0.01,30,48300,买盘
1059,13:12:57,16.09,--,64,102976,卖盘
1060,13:12:51,16.09,-0.01,220,354543,卖盘
1061,13:12:47,16.1,--,201,323610,买盘
1062,13:12:42,16.1,--,17,27370,买盘
1063,13:12:36,16.1,--,39,62790,买盘
1064,13:12:27,16.1,--,173,278530,买盘
1065,13:12:21,16.1,--,30,48300,买盘
1066,13:12:12,16.1,--,520,837200,买盘
1067,13:12:06,16.1,--,15,24150,买盘
1068,13:12:02,16.1,--,33,53130,买盘
1069,13:11:57,16.1,--,92,148120,买盘
1070,13:11:51,16.1,--,500,805000,买盘
1071,13:11:36,16.1,0.01,3,4830,买盘
1072,13:11:32,16.09,-0.01,2,3218,卖盘
1073,13:11:21,16.1,--,32,51520,买盘
1074,13:11:12,16.1,0.01,22,35420,买盘
1075,13:11:06,16.09,--,2,3218,卖盘
1076,13:10:57,16.09,-0.01,216,347544,卖盘
1077,13:10:51,16.1,--,11,17710,买盘
1078,13:10:46,16.1,--,4,6440,买盘
1079,13:10:42,16.1,--,20,32200,买盘
1080,13:10:36,16.1,--,512,824320,买盘
1081,13:10:30,16.1,--,274,441140,买盘
1082,13:10:26,16.1,--,47,75670,买盘
1083,13:10:21,16.1,--,16,25760,买盘
1084,13:10:15,16.1,--,7,11270,买盘
1085,13:10:11,16.1,--,31,49910,买盘
1086,13:10:06,16.1,0.01,12,19320,买盘
1087,13:09:56,16.09,--,67,107803,卖盘
1088,13:09:51,16.09,--,60,96540,卖盘
1089,13:09:41,16.09,-0.01,10,16090,卖盘
1090,13:09:36,16.1,0.01,28,45080,买盘
1091,13:09:26,16.09,--,38,61142,卖盘
1092,13:09:15,16.09,-0.01,10,16090,卖盘
1093,13:09:11,16.1,0.01,30,48300,买盘
1094,13:09:06,16.09,-0.01,12,19308,卖盘
1095,13:09:00,16.1,0.01,15,24150,买盘
1096,13:08:56,16.09,--,69,111021,卖盘
1097,13:08:50,16.09,-0.01,10,16090,卖盘
1098,13:08:41,16.1,--,13,20930,买盘
1099,13:08:36,16.1,--,52,83720,买盘
1100,13:08:21,16.1,0.01,10,16100,买盘
1101,13:08:11,16.09,-0.01,229,369024,卖盘
1102,13:08:05,16.1,0.01,83,133630,买盘
1103,13:07:59,16.09,--,10,16090,卖盘
1104,13:07:56,16.09,--,70,112630,卖盘
1105,13:07:51,16.09,-0.01,30,48270,卖盘
1106,13:07:41,16.1,--,4,6440,买盘
1107,13:07:36,16.1,0.01,2,3220,买盘
1108,13:07:26,16.09,--,10,16090,卖盘
1109,13:07:20,16.09,-0.01,213,343264,卖盘
1110,13:07:05,16.1,--,2,3220,买盘
1111,13:07:00,16.1,0.01,1,1610,买盘
1112,13:06:56,16.09,-0.01,78,125502,卖盘
1113,13:06:51,16.1,0.01,229,368690,买盘
1114,13:06:41,16.09,-0.01,8,12872,卖盘
1115,13:06:35,16.1,0.01,12,19320,买盘
1116,13:06:26,16.09,-0.01,30,48270,卖盘
1117,13:06:20,16.1,--,4,6440,买盘
1118,13:06:15,16.1,--,20,32200,买盘
1119,13:06:06,16.1,0.01,3,4830,买盘
1120,13:05:56,16.09,--,60,96540,卖盘
1121,13:05:50,16.09,-0.01,21,33789,卖盘
1122,13:05:41,16.1,--,14,22540,买盘
1123,13:05:35,16.1,0.01,2,3220,买盘
1124,13:05:26,16.09,--,15,24135,卖盘
1125,13:05:20,16.09,-0.01,15,24135,卖盘
1126,13:05:05,16.1,0.01,2,3220,买盘
1127,13:04:56,16.09,--,56,90104,卖盘
1128,13:04:50,16.09,--,30,48270,卖盘
1129,13:04:44,16.09,-0.01,1,1609,卖盘
1130,13:04:35,16.1,--,7,11270,买盘
1131,13:04:05,16.1,0.01,2,3220,买盘
1132,13:03:55,16.09,-0.01,64,102976,卖盘
1133,13:03:50,16.1,0.01,200,322000,买盘
1134,13:03:44,16.09,-0.01,18,28962,卖盘
1135,13:03:35,16.1,--,149,239890,买盘
1136,13:03:29,16.1,-0.01,1579,2542463,卖盘
1137,13:03:25,16.11,-0.01,2,3222,卖盘
1138,13:03:20,16.12,--,12,19344,买盘
1139,13:03:05,16.12,--,3,4836,买盘
1140,13:02:59,16.12,0.01,8,12896,买盘
1141,13:02:53,16.11,-0.01,60,96660,卖盘
1142,13:02:35,16.12,0.01,2,3224,买盘
1143,13:02:23,16.11,--,5,8055,买盘
1144,13:02:14,16.11,0.01,33,53163,买盘
1145,13:02:08,16.1,-0.01,35,56350,卖盘
1146,13:02:05,16.11,0.01,3,4833,买盘
1147,13:01:53,16.1,--,58,93380,卖盘
1148,13:01:44,16.1,--,140,225400,卖盘
1149,13:01:38,16.1,-0.02,35,56350,卖盘
1150,13:01:35,16.12,0.01,259,417508,买盘
1151,13:01:23,16.11,--,4,6444,卖盘
1152,13:01:20,16.11,-0.01,56,90216,卖盘
1153,13:01:14,16.12,--,100,161200,买盘
1154,13:01:08,16.12,--,3,4836,买盘
1155,13:01:05,16.12,0.01,3,4836,买盘
1156,13:00:59,16.11,--,29,46719,卖盘
1157,13:00:53,16.11,-0.02,46,74106,卖盘
1158,13:00:44,16.13,--,0,0,买盘
1159,13:00:38,16.13,--,0,0,买盘
1160,13:00:35,16.13,0.01,1,1613,买盘
1161,13:00:29,16.12,--,16,25792,买盘
1162,13:00:23,16.12,0.01,10,16120,买盘
1163,13:00:20,16.11,--,24,38664,卖盘
1164,13:00:08,16.11,-0.01,23,37053,卖盘
1165,13:00:05,16.12,--,1093,1761916,卖盘
1166,11:30:00,16.12,--,0,0,卖盘
1167,11:29:59,16.12,--,0,0,卖盘
1168,11:29:57,16.12,--,63,101556,卖盘
1169,11:29:52,16.12,--,16,25792,买盘
1170,11:29:37,16.12,--,1,1612,买盘
1171,11:29:27,16.12,--,2,3224,买盘
1172,11:29:21,16.12,--,11,17732,卖盘
1173,11:29:07,16.12,-0.01,25,40300,卖盘
1174,11:28:56,16.13,0.01,62,100006,买盘
1175,11:28:52,16.12,0.01,10,16120,卖盘
1176,11:28:41,16.11,--,0,0,卖盘
1177,11:28:36,16.11,-0.02,95,154333,卖盘
1178,11:28:31,16.13,--,20,32259,买盘
1179,11:28:26,16.13,--,2,3226,买盘
1180,11:28:06,16.13,--,1,1613,买盘
1181,11:28:01,16.13,0.02,2,3226,买盘
1182,11:27:56,16.11,-0.02,63,101493,卖盘
1183,11:27:51,16.13,0.02,1,1613,买盘
1184,11:27:46,16.11,-0.02,65,104715,卖盘
1185,11:27:36,16.13,0.02,1,1613,买盘
1186,11:27:26,16.11,-0.02,150,241650,卖盘
1187,11:27:21,16.13,0.02,12,19356,买盘
1188,11:27:15,16.11,--,100,161100,卖盘
1189,11:27:06,16.11,--,129,208382,买盘
1190,11:27:01,16.11,--,30,48330,买盘
1191,11:26:55,16.11,--,61,98271,买盘
1192,11:26:51,16.11,--,30,48330,买盘
1193,11:26:46,16.11,--,10,16110,买盘
1194,11:26:40,16.11,-0.01,17,27387,卖盘
1195,11:26:25,16.12,0.01,2,3224,买盘
1196,11:26:21,16.11,--,13,20943,买盘
1197,11:26:16,16.11,-0.01,9,14499,卖盘
1198,11:26:06,16.12,--,4,6448,买盘
1199,11:26:01,16.12,--,0,0,买盘
1200,11:25:51,16.12,--,63,101556,买盘
1201,11:25:36,16.12,--,1,1612,买盘
1202,11:25:30,16.12,--,17,27404,买盘
1203,11:25:24,16.12,0.01,1,1612,买盘
1204,11:25:16,16.11,--,4,7539,买盘
1205,11:25:06,16.11,0.01,10,16110,买盘
1206,11:25:00,16.1,-0.01,2,3220,卖盘
1207,11:24:54,16.11,--,65,104715,买盘
1208,11:24:51,16.11,--,1,1611,买盘
1209,11:24:46,16.11,0.01,43,69273,买盘
1210,11:24:40,16.1,-0.01,18,28980,卖盘
1211,11:24:36,16.11,--,22,35442,买盘
1212,11:24:30,16.11,-0.01,38,61218,卖盘
1213,11:24:25,16.12,--,1,1612,买盘
1214,11:24:15,16.12,0.01,2,3224,买盘
1215,11:24:06,16.11,--,2,3222,卖盘
1216,11:23:54,16.11,0.01,202,325422,买盘
1217,11:23:51,16.1,--,18,28980,卖盘
1218,11:23:45,16.1,-0.01,54,86940,卖盘
1219,11:23:36,16.11,0.01,1,1611,买盘
1220,11:23:30,16.1,-0.01,2,3220,卖盘
1221,11:23:24,16.11,--,2,3222,买盘
1222,11:23:21,16.11,0.01,50,80550,买盘
1223,11:23:15,16.1,--,47,75670,卖盘
1224,11:23:09,16.1,--,29,46690,买盘
1225,11:23:05,16.1,--,1,1610,买盘
1226,11:23:00,16.1,--,12,19320,买盘
1227,11:22:55,16.1,0.01,63,101430,买盘
1228,11:22:39,16.09,-0.01,39,62751,卖盘
1229,11:22:24,16.1,0.01,42,67620,买盘
1230,11:22:20,16.09,-0.01,3,4827,卖盘
1231,11:22:15,16.1,0.01,10,16100,买盘
1232,11:22:09,16.09,-0.01,407,654863,卖盘
1233,11:22:06,16.1,--,2,3220,买盘
1234,11:22:00,16.1,--,6,9660,买盘
1235,11:21:54,16.1,0.01,63,101430,买盘
1236,11:21:51,16.09,-0.01,1,1609,卖盘
1237,11:21:45,16.1,0.01,7,11270,买盘
1238,11:21:39,16.09,-0.01,181,291229,卖盘
1239,11:21:36,16.1,0.01,1,1610,买盘
1240,11:21:30,16.09,-0.01,250,402250,卖盘
1241,11:21:24,16.1,--,2,3220,买盘
1242,11:21:21,16.1,--,16,25760,买盘
1243,11:21:15,16.1,--,39,62790,买盘
1244,11:21:09,16.1,--,184,296240,买盘
1245,11:21:05,16.1,--,26,41860,买盘
1246,11:21:00,16.1,--,51,82110,买盘
1247,11:20:54,16.1,--,61,98210,买盘
1248,11:20:50,16.1,--,22,35420,买盘
1249,11:20:39,16.1,--,191,307510,买盘
1250,11:20:35,16.1,--,11,17710,买盘
1251,11:20:30,16.1,0.01,11,17710,买盘
1252,11:20:24,16.09,-0.01,3,4827,卖盘
1253,11:20:18,16.1,0.01,10,16100,买盘
1254,11:20:09,16.09,-0.02,11,17699,卖盘
1255,11:20:03,16.11,0.02,20,32220,买盘
1256,11:20:00,16.09,--,0,0,卖盘
1257,11:19:54,16.09,--,73,117457,卖盘
1258,11:19:45,16.09,--,3,4827,卖盘
1259,11:19:39,16.09,-0.02,181,291229,卖盘
1260,11:19:33,16.11,0.02,1,1611,买盘
1261,11:19:30,16.09,-0.02,117,188253,卖盘
1262,11:19:24,16.11,0.02,19,30609,买盘
1263,11:19:18,16.09,--,7,11263,卖盘
1264,11:19:09,16.09,-0.01,181,291229,卖盘
1265,11:19:03,16.1,--,1,1610,买盘
1266,11:19:00,16.1,--,14,22540,买盘
1267,11:18:54,16.1,0.01,68,109480,买盘
1268,11:18:48,16.09,-0.01,1,1609,卖盘
1269,11:18:39,16.1,--,84,135240,卖盘
1270,11:18:33,16.1,0.01,21,33810,卖盘
1271,11:18:24,16.09,--,61,98149,卖盘
1272,11:18:15,16.09,-0.01,182,292838,卖盘
1273,11:18:09,16.1,--,1,1610,卖盘
1274,11:18:03,16.1,--,0,0,中性盘
1275,11:18:00,16.1,--,180,289800,买盘
1276,11:17:54,16.1,--,64,103040,买盘
1277,11:17:39,16.1,-0.01,20,32200,卖盘
1278,11:17:33,16.11,0.02,1,1611,买盘
1279,11:17:30,16.09,-0.01,11,17699,卖盘
1280,11:17:24,16.1,--,7,11270,买盘
1281,11:17:15,16.1,0.01,54,86940,买盘
1282,11:17:09,16.09,-0.01,181,291229,卖盘
1283,11:17:03,16.1,--,1,1610,买盘
1284,11:17:00,16.1,-0.01,294,473340,卖盘
1285,11:16:54,16.11,0.01,60,96660,买盘
1286,11:16:48,16.1,0.01,29,46690,买盘
1287,11:16:45,16.09,-0.01,1,1609,卖盘
1288,11:16:39,16.1,-0.01,163,262430,卖盘
1289,11:16:33,16.11,--,1,1611,买盘
1290,11:16:24,16.11,0.01,1,1611,买盘
1291,11:16:18,16.1,--,70,112700,买盘
1292,11:16:15,16.1,--,70,112700,买盘
1293,11:16:09,16.1,--,45,72450,卖盘
1294,11:16:00,16.1,-0.01,51,82110,卖盘
1295,11:15:54,16.11,0.02,62,99882,买盘
1296,11:15:45,16.09,--,40,64360,卖盘
1297,11:15:39,16.09,--,194,312146,卖盘
1298,11:15:33,16.09,-0.01,75,120675,卖盘
1299,11:15:30,16.1,--,20,32200,买盘
1300,11:15:24,16.1,--,12,19320,买盘
1301,11:15:18,16.1,--,22,35420,买盘
1302,11:15:09,16.1,-0.02,93,149730,卖盘
1303,11:15:03,16.12,0.01,2,3224,买盘
1304,11:14:59,16.11,0.01,97,156267,买盘
1305,11:14:54,16.1,--,145,233450,买盘
1306,11:14:48,16.1,--,11,17710,买盘
1307,11:14:44,16.1,--,1,1610,买盘
1308,11:14:39,16.1,--,96,154560,卖盘
1309,11:14:33,16.1,-0.01,22,35420,卖盘
1310,11:14:24,16.11,0.02,2,3222,买盘
1311,11:14:18,16.09,--,0,0,卖盘
1312,11:14:09,16.09,-0.01,186,299274,卖盘
1313,11:14:03,16.1,-0.01,48,77585,中性盘
1314,11:13:59,16.11,0.01,11,17721,买盘
1315,11:13:54,16.1,--,140,225400,买盘
1316,11:13:48,16.1,--,12,19320,买盘
1317,11:13:39,16.1,-0.01,84,135240,卖盘
1318,11:13:33,16.11,0.01,1,1611,买盘
1319,11:13:29,16.1,-0.01,1,1610,卖盘
1320,11:13:24,16.11,0.02,2,3222,买盘
1321,11:13:09,16.09,--,181,291229,卖盘
1322,11:13:03,16.09,--,105,168945,卖盘
1323,11:12:54,16.09,--,264,424776,卖盘
1324,11:12:48,16.09,0.01,1,1609,卖盘
1325,11:12:39,16.08,-0.02,181,291047,卖盘
1326,11:12:33,16.1,--,5,8050,买盘
1327,11:12:27,16.1,--,5,8050,买盘
1328,11:12:24,16.1,0.02,2,3220,买盘
1329,11:12:18,16.08,-0.02,1,1607,卖盘
1330,11:12:12,16.1,0.02,5,8050,买盘
1331,11:12:09,16.08,-0.02,181,291047,卖盘
1332,11:12:03,16.1,--,0,0,买盘
1333,11:11:54,16.1,0.01,176,283360,买盘
1334,11:11:48,16.09,-0.01,270,434430,卖盘
1335,11:11:42,16.1,--,34,54740,买盘
1336,11:11:39,16.1,-0.01,118,189980,卖盘
1337,11:11:33,16.11,--,1,1611,买盘
1338,11:11:24,16.11,0.01,5,8055,买盘
1339,11:11:18,16.1,0.01,7,11270,买盘
1340,11:11:12,16.09,--,1,1609,卖盘
1341,11:11:09,16.09,-0.02,181,291229,卖盘
1342,11:11:03,16.11,0.01,1,1611,买盘
1343,11:10:57,16.1,--,164,264040,买盘
1344,11:10:54,16.1,--,62,99820,买盘
1345,11:10:48,16.1,0.01,106,170660,买盘
1346,11:10:42,16.09,--,15,24135,买盘
1347,11:10:39,16.09,--,66,106194,卖盘
1348,11:10:33,16.09,-0.01,23,37007,卖盘
1349,11:10:24,16.1,0.01,2,3220,买盘
1350,11:10:12,16.09,--,1,1609,卖盘
1351,11:10:09,16.09,-0.01,182,292838,卖盘
1352,11:09:54,16.1,0.01,67,107870,买盘
1353,11:09:48,16.09,0.01,47,75623,卖盘
1354,11:09:42,16.08,--,156,250847,买盘
1355,11:09:39,16.08,-0.02,35,56279,卖盘
1356,11:09:33,16.1,0.01,81,130410,买盘
1357,11:09:24,16.09,-0.01,1,1609,中性盘
1358,11:09:18,16.1,--,10,16100,买盘
1359,11:09:12,16.1,0.03,2,3220,买盘
1360,11:09:09,16.07,-0.03,206,331042,卖盘
1361,11:09:03,16.1,0.03,2,3220,买盘
1362,11:08:57,16.07,-0.03,13,20891,卖盘
1363,11:08:54,16.1,0.03,75,120750,买盘
1364,11:08:48,16.07,--,155,249085,买盘
1365,11:08:42,16.07,--,27,43389,买盘
1366,11:08:39,16.07,-0.03,96,154272,卖盘
1367,11:08:33,16.1,0.02,25,40250,买盘
1368,11:08:27,16.08,--,67,107735,买盘
1369,11:08:24,16.08,0.01,107,172055,买盘
1370,11:08:18,16.07,-0.01,61,98027,卖盘
1371,11:08:12,16.08,--,34,54671,买盘
1372,11:08:09,16.08,-0.02,62,99695,卖盘
1373,11:08:03,16.1,--,14,22540,买盘
1374,11:07:57,16.1,-0.02,89,143290,卖盘
1375,11:07:48,16.12,0.04,98,157976,买盘
1376,11:07:42,16.08,-0.02,277,445415,卖盘
1377,11:07:38,16.1,0.02,1,1610,买盘
1378,11:07:33,16.08,--,0,0,卖盘
1379,11:07:27,16.08,-0.02,27,43415,卖盘
1380,11:07:23,16.1,--,5,8050,买盘
1381,11:07:18,16.1,--,33,53130,买盘
1382,11:07:12,16.1,-0.01,94,151645,卖盘
1383,11:07:08,16.11,--,8,14192,买盘
1384,11:07:03,16.11,--,17,27387,买盘
1385,11:06:57,16.11,--,59,95049,买盘
1386,11:06:53,16.11,--,8,12888,买盘
1387,11:06:48,16.11,0.01,42,67662,买盘
1388,11:06:42,16.1,--,281,452410,买盘
1389,11:06:38,16.1,--,0,0,买盘
1390,11:06:33,16.1,--,1858,2991975,买盘
1391,11:06:27,16.1,--,32,51520,买盘
1392,11:06:23,16.1,--,14,22540,买盘
1393,11:06:18,16.1,0.02,94,151340,买盘
1394,11:06:12,16.08,-0.02,322,517775,卖盘
1395,11:06:08,16.1,--,13,20930,买盘
1396,11:06:03,16.1,--,31,49910,买盘
1397,11:05:57,16.1,--,70,112700,买盘
1398,11:05:53,16.1,--,36,57960,买盘
1399,11:05:48,16.1,0.02,174,280140,买盘
1400,11:05:42,16.08,0.01,215,345719,买盘
1401,11:05:38,16.07,--,11,17677,买盘
1402,11:05:33,16.07,--,27,43389,买盘
1403,11:05:27,16.07,-0.03,321,515847,卖盘
1404,11:05:21,16.1,--,6,9660,买盘
1405,11:05:18,16.1,0.02,15,24150,买盘
1406,11:05:12,16.08,-0.02,182,292655,中性盘
1407,11:05:03,16.1,0.02,63,101430,买盘
1408,11:04:57,16.08,0.01,125,200999,买盘
1409,11:04:51,16.07,-0.01,84,134988,卖盘
1410,11:04:48,16.08,--,35,56279,买盘
1411,11:04:42,16.08,--,227,365015,买盘
1412,11:04:36,16.08,--,64,102911,买盘
1413,11:04:33,16.08,--,58,93263,买盘
1414,11:04:27,16.08,--,25,40199,买盘
1415,11:04:18,16.08,--,70,112559,买盘
1416,11:04:12,16.08,--,71,114167,买盘
1417,11:04:06,16.08,-0.03,3596,5782367,卖盘
1418,11:04:03,16.11,--,1,1611,买盘
1419,11:03:57,16.11,0.01,60,96660,买盘
1420,11:03:48,16.1,-0.01,20,32200,卖盘
1421,11:03:42,16.11,--,12,19332,买盘
1422,11:03:36,16.11,--,14,22554,买盘
1423,11:03:33,16.11,-0.01,54,86994,卖盘
1424,11:03:27,16.12,0.01,72,116064,买盘
1425,11:03:21,16.11,-0.02,1,1611,卖盘
1426,11:03:12,16.13,--,0,0,买盘
1427,11:03:03,16.13,0.01,16,25808,买盘
1428,11:02:57,16.12,0.02,24,38688,买盘
1429,11:02:51,16.1,-0.01,92,148120,卖盘
1430,11:02:48,16.11,0.01,16,25776,卖盘
1431,11:02:42,16.1,--,200,322000,卖盘
1432,11:02:36,16.1,-0.02,28,45080,卖盘
1433,11:02:33,16.12,--,1,1612,买盘
1434,11:02:27,16.12,0.02,9,14508,中性盘
1435,11:02:18,16.1,--,55,88550,卖盘
1436,11:02:12,16.1,--,208,334880,买盘
1437,11:02:06,16.1,--,0,0,中性盘
1438,11:02:03,16.1,--,1,1610,买盘
1439,11:01:57,16.1,0.01,66,106260,买盘
1440,11:01:51,16.09,--,80,128720,卖盘
1441,11:01:48,16.09,-0.01,42,67578,卖盘
1442,11:01:42,16.1,--,2743,4416230,卖盘
1443,11:01:36,16.1,-0.03,24,38640,卖盘
1444,11:01:32,16.13,-0.01,59,95167,买盘
1445,11:01:27,16.14,--,1,1614,买盘
1446,11:01:21,16.14,0.04,10,16140,买盘
1447,11:01:17,16.1,-0.04,10002,16103220,卖盘
1448,11:01:12,16.14,-0.01,54,88269,卖盘
1449,11:01:02,16.15,0.01,1269,2049434,中性盘
1450,11:00:57,16.14,-0.01,404,652056,卖盘
1451,11:00:51,16.15,0.01,26,41989,买盘
1452,11:00:47,16.14,--,0,500,卖盘
1453,11:00:42,16.14,--,183,295362,卖盘
1454,11:00:36,16.14,-0.01,16,25824,卖盘
1455,11:00:32,16.15,0.01,11,17765,买盘
1456,11:00:27,16.14,-0.01,115,185610,卖盘
1457,11:00:21,16.15,--,978,1580584,卖盘
1458,11:00:17,16.15,--,117,188954,卖盘
1459,11:00:12,16.15,--,309,499034,卖盘
1460,11:00:06,16.15,-0.01,2714,4383110,卖盘
1461,11:00:02,16.16,--,58,93728,买盘
1462,10:59:57,16.16,0.01,246,397536,买盘
1463,10:59:51,16.15,-0.01,94,151810,卖盘
1464,10:59:42,16.16,--,230,371680,买盘
1465,10:59:32,16.16,--,2,3232,买盘
1466,10:59:27,16.16,0.01,2,3232,买盘
1467,10:59:21,16.15,--,12,19380,卖盘
1468,10:59:17,16.15,--,0,0,卖盘
1469,10:59:12,16.15,--,181,292315,卖盘
1470,10:59:06,16.15,--,2,3229,卖盘
1471,10:59:02,16.15,-0.01,18,29069,卖盘
1472,10:58:57,16.16,0.01,6,9696,买盘
1473,10:58:51,16.15,--,59,95284,卖盘
1474,10:58:47,16.15,-0.01,62,100129,卖盘
1475,10:58:42,16.16,-0.01,56,90770,卖盘
1476,10:58:36,16.17,--,3,4851,买盘
1477,10:58:30,16.17,0.01,2,3234,买盘
1478,10:58:27,16.16,--,4,7320,卖盘
1479,10:58:15,16.16,0.01,21,34420,买盘
1480,10:58:12,16.15,--,199,321385,卖盘
1481,10:58:06,16.15,-0.01,42,67830,卖盘
1482,10:57:57,16.16,0.01,1,1616,买盘
1483,10:57:51,16.15,-0.01,69,111434,卖盘
1484,10:57:41,16.16,-0.01,224,363115,卖盘
1485,10:57:36,16.17,0.01,5,8085,买盘
1486,10:57:30,16.16,-0.01,498,804768,卖盘
1487,10:57:27,16.17,0.01,2,3234,买盘
1488,10:57:11,16.16,--,180,290880,卖盘
1489,10:57:06,16.16,--,11,17776,卖盘
1490,10:57:00,16.16,--,63,101808,卖盘
1491,10:56:57,16.16,--,64,103424,卖盘
1492,10:56:51,16.16,-0.01,100,161600,卖盘
1493,10:56:41,16.17,0.01,221,357357,买盘
1494,10:56:36,16.16,-0.01,27,43632,卖盘
1495,10:56:27,16.17,0.01,8,12936,买盘
1496,10:56:21,16.16,-0.01,200,323200,卖盘
1497,10:56:15,16.17,0.01,105,169785,买盘
1498,10:56:12,16.16,-0.01,592,956672,卖盘
1499,10:56:06,16.17,--,21,33957,买盘
1500,10:56:00,16.17,0.01,16,25872,买盘
1501,10:55:57,16.16,--,130,210080,卖盘
1502,10:55:51,16.16,--,11,17776,卖盘
1503,10:55:45,16.16,--,43,69488,卖盘
1504,10:55:41,16.16,-0.01,568,917888,卖盘
1505,10:55:36,16.17,0.01,1,1617,买盘
1506,10:55:30,16.16,-0.01,161,260176,卖盘
1507,10:55:26,16.17,--,457,739809,卖盘
1508,10:55:21,16.17,--,74,119658,卖盘
1509,10:55:15,16.17,-0.01,227,367059,卖盘
1510,10:55:11,16.18,0.01,234,378612,买盘
1511,10:55:00,16.17,--,13,21021,卖盘
1512,10:54:56,16.17,--,414,669438,卖盘
1513,10:54:51,16.17,-0.01,73,118041,卖盘
1514,10:54:41,16.18,--,183,296094,买盘
1515,10:54:36,16.18,--,7,11326,买盘
1516,10:54:26,16.18,0.01,1,1618,买盘
1517,10:54:21,16.17,--,12,19404,卖盘
1518,10:54:15,16.17,-0.01,14,22638,卖盘
1519,10:54:11,16.18,0.01,187,302566,买盘
1520,10:54:06,16.17,-0.01,2,3234,卖盘
1521,10:53:56,16.18,--,121,195778,买盘
1522,10:53:45,16.18,--,21,33978,买盘
1523,10:53:41,16.18,--,260,420680,卖盘
1524,10:53:36,16.18,-0.01,33,53394,卖盘
1525,10:53:26,16.19,0.01,64,103616,买盘
1526,10:53:21,16.18,-0.01,20,32360,卖盘
1527,10:53:15,16.19,0.01,22,35618,买盘
1528,10:53:11,16.18,-0.01,324,524232,卖盘
1529,10:53:06,16.19,-0.01,24,38856,中性盘
1530,10:53:00,16.2,--,505,818100,买盘
1531,10:52:56,16.2,0.02,2,3240,买盘
1532,10:52:51,16.18,--,61,98698,卖盘
1533,10:52:45,16.18,--,100,161800,卖盘
1534,10:52:41,16.18,-0.02,180,291240,卖盘
1535,10:52:36,16.2,0.02,12,19440,买盘
1536,10:52:30,16.18,-0.02,234,378612,卖盘
1537,10:52:26,16.2,0.02,1,1620,买盘
1538,10:52:21,16.18,-0.02,1,1618,卖盘
1539,10:52:15,16.2,0.02,6,9720,买盘
1540,10:52:11,16.18,-0.02,204,330072,卖盘
1541,10:52:06,16.2,0.03,1,1620,买盘
1542,10:52:00,16.17,-0.03,12,19404,卖盘
1543,10:51:56,16.2,0.03,2,3240,买盘
1544,10:51:51,16.17,--,72,116424,卖盘
1545,10:51:45,16.17,--,1,1617,卖盘
1546,10:51:41,16.17,-0.02,194,313698,卖盘
1547,10:51:36,16.19,0.02,523,847514,买盘
1548,10:51:30,16.17,-0.01,11,17787,卖盘
1549,10:51:26,16.18,0.01,2,3236,买盘
1550,10:51:21,16.17,0.01,81,130977,买盘
1551,10:51:15,16.16,--,1,1616,卖盘
1552,10:51:11,16.16,--,180,290880,卖盘
1553,10:51:06,16.16,-0.01,87,140592,卖盘
1554,10:51:00,16.17,--,7,11319,买盘
1555,10:50:55,16.17,0.01,76,122892,买盘
1556,10:50:51,16.16,--,47,75952,卖盘
1557,10:50:41,16.16,-0.01,181,292496,卖盘
1558,10:50:36,16.17,--,12,19404,买盘
1559,10:50:30,16.17,--,2,3234,买盘
1560,10:50:25,16.17,0.01,2,3234,买盘
1561,10:50:21,16.16,-0.01,19,30704,卖盘
1562,10:50:15,16.17,--,339,548163,卖盘
1563,10:50:11,16.17,--,185,299145,卖盘
1564,10:50:06,16.17,--,85,137445,卖盘
1565,10:50:00,16.17,-0.01,24,38808,卖盘
1566,10:49:54,16.18,0.01,4,6472,买盘
1567,10:49:50,16.17,--,55,88935,卖盘
1568,10:49:39,16.17,--,180,291060,卖盘
1569,10:49:36,16.17,--,2,3234,卖盘
1570,10:49:30,16.17,-0.01,2,3234,卖盘
1571,10:49:24,16.18,0.01,2,3236,买盘
1572,10:49:20,16.17,--,42,67914,卖盘
1573,10:49:09,16.17,--,180,291060,卖盘
1574,10:49:05,16.17,--,55,88935,卖盘
1575,10:49:00,16.17,--,19,30723,卖盘
1576,10:48:54,16.17,-0.01,74,119658,卖盘
1577,10:48:50,16.18,0.01,10,16180,买盘
1578,10:48:45,16.17,--,12,19404,卖盘
1579,10:48:39,16.17,--,180,291060,卖盘
1580,10:48:35,16.17,--,2,3234,卖盘
1581,10:48:30,16.17,--,253,409101,买盘
1582,10:48:24,16.17,--,152,245784,买盘
1583,10:48:15,16.17,--,17,27489,买盘
1584,10:48:09,16.17,--,6,9702,卖盘
1585,10:48:05,16.17,-0.01,12,19404,卖盘
1586,10:47:54,16.18,0.02,61,98698,买盘
1587,10:47:50,16.16,-0.01,48,77568,卖盘
1588,10:47:45,16.17,0.01,11,17787,买盘
1589,10:47:39,16.16,-0.01,180,290880,卖盘
1590,10:47:35,16.17,--,3,4851,买盘
1591,10:47:30,16.17,--,49,79233,买盘
1592,10:47:24,16.17,0.01,7,11319,买盘
1593,10:47:20,16.16,-0.01,2,3232,卖盘
1594,10:47:15,16.17,--,507,819819,买盘
1595,10:47:09,16.17,-0.01,46,74382,卖盘
1596,10:47:05,16.18,--,24,38832,买盘
1597,10:47:00,16.18,--,0,0,买盘
1598,10:46:54,16.18,0.02,2,3236,买盘
1599,10:46:50,16.16,--,83,134128,卖盘
1600,10:46:45,16.16,--,20,32320,卖盘
1601,10:46:39,16.16,--,180,290880,卖盘
1602,10:46:35,16.16,--,16,25856,卖盘
1603,10:46:24,16.16,-0.01,2,3232,卖盘
1604,10:46:20,16.17,--,1,1617,买盘
1605,10:46:15,16.17,0.01,149,240933,买盘
1606,10:46:09,16.16,-0.01,180,290880,卖盘
1607,10:46:05,16.17,0.01,20,32340,买盘
1608,10:46:00,16.16,-0.01,9,14544,卖盘
1609,10:45:54,16.17,0.01,180,291060,买盘
1610,10:45:50,16.16,--,12,19392,卖盘
1611,10:45:45,16.16,-0.01,87,140592,卖盘
1612,10:45:39,16.17,0.01,227,367059,买盘
1613,10:45:35,16.16,0.01,229,370548,买盘
1614,10:45:30,16.15,--,297,479654,卖盘
1615,10:45:24,16.15,--,3,4845,卖盘
1616,10:45:20,16.15,-0.01,61,98514,卖盘
1617,10:45:15,16.16,0.01,700,1131200,买盘
1618,10:45:09,16.15,-0.01,203,327845,卖盘
1619,10:45:05,16.16,--,15,24240,买盘
1620,10:45:00,16.16,--,1,1616,买盘
1621,10:44:54,16.16,0.01,70,113120,买盘
1622,10:44:50,16.15,-0.01,22,35530,卖盘
1623,10:44:45,16.16,0.01,2,3232,买盘
1624,10:44:39,16.15,-0.01,210,339699,卖盘
1625,10:44:35,16.16,0.01,1,1616,买盘
1626,10:44:30,16.15,--,26,41989,卖盘
1627,10:44:24,16.15,-0.01,15,24224,卖盘
1628,10:44:15,16.16,0.01,50,80800,买盘
1629,10:44:09,16.15,-0.01,253,408594,卖盘
1630,10:44:05,16.16,0.01,3,4848,买盘
1631,10:44:00,16.15,-0.01,4,6459,卖盘
1632,10:43:54,16.16,0.01,70,113120,买盘
1633,10:43:50,16.15,--,10,16149,卖盘
1634,10:43:45,16.15,--,55,88824,卖盘
1635,10:43:39,16.15,-0.01,377,608855,卖盘
1636,10:43:35,16.16,0.01,11,17776,买盘
1637,10:43:30,16.15,--,3,4845,卖盘
1638,10:43:24,16.15,-0.01,45,72675,卖盘
1639,10:43:15,16.16,--,500,808000,买盘
1640,10:43:09,16.16,-0.01,554,896314,卖盘
1641,10:43:05,16.17,--,1,1617,买盘
1642,10:42:54,16.17,--,65,105105,买盘
1643,10:42:50,16.17,0.01,5,8085,买盘
1644,10:42:45,16.16,--,31,50096,卖盘
1645,10:42:39,16.16,--,180,290880,卖盘
1646,10:42:30,16.16,-0.01,23,38299,卖盘
1647,10:42:24,16.17,0.01,2,3234,买盘
1648,10:42:18,16.16,--,672,1087002,买盘
1649,10:42:14,16.16,0.01,63,101808,买盘
1650,10:42:09,16.15,-0.01,201,324615,卖盘
1651,10:42:03,16.16,--,56,90496,买盘
1652,10:42:00,16.16,0.01,1,1616,买盘
1653,10:41:54,16.15,--,73,117894,卖盘
1654,10:41:48,16.15,--,8,12919,卖盘
1655,10:41:45,16.15,--,36,58139,卖盘
1656,10:41:39,16.15,-0.01,237,382754,卖盘
1657,10:41:33,16.16,0.01,1,1616,买盘
1658,10:41:29,16.15,-0.01,35,56524,卖盘
1659,10:41:24,16.16,--,373,603333,卖盘
1660,10:41:14,16.16,-0.01,82,133772,卖盘
1661,10:41:09,16.17,-0.01,55,88935,卖盘
1662,10:41:03,16.18,0.01,1,1618,买盘
1663,10:40:59,16.17,-0.01,251,405867,卖盘
1664,10:40:54,16.18,0.01,211,341398,买盘
1665,10:40:39,16.17,--,223,360591,卖盘
1666,10:40:29,16.17,--,168,271656,买盘
1667,10:40:24,16.17,0.01,2,3234,买盘
1668,10:40:18,16.16,--,635,1026160,卖盘
1669,10:40:14,16.16,--,70,113120,卖盘
1670,10:40:09,16.16,--,400,647030,卖盘
1671,10:40:03,16.16,-0.01,634,1024544,卖盘
1672,10:39:59,16.17,--,286,462462,卖盘
1673,10:39:54,16.17,--,128,206976,买盘
1674,10:39:48,16.17,--,7,11319,买盘
1675,10:39:44,16.17,0.01,120,194040,买盘
1676,10:39:39,16.16,-0.02,43,69488,卖盘
1677,10:39:33,16.18,--,1,1618,买盘
1678,10:39:24,16.18,0.01,65,105995,买盘
1679,10:39:14,16.17,--,1,1617,买盘
1680,10:39:09,16.17,--,230,371910,买盘
1681,10:39:03,16.17,--,1,1617,买盘
1682,10:38:59,16.17,--,30,48510,买盘
1683,10:38:54,16.17,0.01,108,174636,买盘
1684,10:38:48,16.16,--,7,11312,卖盘
1685,10:38:44,16.16,-0.01,6,9696,卖盘
1686,10:38:39,16.17,-0.01,141,227997,卖盘
1687,10:38:24,16.18,0.02,1,1618,买盘
1688,10:38:18,16.16,--,1,1616,卖盘
1689,10:38:09,16.16,-0.02,182,294112,卖盘
1690,10:38:03,16.18,0.02,17,27506,买盘
1691,10:37:59,16.16,--,1,1680,卖盘
1692,10:37:53,16.16,-0.01,71,114736,卖盘
1693,10:37:44,16.17,0.01,1,1617,买盘
1694,10:37:39,16.16,-0.02,181,292496,卖盘
1695,10:37:33,16.18,0.01,5,8090,买盘
1696,10:37:24,16.17,--,1,1617,买盘
1697,10:37:14,16.17,--,5,8085,买盘
1698,10:37:09,16.17,--,190,307230,买盘
1699,10:37:03,16.17,--,1,1617,买盘
1700,10:36:54,16.17,0.01,688,1112496,买盘
1701,10:36:48,16.16,--,54,87264,卖盘
1702,10:36:39,16.16,--,580,937280,卖盘
1703,10:36:33,16.16,-0.01,45,72720,卖盘
1704,10:36:23,16.17,0.01,5,8085,买盘
1705,10:36:18,16.16,--,7,11312,卖盘
1706,10:36:14,16.16,--,37,60422,卖盘
1707,10:36:09,16.16,-0.02,198,319968,卖盘
1708,10:36:02,16.18,0.02,1,1618,买盘
1709,10:35:53,16.16,--,122,197152,卖盘
1710,10:35:48,16.16,--,5,8080,卖盘
1711,10:35:39,16.16,-0.02,181,292496,卖盘
1712,10:35:24,16.18,0.02,5,8090,买盘
1713,10:35:18,16.16,--,3,4848,卖盘
1714,10:35:13,16.16,--,55,88880,卖盘
1715,10:35:08,16.16,--,181,292496,卖盘
1716,10:35:03,16.16,--,1,1616,卖盘
1717,10:34:59,16.16,-0.02,190,307040,卖盘
1718,10:34:53,16.18,0.02,59,95462,买盘
1719,10:34:48,16.16,--,28,46120,买盘
1720,10:34:39,16.16,--,156,252839,卖盘
1721,10:34:33,16.16,--,27,43632,卖盘
1722,10:34:23,16.16,--,10,16160,卖盘
1723,10:34:18,16.16,--,10,16160,卖盘
1724,10:34:08,16.16,--,212,342592,卖盘
1725,10:34:03,16.16,-0.01,2,3232,卖盘
1726,10:33:57,16.17,0.01,1,1617,买盘
1727,10:33:53,16.16,--,190,308332,卖盘
1728,10:33:48,16.16,--,10,16160,卖盘
1729,10:33:42,16.16,--,6,9696,卖盘
1730,10:33:38,16.16,-0.02,201,324816,卖盘
1731,10:33:23,16.18,--,22,35596,买盘
1732,10:33:08,16.18,0.02,202,326836,买盘
1733,10:33:02,16.16,-0.02,12,19392,卖盘
1734,10:32:53,16.18,0.02,88,142384,买盘
1735,10:32:47,16.16,--,24,38784,卖盘
1736,10:32:41,16.16,--,89,143824,卖盘
1737,10:32:38,16.16,-0.02,180,290880,卖盘
1738,10:32:33,16.18,--,0,0,买盘
1739,10:32:27,16.18,0.02,72,116496,买盘
1740,10:32:23,16.16,--,151,244016,卖盘
1741,10:32:12,16.16,--,170,274720,卖盘
1742,10:32:08,16.16,-0.02,181,292496,卖盘
1743,10:32:03,16.18,--,0,0,买盘
1744,10:31:53,16.18,0.02,209,339278,买盘
1745,10:31:47,16.16,--,284,458944,卖盘
1746,10:31:41,16.16,--,36,58806,卖盘
1747,10:31:38,16.16,--,202,326432,卖盘
1748,10:31:23,16.16,--,6,9696,卖盘
1749,10:31:17,16.16,-0.03,6,9696,卖盘
1750,10:31:08,16.19,0.03,1,1619,买盘
1751,10:31:02,16.16,--,35,56560,卖盘
1752,10:30:53,16.16,--,254,410464,卖盘
1753,10:30:47,16.16,--,288,465408,卖盘
1754,10:30:41,16.16,--,61,98576,卖盘
1755,10:30:38,16.16,--,304,491264,卖盘
1756,10:30:32,16.16,--,14,22624,卖盘
1757,10:30:26,16.16,--,6,9696,卖盘
1758,10:30:23,16.16,-0.01,239,387532,卖盘
1759,10:30:17,16.17,--,284,459228,卖盘
1760,10:30:11,16.17,--,190,307230,卖盘
1761,10:30:08,16.17,-0.01,844,1366203,卖盘
1762,10:30:02,16.18,--,282,456276,卖盘
1763,10:29:56,16.18,-0.01,136,221617,卖盘
1764,10:29:47,16.19,0.01,2,3238,买盘
1765,10:29:41,16.18,--,286,463912,卖盘
1766,10:29:38,16.18,-0.01,10,16180,卖盘
1767,10:29:32,16.19,-0.01,3,4857,中性盘
1768,10:29:26,16.2,0.01,71,115020,买盘
1769,10:29:23,16.19,0.01,20,32380,买盘
1770,10:29:17,16.18,-0.01,87,140766,卖盘
1771,10:29:11,16.19,--,173,280087,卖盘
1772,10:29:08,16.19,--,10,16190,卖盘
1773,10:28:56,16.19,-0.01,101,163519,卖盘
1774,10:28:53,16.2,--,10,16200,买盘
1775,10:28:47,16.2,0.01,5,8100,买盘
1776,10:28:41,16.19,--,180,291420,卖盘
1777,10:28:26,16.19,--,36,58284,卖盘
1778,10:28:22,16.19,0.01,165,267135,中性盘
1779,10:28:17,16.18,--,89,144972,卖盘
1780,10:28:11,16.18,0.01,282,456276,买盘
1781,10:28:08,16.17,--,7,11319,卖盘
1782,10:27:56,16.17,0.01,72,116424,买盘
1783,10:27:50,16.16,--,45,74077,卖盘
1784,10:27:47,16.16,--,65,106413,卖盘
1785,10:27:41,16.16,-0.01,198,321535,卖盘
1786,10:27:35,16.17,--,12,19404,买盘
1787,10:27:32,16.17,--,10,16170,买盘
1788,10:27:26,16.17,--,2,3234,买盘
1789,10:27:17,16.17,--,510,824670,买盘
1790,10:27:11,16.17,--,184,297528,买盘
1791,10:27:02,16.17,--,15,24255,买盘
1792,10:26:56,16.17,--,60,97020,买盘
1793,10:26:47,16.17,-0.01,541,874845,卖盘
1794,10:26:41,16.18,--,191,309038,买盘
1795,10:26:35,16.18,--,24,38832,买盘
1796,10:26:32,16.18,0.01,10,16180,买盘
1797,10:26:26,16.17,--,5,8085,卖盘
1798,10:26:17,16.17,-0.01,51,82467,卖盘
1799,10:26:11,16.18,0.01,182,294476,买盘
1800,10:26:05,16.17,-0.01,1,1617,卖盘
1801,10:25:56,16.18,0.01,77,124586,买盘
1802,10:25:50,16.17,--,53,86525,卖盘
1803,10:25:47,16.17,--,2,3234,卖盘
1804,10:25:41,16.17,-0.01,232,375435,卖盘
1805,10:25:26,16.18,-0.01,10,16180,中性盘
1806,10:25:20,16.19,0.02,1,1619,买盘
1807,10:25:17,16.17,--,25,40425,卖盘
1808,10:25:11,16.17,--,235,379995,卖盘
1809,10:25:05,16.17,--,1,1617,卖盘
1810,10:24:56,16.17,--,76,122892,卖盘
1811,10:24:47,16.17,--,46,74382,卖盘
1812,10:24:41,16.17,-0.02,187,302379,卖盘
1813,10:24:32,16.19,0.02,1,1619,买盘
1814,10:24:26,16.17,--,110,177870,卖盘
1815,10:24:20,16.17,--,49,79233,卖盘
1816,10:24:11,16.17,--,196,316932,卖盘
1817,10:24:02,16.17,--,4,6468,卖盘
1818,10:23:56,16.17,--,108,174652,卖盘
1819,10:23:47,16.17,--,99,161198,卖盘
1820,10:23:41,16.17,--,181,292677,卖盘
1821,10:23:26,16.17,--,37,59829,卖盘
1822,10:23:20,16.17,--,5,8085,卖盘
1823,10:23:11,16.17,-0.03,181,292677,卖盘
1824,10:22:56,16.2,--,81,131220,卖盘
1825,10:22:50,16.2,--,11,17820,卖盘
1826,10:22:47,16.2,0.01,1567,2539706,买盘
1827,10:22:41,16.19,--,199,322181,卖盘
1828,10:22:35,16.19,--,139,225041,卖盘
1829,10:22:31,16.19,--,363,587697,卖盘
1830,10:22:26,16.19,0.03,1213,1965239,买盘
1831,10:22:20,16.16,--,67,108272,买盘
1832,10:22:11,16.16,-0.01,71,114962,卖盘
1833,10:22:05,16.17,0.01,1,1617,中性盘
1834,10:21:56,16.16,--,78,126048,卖盘
1835,10:21:50,16.16,--,48,77616,卖盘
1836,10:21:46,16.16,--,0,274,卖盘
1837,10:21:41,16.16,--,181,292496,卖盘
1838,10:21:35,16.16,--,51,83482,卖盘
1839,10:21:31,16.16,-0.03,1,1616,卖盘
1840,10:21:26,16.19,--,3,4857,买盘
1841,10:21:16,16.19,0.03,40,64760,买盘
1842,10:21:11,16.16,--,2899,4684784,卖盘
1843,10:21:05,16.16,--,2,3232,卖盘
1844,10:21:01,16.16,--,11,18584,卖盘
1845,10:20:56,16.16,--,73,117968,卖盘
1846,10:20:50,16.16,-0.03,7,11312,卖盘
1847,10:20:41,16.19,0.03,235,380465,买盘
1848,10:20:35,16.16,--,0,0,卖盘
1849,10:20:31,16.16,--,18,29088,卖盘
1850,10:20:26,16.16,-0.01,3032,4899712,卖盘
1851,10:20:11,16.17,--,180,291060,卖盘
1852,10:20:05,16.17,--,14,22638,卖盘
1853,10:19:59,16.17,-0.03,42,67914,中性盘
1854,10:19:56,16.2,0.03,887,1436940,买盘
1855,10:19:50,16.17,--,2456,3971352,卖盘
1856,10:19:41,16.17,-0.01,357,578837,卖盘
1857,10:19:35,16.18,--,71,114878,买盘
1858,10:19:29,16.18,0.01,12,19416,买盘
1859,10:19:26,16.17,--,39,63063,卖盘
1860,10:19:20,16.17,--,146,236890,卖盘
1861,10:19:14,16.17,-0.01,8,12936,卖盘
1862,10:19:11,16.18,0.01,59,95462,中性盘
1863,10:19:05,16.17,-0.01,2344,3790248,卖盘
1864,10:18:56,16.18,--,112,181216,卖盘
1865,10:18:44,16.18,--,1,1618,卖盘
1866,10:18:41,16.18,-0.01,181,292858,卖盘
1867,10:18:29,16.19,--,10,16190,买盘
1868,10:18:26,16.19,--,21,33999,卖盘
1869,10:18:20,16.19,0.01,1,1619,中性盘
1870,10:18:11,16.18,--,196,317128,卖盘
1871,10:18:05,16.18,-0.01,35,56630,卖盘
1872,10:17:59,16.19,0.01,3,4857,买盘
1873,10:17:56,16.18,-0.01,122,197396,卖盘
1874,10:17:50,16.19,--,1663,2692753,卖盘
1875,10:17:44,16.19,--,35,56665,卖盘
1876,10:17:41,16.19,-0.01,336,545101,卖盘
1877,10:17:35,16.2,0.01,229,370980,买盘
1878,10:17:26,16.19,--,11,18488,卖盘
1879,10:17:20,16.19,-0.01,1024,1659167,卖盘
1880,10:17:14,16.2,--,105,170100,卖盘
1881,10:17:11,16.2,--,215,348300,卖盘
1882,10:17:05,16.2,--,63,102060,卖盘
1883,10:16:59,16.2,--,65,105300,卖盘
1884,10:16:56,16.2,--,128,207360,卖盘
1885,10:16:41,16.2,-0.01,181,293220,卖盘
1886,10:16:35,16.21,--,45,73252,买盘
1887,10:16:26,16.21,0.01,61,98881,买盘
1888,10:16:20,16.2,--,100,162000,买盘
1889,10:16:10,16.2,--,31,50220,买盘
1890,10:16:05,16.2,--,2,3240,卖盘
1891,10:15:59,16.2,--,9,14580,买盘
1892,10:15:56,16.2,--,72,116640,卖盘
1893,10:15:44,16.2,0.01,28,45360,买盘
1894,10:15:40,16.19,--,238,385856,卖盘
1895,10:15:35,16.19,-0.01,70,113912,卖盘
1896,10:15:29,16.2,--,1,1620,买盘
1897,10:15:26,16.2,--,6,9720,买盘
1898,10:15:10,16.2,--,66,106920,卖盘
1899,10:14:59,16.2,--,70,113400,买盘
1900,10:14:55,16.2,-0.01,67,108540,卖盘
1901,10:14:50,16.21,0.01,15,24315,买盘
1902,10:14:44,16.2,0.01,12,19861,买盘
1903,10:14:40,16.19,-0.01,170,276428,卖盘
1904,10:14:35,16.2,--,35,56700,卖盘
1905,10:14:29,16.2,--,10,16200,卖盘
1906,10:14:25,16.2,--,2,3240,卖盘
1907,10:14:14,16.2,--,3,4860,卖盘
1908,10:14:10,16.2,--,309,500580,卖盘
1909,10:14:05,16.2,--,90,146221,买盘
1910,10:13:59,16.2,--,31,50220,买盘
1911,10:13:55,16.2,--,61,98820,买盘
1912,10:13:50,16.2,--,1,1620,买盘
1913,10:13:44,16.2,--,6,9720,买盘
1914,10:13:35,16.2,--,74,120576,卖盘
1915,10:13:29,16.2,-0.02,10,16200,卖盘
1916,10:13:25,16.22,0.02,1,1622,买盘
1917,10:13:20,16.2,0.01,9,15292,买盘
1918,10:13:14,16.19,--,45,72855,卖盘
1919,10:13:10,16.19,--,180,291420,卖盘
1920,10:13:05,16.19,-0.01,59,95521,卖盘
1921,10:12:59,16.2,--,36,58320,买盘
1922,10:12:55,16.2,--,93,150660,卖盘
1923,10:12:50,16.2,--,40,64800,卖盘
1924,10:12:44,16.2,--,69,111780,卖盘
1925,10:12:38,16.2,--,293,474660,买盘
1926,10:12:35,16.2,--,16,25920,买盘
1927,10:12:29,16.2,--,32,51840,买盘
1928,10:12:23,16.2,--,2,3240,买盘
1929,10:12:20,16.2,--,50,81000,买盘
1930,10:12:14,16.2,--,4,6480,买盘
1931,10:12:08,16.2,-0.02,66,106920,卖盘
1932,10:12:05,16.22,--,5,8109,买盘
1933,10:11:53,16.22,0.01,65,105429,买盘
1934,10:11:50,16.21,-0.01,149,242128,卖盘
1935,10:11:44,16.22,0.01,1443,2342070,买盘
1936,10:11:38,16.21,--,223,361888,卖盘
1937,10:11:35,16.21,--,3,4863,卖盘
1938,10:11:29,16.21,-0.01,56,91489,卖盘
1939,10:11:23,16.22,--,3,4866,买盘
1940,10:11:14,16.22,-0.02,19,30817,买盘
1941,10:11:08,16.24,--,12,19487,卖盘
1942,10:11:05,16.24,--,1557,2528567,买盘
1943,10:10:53,16.24,0.03,61,99063,买盘
1944,10:10:50,16.21,--,46,74566,买盘
1945,10:10:44,16.21,--,108,175068,买盘
1946,10:10:38,16.21,-0.04,31,50251,卖盘
1947,10:10:35,16.25,--,156,253500,买盘
1948,10:10:29,16.25,--,0,0,买盘
1949,10:10:23,16.25,--,1530,2486250,买盘
1950,10:10:20,16.25,0.04,20,32500,买盘
1951,10:10:08,16.21,--,180,291780,卖盘
1952,10:10:05,16.21,0.01,3,6305,卖盘
1953,10:09:59,16.2,--,0,0,卖盘
1954,10:09:53,16.2,-0.01,59,95580,卖盘
1955,10:09:50,16.21,--,1,2480,中性盘
1956,10:09:44,16.21,0.01,4019,6514799,买盘
1957,10:09:38,16.2,--,202,327677,买盘
1958,10:09:34,16.2,0.01,11,17820,买盘
1959,10:09:29,16.19,--,45,72919,卖盘
1960,10:09:23,16.19,-0.01,133,216379,卖盘
1961,10:09:19,16.2,0.01,19,30780,买盘
1962,10:09:14,16.19,-0.01,114,184566,卖盘
1963,10:09:08,16.2,--,8,12960,买盘
1964,10:09:04,16.2,-0.01,2750,4456182,卖盘
1965,10:08:59,16.21,-0.02,5,8105,卖盘
1966,10:08:53,16.23,0.02,64,103872,买盘
1967,10:08:49,16.21,--,0,0,卖盘
1968,10:08:44,16.21,--,1,1621,卖盘
1969,10:08:38,16.21,-0.01,182,295022,卖盘
1970,10:08:23,16.22,-0.01,3098,5026188,卖盘
1971,10:08:08,16.23,--,181,293763,卖盘
1972,10:08:04,16.23,-0.01,25,40575,卖盘
1973,10:07:53,16.24,0.01,82,133168,买盘
1974,10:07:38,16.23,--,0,0,卖盘
1975,10:07:34,16.23,-0.01,47,76638,卖盘
1976,10:07:29,16.24,--,20,32479,卖盘
1977,10:07:23,16.24,0.01,52,85211,卖盘
1978,10:07:19,16.23,--,0,0,卖盘
1979,10:07:08,16.23,--,205,332715,卖盘
1980,10:06:53,16.23,--,61,99003,卖盘
1981,10:06:49,16.23,0.01,9,14607,买盘
1982,10:06:38,16.22,--,191,309802,卖盘
1983,10:06:34,16.22,--,110,178420,卖盘
1984,10:06:29,16.22,--,14,23600,买盘
1985,10:06:23,16.22,--,5,8109,买盘
1986,10:06:19,16.22,--,10,16219,买盘
1987,10:06:08,16.22,--,156,253761,卖盘
1988,10:05:53,16.22,-0.01,64,103808,卖盘
1989,10:05:49,16.23,-0.01,5,8115,买盘
1990,10:05:38,16.24,--,62,102117,买盘
1991,10:05:29,16.24,--,5,8119,买盘
1992,10:05:23,16.24,-0.03,66,107183,卖盘
1993,10:05:17,16.27,--,1,1627,买盘
1994,10:05:14,16.27,0.02,430,699610,买盘
1995,10:05:08,16.25,--,228,370500,卖盘
1996,10:04:59,16.25,--,1,1625,卖盘
1997,10:04:53,16.25,-0.01,60,97500,卖盘
1998,10:04:44,16.26,0.01,285,463410,买盘
1999,10:04:38,16.25,--,65,105625,卖盘
2000,10:04:28,16.25,0.03,167,271375,买盘
2001,10:04:08,16.22,--,201,327254,卖盘
2002,10:03:59,16.22,--,2,3244,卖盘
2003,10:03:53,16.22,--,58,94076,卖盘
2004,10:03:38,16.22,--,190,308180,卖盘
2005,10:03:32,16.22,-0.02,47,77677,卖盘
2006,10:03:28,16.24,0.02,140,228659,买盘
2007,10:03:23,16.22,--,5,8109,卖盘
2008,10:03:13,16.22,--,2,3568,卖盘
2009,10:03:08,16.22,--,182,296631,卖盘
2010,10:03:02,16.22,--,0,0,卖盘
2011,10:02:53,16.22,-0.01,63,102186,卖盘
2012,10:02:47,16.23,-0.01,25,40575,卖盘
2013,10:02:38,16.24,0.01,144,233855,买盘
2014,10:02:32,16.23,-0.01,53,86019,卖盘
2015,10:02:28,16.24,--,139,225735,买盘
2016,10:02:23,16.24,0.01,23,37352,买盘
2017,10:02:13,16.23,-0.01,30,48690,卖盘
2018,10:02:08,16.24,--,69,112055,卖盘
2019,10:02:02,16.24,--,35,56969,卖盘
2020,10:01:58,16.24,--,56,90943,卖盘
2021,10:01:53,16.24,--,59,95815,卖盘
2022,10:01:47,16.24,--,1,1623,卖盘
2023,10:01:43,16.24,0.01,42,69458,买盘
2024,10:01:38,16.23,-0.02,215,349594,卖盘
2025,10:01:32,16.25,0.02,10,16250,买盘
2026,10:01:23,16.23,--,100,163143,卖盘
2027,10:01:17,16.23,--,5,8115,卖盘
2028,10:01:13,16.23,--,2,3408,卖盘
2029,10:01:08,16.23,--,184,298632,卖盘
2030,10:01:02,16.23,0.01,2,4836,卖盘
2031,10:00:58,16.22,--,0,0,卖盘
2032,10:00:53,16.22,-0.03,182,295917,卖盘
2033,10:00:47,16.25,0.02,426,693160,买盘
2034,10:00:43,16.23,--,3,4869,卖盘
2035,10:00:38,16.23,--,247,400881,卖盘
2036,10:00:32,16.23,--,108,175284,卖盘
2037,10:00:28,16.23,0.01,143,232089,中性盘
2038,10:00:23,16.22,--,32,51904,卖盘
2039,10:00:17,16.22,--,108,175176,卖盘
2040,10:00:13,16.22,--,3,4866,卖盘
2041,10:00:08,16.22,--,362,587164,卖盘
2042,10:00:02,16.22,--,5,8239,卖盘
2043,09:59:58,16.22,--,100,162200,卖盘
2044,09:59:53,16.22,--,93,150846,卖盘
2045,09:59:47,16.22,--,1,1622,卖盘
2046,09:59:38,16.22,-0.01,201,326022,卖盘
2047,09:59:32,16.23,0.01,10,16230,中性盘
2048,09:59:28,16.22,--,10,16219,卖盘
2049,09:59:23,16.22,--,40,65869,卖盘
2050,09:59:17,16.22,--,64,103937,卖盘
2051,09:59:13,16.22,--,6,9732,卖盘
2052,09:59:08,16.22,--,192,311748,卖盘
2053,09:59:02,16.22,-0.01,674,1094655,卖盘
2054,09:58:58,16.23,0.01,5,8115,买盘
2055,09:58:53,16.22,-0.01,60,97320,卖盘
2056,09:58:38,16.23,--,137,222351,卖盘
2057,09:58:28,16.23,0.01,21,34083,卖盘
2058,09:58:07,16.22,-0.01,185,300070,卖盘
2059,09:58:02,16.23,--,61,99003,买盘
2060,09:57:56,16.23,--,15,24474,买盘
2061,09:57:52,16.23,--,63,102249,买盘
2062,09:57:41,16.23,0.01,27,43821,买盘
2063,09:57:37,16.22,-0.01,192,311424,卖盘
2064,09:57:26,16.23,--,46,75079,买盘
2065,09:57:22,16.23,0.01,6,9738,买盘
2066,09:57:17,16.22,--,55,89907,卖盘
2067,09:57:07,16.22,--,0,16,卖盘
2068,09:57:02,16.22,-0.01,2,3600,卖盘
2069,09:56:56,16.23,0.01,2,4641,中性盘
2070,09:56:52,16.22,-0.01,119,193018,卖盘
2071,09:56:47,16.23,0.01,90,146070,买盘
2072,09:56:37,16.22,--,180,291960,卖盘
2073,09:56:26,16.22,--,10,16219,卖盘
2074,09:56:07,16.22,-0.01,19,30817,卖盘
2075,09:56:02,16.23,--,5,8115,卖盘
2076,09:55:56,16.23,0.01,35,56805,买盘
2077,09:55:52,16.22,--,569,923047,卖盘
2078,09:55:41,16.22,--,60,97320,卖盘
2079,09:55:37,16.22,--,225,364950,卖盘
2080,09:55:32,16.22,--,571,926161,卖盘
2081,09:55:26,16.22,--,45,73801,卖盘
2082,09:55:22,16.22,--,7,11354,买盘
2083,09:55:17,16.22,--,69,112226,买盘
2084,09:55:11,16.22,0.02,2,3244,买盘
2085,09:55:07,16.2,-0.02,1127,1825740,卖盘
2086,09:55:02,16.22,0.02,387,627714,买盘
2087,09:54:56,16.2,-0.02,5,8229,卖盘
2088,09:54:52,16.22,--,1613,2616286,买盘
2089,09:54:47,16.22,--,1339,2171858,买盘
2090,09:54:37,16.22,--,2631,4267855,卖盘
2091,09:54:32,16.22,-0.01,313,507685,卖盘
2092,09:54:26,16.23,--,111,180153,买盘
2093,09:54:11,16.23,0.01,1,1623,买盘
2094,09:54:07,16.22,-0.01,83,134626,卖盘
2095,09:53:56,16.23,--,12,19476,卖盘
2096,09:53:52,16.23,--,68,110493,卖盘
2097,09:53:47,16.23,--,26,42198,卖盘
2098,09:53:41,16.23,0.01,338,548574,买盘
2099,09:53:37,16.22,-0.01,1,1622,卖盘
2100,09:53:32,16.23,0.01,13,21099,买盘
2101,09:53:26,16.22,--,3,4866,卖盘
2102,09:53:22,16.22,--,43,71092,卖盘
2103,09:53:17,16.22,-0.02,55,90604,卖盘
2104,09:53:11,16.24,0.02,1,1623,买盘
2105,09:53:07,16.22,--,41,66502,卖盘
2106,09:53:02,16.22,-0.02,501,813335,卖盘
2107,09:52:56,16.24,--,60,97634,卖盘
2108,09:52:52,16.24,--,2,4807,卖盘
2109,09:52:47,16.24,0.01,75,122579,买盘
2110,09:52:41,16.23,-0.03,108,176127,卖盘
2111,09:52:32,16.26,0.03,280,456418,买盘
2112,09:52:26,16.23,--,18,29214,卖盘
2113,09:52:17,16.23,--,50,81150,卖盘
2114,09:52:11,16.23,--,180,292140,卖盘
2115,09:51:56,16.23,-0.02,64,103872,卖盘
2116,09:51:52,16.25,--,7,12886,卖盘
2117,09:51:47,16.25,-0.01,5,8255,中性盘
2118,09:51:41,16.26,0.02,684,1112184,买盘
2119,09:51:32,16.24,--,134,217615,卖盘
2120,09:51:26,16.24,--,10,16239,卖盘
2121,09:51:22,16.24,--,5,8119,卖盘
2122,09:51:17,16.24,0.01,58,95539,买盘
2123,09:51:11,16.23,--,258,420129,卖盘
2124,09:51:02,16.23,--,7,11361,卖盘
2125,09:50:56,16.23,-0.01,132,214446,卖盘
2126,09:50:50,16.24,-0.01,3,6414,卖盘
2127,09:50:47,16.25,0.01,533,866125,买盘
2128,09:50:41,16.24,--,134,217615,卖盘
2129,09:50:35,16.24,--,10,16239,卖盘
2130,09:50:31,16.24,--,47,76327,卖盘
2131,09:50:20,16.24,--,107,173767,卖盘
2132,09:50:17,16.24,-0.01,1558,2530549,卖盘
2133,09:50:11,16.25,--,919,1493375,卖盘
2134,09:50:05,16.25,--,11,17875,卖盘
2135,09:50:01,16.25,--,179,290875,卖盘
2136,09:49:56,16.25,-0.01,58,94250,卖盘
2137,09:49:50,16.26,--,10,16260,买盘
2138,09:49:46,16.26,--,464,754837,卖盘
2139,09:49:41,16.26,--,123,199998,卖盘
2140,09:49:35,16.26,--,1,1626,卖盘
2141,09:49:31,16.26,-0.01,60,97560,卖盘
2142,09:49:26,16.27,0.01,16,26032,买盘
2143,09:49:20,16.26,--,80,130080,卖盘
2144,09:49:16,16.26,--,11,17886,卖盘
2145,09:49:11,16.26,--,329,536075,卖盘
2146,09:49:01,16.26,--,4,6504,卖盘
2147,09:48:56,16.26,--,74,120324,卖盘
2148,09:48:46,16.26,--,2,3577,卖盘
2149,09:48:41,16.26,--,189,308744,卖盘
2150,09:48:35,16.26,-0.01,72,117072,卖盘
2151,09:48:31,16.27,--,26,42302,买盘
2152,09:48:26,16.27,0.01,20,32540,买盘
2153,09:48:20,16.26,--,14,22764,卖盘
2154,09:48:16,16.26,--,1,1626,卖盘
2155,09:48:11,16.26,--,262,426012,买盘
2156,09:48:05,16.26,0.01,1,1626,买盘
2157,09:48:01,16.25,--,1,1625,卖盘
2158,09:47:56,16.25,--,58,94250,卖盘
2159,09:47:50,16.25,--,10,16250,卖盘
2160,09:47:46,16.25,--,3,4875,卖盘
2161,09:47:41,16.25,-0.01,185,300755,卖盘
2162,09:47:31,16.26,--,114,185364,买盘
2163,09:47:26,16.26,0.01,36,58536,买盘
2164,09:47:20,16.25,--,59,95875,卖盘
2165,09:47:16,16.25,--,11,17875,卖盘
2166,09:47:11,16.25,-0.01,292,475621,卖盘
2167,09:47:01,16.26,0.01,38,61788,买盘
2168,09:46:56,16.25,--,194,315250,卖盘
2169,09:46:41,16.25,-0.01,211,343005,卖盘
2170,09:46:35,16.26,--,68,110568,买盘
2171,09:46:16,16.26,0.01,2,3252,买盘
2172,09:46:11,16.25,-0.01,181,294125,卖盘
2173,09:46:05,16.26,0.01,16,26016,买盘
2174,09:46:01,16.25,--,15,24375,卖盘
2175,09:45:56,16.25,--,225,365625,卖盘
2176,09:45:50,16.25,--,162,263250,卖盘
2177,09:45:46,16.25,--,0,0,卖盘
2178,09:45:41,16.25,-0.01,192,312146,卖盘
2179,09:45:35,16.26,0.01,101,165331,买盘
2180,09:45:31,16.25,-0.01,3,4875,卖盘
2181,09:45:11,16.26,-0.03,68,110568,卖盘
2182,09:45:05,16.29,0.02,2,3258,买盘
2183,09:45:01,16.27,--,23,37421,卖盘
2184,09:44:56,16.27,0.02,59,95993,买盘
2185,09:44:50,16.25,-0.02,805,1308125,卖盘
2186,09:44:46,16.27,--,5,8135,卖盘
2187,09:44:41,16.27,0.01,186,302622,买盘
2188,09:44:35,16.26,--,5,8260,卖盘
2189,09:44:31,16.26,--,3,4878,买盘
2190,09:44:20,16.26,-0.01,5,8130,卖盘
2191,09:44:16,16.27,--,73,118771,买盘
2192,09:44:10,16.27,0.01,27,43929,中性盘
2193,09:44:05,16.26,-0.01,55,89430,卖盘
2194,09:44:00,16.27,0.01,11,17897,卖盘
2195,09:43:56,16.26,-0.04,72,117072,卖盘
2196,09:43:44,16.3,0.04,183,298420,买盘
2197,09:43:40,16.26,--,111,181981,卖盘
2198,09:43:35,16.26,-0.04,31,50536,卖盘
2199,09:43:14,16.3,0.04,614,1000820,买盘
2200,09:43:10,16.26,--,15,25072,卖盘
2201,09:43:05,16.26,-0.03,1065,1731755,卖盘
2202,09:42:59,16.29,0.02,1,1629,买盘
2203,09:42:55,16.27,-0.02,62,100874,卖盘
2204,09:42:50,16.29,--,0,0,买盘
2205,09:42:44,16.29,0.02,175,285075,买盘
2206,09:42:40,16.27,0.01,280,455560,买盘
2207,09:42:35,16.26,--,5,8260,卖盘
2208,09:42:29,16.26,--,0,0,卖盘
2209,09:42:25,16.26,-0.01,19,30894,卖盘
2210,09:42:14,16.27,--,67,109009,买盘
2211,09:42:10,16.27,0.01,188,305876,买盘
2212,09:42:05,16.26,-0.01,148,240648,卖盘
2213,09:41:59,16.27,--,54,87858,买盘
2214,09:41:55,16.27,--,205,333535,买盘
2215,09:41:50,16.27,0.01,20,32540,买盘
2216,09:41:40,16.26,--,242,393492,卖盘
2217,09:41:35,16.26,--,5,8260,卖盘
2218,09:41:25,16.26,--,111,180486,卖盘
2219,09:41:20,16.26,--,32,52032,卖盘
2220,09:41:14,16.26,--,15,24390,卖盘
2221,09:41:10,16.26,--,5180,8422680,卖盘
2222,09:41:04,16.26,--,131,214127,卖盘
2223,09:40:59,16.26,--,100,162600,卖盘
2224,09:40:55,16.26,--,70,113820,卖盘
2225,09:40:49,16.26,--,16,26016,卖盘
2226,09:40:44,16.26,--,75,121950,卖盘
2227,09:40:40,16.26,--,181,294306,卖盘
2228,09:40:34,16.26,--,62,101039,卖盘
2229,09:40:29,16.26,--,7,12910,卖盘
2230,09:40:25,16.26,--,5,8130,卖盘
2231,09:40:19,16.26,--,52,84552,卖盘
2232,09:40:14,16.26,--,40,66031,买盘
2233,09:40:10,16.26,0.01,181,294306,买盘
2234,09:40:04,16.25,--,203,329875,卖盘
2235,09:39:59,16.25,--,2,3250,卖盘
2236,09:39:55,16.25,--,57,92625,卖盘
2237,09:39:49,16.25,-0.01,10,16250,卖盘
2238,09:39:40,16.26,--,289,469914,买盘
2239,09:39:29,16.26,--,181,295070,卖盘
2240,09:39:25,16.26,--,133,216258,卖盘
2241,09:39:19,16.26,-0.01,573,931698,卖盘
2242,09:39:14,16.27,0.01,4,6508,买盘
2243,09:39:10,16.26,--,191,310566,卖盘
2244,09:39:04,16.26,-0.01,99,162095,卖盘
2245,09:38:59,16.27,--,54,87858,买盘
2246,09:38:55,16.27,0.01,76,123652,买盘
2247,09:38:49,16.26,--,20,32520,卖盘
2248,09:38:44,16.26,--,300,487800,卖盘
2249,09:38:40,16.26,-0.01,180,292680,卖盘
2250,09:38:34,16.27,0.01,20,32540,买盘
2251,09:38:29,16.26,-0.01,15,24520,卖盘
2252,09:38:19,16.27,--,10,16270,买盘
2253,09:38:10,16.27,--,115,187105,卖盘
2254,09:37:59,16.27,0.01,79,128533,卖盘
2255,09:37:55,16.26,-0.01,259,421134,卖盘
2256,09:37:49,16.27,--,16,26032,卖盘
2257,09:37:44,16.27,0.01,29,47671,买盘
2258,09:37:39,16.26,--,186,302436,卖盘
2259,09:37:34,16.26,-0.01,11,17886,卖盘
2260,09:37:29,16.27,0.01,11,18027,买盘
2261,09:37:25,16.26,--,33,53658,卖盘
2262,09:37:19,16.26,--,142,230892,卖盘
2263,09:37:14,16.26,--,636,1035257,卖盘
2264,09:37:09,16.26,-0.01,190,308940,卖盘
2265,09:37:04,16.27,--,119,194735,买盘
2266,09:36:59,16.27,0.01,4,6508,买盘
2267,09:36:54,16.26,--,78,126828,卖盘
2268,09:36:38,16.26,-0.01,202,328452,卖盘
2269,09:36:34,16.27,--,37,61565,卖盘
2270,09:36:29,16.27,--,143,233018,卖盘
2271,09:36:23,16.27,--,2,4653,卖盘
2272,09:36:19,16.27,-0.01,4,6508,卖盘
2273,09:36:14,16.28,0.01,2,3256,买盘
2274,09:36:08,16.27,-0.01,179,291233,卖盘
2275,09:36:04,16.28,0.01,10,16280,买盘
2276,09:35:53,16.27,-0.01,60,97620,卖盘
2277,09:35:43,16.28,--,14,22792,买盘
2278,09:35:38,16.28,--,56,91168,卖盘
2279,09:35:34,16.28,--,68,110704,卖盘
2280,09:35:28,16.28,0.01,13,21164,买盘
2281,09:35:23,16.27,-0.01,5,8265,卖盘
2282,09:35:19,16.28,--,3,4884,买盘
2283,09:35:08,16.28,--,174,283776,卖盘
2284,09:35:04,16.28,--,96,156418,卖盘
2285,09:34:58,16.28,--,54,88905,卖盘
2286,09:34:53,16.28,-0.02,57,92796,卖盘
2287,09:34:49,16.3,0.01,25,40750,买盘
2288,09:34:43,16.29,-0.01,55,89595,卖盘
2289,09:34:38,16.3,-0.01,60,97800,卖盘
2290,09:34:34,16.31,-0.01,51,83181,中性盘
2291,09:34:28,16.32,0.01,73,119136,买盘
2292,09:34:23,16.31,0.01,4,6523,买盘
2293,09:34:19,16.3,-0.01,1,1630,中性盘
2294,09:34:13,16.31,--,9,14678,买盘
2295,09:34:08,16.31,0.03,181,295325,买盘
2296,09:34:04,16.28,--,25,40700,卖盘
2297,09:33:58,16.28,-0.04,25,40700,卖盘
2298,09:33:53,16.32,--,99,161568,买盘
2299,09:33:49,16.32,--,281,458592,买盘
2300,09:33:43,16.32,--,147,239904,买盘
2301,09:33:38,16.32,--,252,411264,买盘
2302,09:33:34,16.32,0.02,137,223584,买盘
2303,09:33:28,16.3,0.02,30,50415,买盘
2304,09:33:23,16.28,--,58,94424,买盘
2305,09:33:19,16.28,--,15,24420,买盘
2306,09:33:13,16.28,--,3,4884,买盘
2307,09:33:08,16.28,--,169,275245,卖盘
2308,09:33:04,16.28,-0.05,1,1628,卖盘
2309,09:32:58,16.33,0.05,56,91447,买盘
2310,09:32:53,16.28,--,81,131868,卖盘
2311,09:32:38,16.28,-0.04,382,621896,卖盘
2312,09:32:34,16.32,0.02,93,151776,买盘
2313,09:32:28,16.3,0.02,143,233090,买盘
2314,09:32:23,16.28,--,5,8140,卖盘
2315,09:32:19,16.28,--,221,361302,卖盘
2316,09:32:13,16.28,--,137,223036,卖盘
2317,09:32:08,16.28,--,215,350020,卖盘
2318,09:32:04,16.28,--,2,3256,卖盘
2319,09:31:58,16.28,--,20,32560,卖盘
2320,09:31:53,16.28,-0.01,57,92796,卖盘
2321,09:31:48,16.29,--,40,65160,买盘
2322,09:31:43,16.29,--,11,17919,买盘
2323,09:31:38,16.29,0.01,702,1143558,中性盘
2324,09:31:34,16.28,-0.02,90,146520,卖盘
2325,09:31:28,16.3,--,17,27710,买盘
2326,09:31:23,16.3,--,4,6520,买盘
2327,09:31:13,16.3,--,35,57050,买盘
2328,09:31:08,16.3,--,51,83130,卖盘
2329,09:30:58,16.3,0.01,3,4890,买盘
2330,09:30:53,16.29,-0.03,176,286704,卖盘
2331,09:30:48,16.32,--,45,73440,卖盘
2332,09:30:43,16.32,0.04,27,44064,买盘
2333,09:30:38,16.28,--,893,1453804,卖盘
2334,09:30:33,16.28,--,11,17908,卖盘
2335,09:30:28,16.28,-0.02,61,99308,中性盘
2336,09:30:23,16.3,--,176,286880,买盘
2337,09:30:18,16.3,--,124,202120,买盘
2338,09:30:08,16.3,-0.03,659,1074333,卖盘
2339,09:30:03,16.33,0.01,683,1116808,买盘
2340,09:28:53,16.32,--,0,0,买盘
2341,09:25:07,16.32,16.32,1661,2710752,买盘
