,time,price,change,volume,amount,type
0,15:00:00,12.4,--,0,0,卖盘
1,14:59:59,12.4,-0.01,0,0,卖盘
2,14:59:53,12.41,--,11,13651,买盘
3,14:59:47,12.41,0.01,4,4964,买盘
4,14:59:43,12.4,--,30,37200,卖盘
5,14:59:38,12.4,--,58,71920,卖盘
6,14:59:28,12.4,--,40,49600,卖盘
7,14:59:23,12.4,-0.01,30,37200,卖盘
8,14:59:17,12.41,0.01,2,2482,中性盘
9,14:59:13,12.4,--,84,104160,卖盘
10,14:59:08,12.4,-0.01,200,248000,卖盘
11,14:58:58,12.41,--,0,0,卖盘
12,14:58:53,12.41,0.01,176,218416,买盘
13,14:58:43,12.4,--,0,0,卖盘
14,14:58:38,12.4,-0.03,112,138880,卖盘
15,14:58:32,12.43,0.01,167,207581,买盘
16,14:58:28,12.42,--,20,24840,买盘
17,14:58:23,12.42,-0.01,162,201204,卖盘
18,14:58:17,12.43,--,10,12430,买盘
19,14:58:13,12.43,--,4,4972,卖盘
20,14:58:08,12.43,--,5,6215,卖盘
21,14:57:58,12.43,--,0,0,中性盘
22,14:57:47,12.43,--,62,77066,卖盘
23,14:57:43,12.43,-0.02,5,6215,卖盘
24,14:57:28,12.45,0.03,7,8715,买盘
25,14:57:23,12.42,-0.01,137,170154,卖盘
26,14:57:17,12.43,--,27,33561,卖盘
27,14:57:13,12.43,--,10,12430,卖盘
28,14:56:53,12.43,-0.02,10,12430,卖盘
29,14:56:37,12.45,--,49,61005,卖盘
30,14:56:32,12.45,--,20,24900,卖盘
31,14:56:26,12.45,-0.01,10,12450,卖盘
32,14:56:17,12.46,--,10,12460,买盘
33,14:56:07,12.46,-0.02,84,104664,卖盘
34,14:55:56,12.48,0.01,5,6240,买盘
35,14:55:52,12.47,-0.01,15,18705,卖盘
36,14:55:37,12.48,--,11,14464,卖盘
37,14:55:17,12.48,--,88,110335,卖盘
38,14:55:11,12.48,-0.01,10,12480,卖盘
39,14:55:02,12.49,0.01,15,18735,买盘
40,14:54:56,12.48,-0.01,5,6240,卖盘
41,14:54:47,12.49,--,9,11241,买盘
42,14:54:37,12.49,--,10,12490,卖盘
43,14:54:32,12.49,-0.01,110,137390,卖盘
44,14:54:17,12.5,--,63,79487,卖盘
45,14:54:11,12.5,--,32,40000,卖盘
46,14:54:07,12.5,--,2,2500,卖盘
47,14:54:02,12.5,--,81,101250,卖盘
48,14:53:56,12.5,--,31,39262,卖盘
49,14:53:52,12.5,--,10,12500,卖盘
50,14:53:41,12.5,-0.01,1,1250,卖盘
51,14:53:26,12.51,0.01,5,6255,买盘
52,14:53:22,12.5,--,0,0,卖盘
53,14:53:16,12.5,-0.01,100,125000,卖盘
54,14:53:11,12.51,--,24,30024,卖盘
55,14:52:56,12.51,--,5,6255,卖盘
56,14:52:41,12.51,-0.01,37,46287,卖盘
57,14:52:37,12.52,-0.01,14,17528,买盘
58,14:52:32,12.53,0.01,20,25060,买盘
59,14:52:26,12.52,--,76,95152,卖盘
60,14:52:22,12.52,--,20,25040,卖盘
61,14:52:17,12.52,--,50,62600,卖盘
62,14:52:11,12.52,--,5,6260,卖盘
63,14:52:07,12.52,--,4,5008,卖盘
64,14:51:52,12.52,-0.01,10,12520,卖盘
65,14:51:47,12.53,--,12,15775,卖盘
66,14:51:41,12.53,0.01,37,46874,买盘
67,14:51:37,12.52,--,13,16276,卖盘
68,14:51:26,12.52,--,200,250400,卖盘
69,14:51:17,12.52,--,31,38812,卖盘
70,14:51:11,12.52,--,13,16276,卖盘
71,14:51:07,12.52,--,100,125200,卖盘
72,14:51:01,12.52,--,3,3756,卖盘
73,14:50:52,12.52,--,10,12520,卖盘
74,14:50:46,12.52,--,6,7512,卖盘
75,14:50:37,12.52,--,20,25040,卖盘
76,14:50:31,12.52,--,11,13772,卖盘
77,14:50:26,12.52,--,30,37560,卖盘
78,14:50:21,12.52,--,66,82632,卖盘
79,14:50:16,12.52,-0.01,40,50080,卖盘
80,14:50:11,12.53,--,16,20048,买盘
81,14:50:02,12.53,--,10,12530,买盘
82,14:49:51,12.53,--,79,99726,卖盘
83,14:49:46,12.53,--,29,36850,卖盘
84,14:49:41,12.53,--,5,6265,卖盘
85,14:49:32,12.53,--,3,3759,买盘
86,14:49:26,12.53,--,0,0,中性盘
87,14:49:16,12.53,--,0,0,卖盘
88,14:49:11,12.53,-0.01,3,3759,卖盘
89,14:48:55,12.54,0.01,50,62699,买盘
90,14:48:41,12.53,-0.01,50,62650,卖盘
91,14:48:20,12.54,0.01,10,12540,买盘
92,14:48:01,12.53,--,36,45108,买盘
93,14:47:55,12.53,--,10,12530,买盘
94,14:47:46,12.53,--,100,125300,买盘
95,14:47:40,12.53,0.01,5,6265,买盘
96,14:47:35,12.52,--,7,8764,卖盘
97,14:47:20,12.52,--,10,12520,卖盘
98,14:47:16,12.52,--,5,6260,卖盘
99,14:47:10,12.52,--,1,1252,卖盘
100,14:47:05,12.52,--,100,125200,卖盘
101,14:46:50,12.52,--,108,135216,卖盘
102,14:46:40,12.52,-0.01,5,6260,卖盘
103,14:46:25,12.53,--,2,2506,买盘
104,14:45:55,12.53,--,39,48867,卖盘
105,14:45:50,12.53,--,1,1253,卖盘
106,14:45:35,12.53,--,20,25060,买盘
107,14:45:16,12.53,0.01,10,12530,买盘
108,14:45:10,12.52,--,100,125200,卖盘
109,14:45:05,12.52,-0.01,24,30048,卖盘
110,14:44:55,12.53,--,23,28819,买盘
111,14:44:40,12.53,--,18,22554,买盘
112,14:44:31,12.53,0.01,18,22554,买盘
113,14:44:16,12.52,--,23,28796,卖盘
114,14:44:10,12.52,--,247,309244,买盘
115,14:44:05,12.52,--,114,142728,买盘
116,14:43:55,12.52,--,10,12520,买盘
117,14:43:50,12.52,--,86,107672,买盘
118,14:43:46,12.52,-0.01,76,95152,卖盘
119,14:43:35,12.53,0.01,17,21301,买盘
120,14:43:25,12.52,--,2,2504,卖盘
121,14:43:15,12.52,--,2,2504,卖盘
122,14:42:40,12.52,--,94,117688,卖盘
123,14:42:35,12.52,-0.01,10,12520,卖盘
124,14:41:55,12.53,--,2,2506,卖盘
125,14:41:34,12.53,--,100,125300,卖盘
126,14:41:19,12.53,--,4,5012,卖盘
127,14:40:59,12.53,--,6,7518,卖盘
128,14:40:55,12.53,--,0,0,卖盘
129,14:40:49,12.53,--,20,25060,卖盘
130,14:40:44,12.53,--,10,12530,卖盘
131,14:40:29,12.53,--,50,62650,卖盘
132,14:40:14,12.53,--,20,25060,卖盘
133,14:40:04,12.53,--,2,2506,卖盘
134,14:39:55,12.53,--,2,2506,卖盘
135,14:39:49,12.53,--,3,3759,卖盘
136,14:39:44,12.53,--,8,10024,卖盘
137,14:39:19,12.53,--,15,18795,卖盘
138,14:39:14,12.53,--,1,1253,卖盘
139,14:38:59,12.53,--,7,8771,卖盘
140,14:38:49,12.53,-0.02,4,5012,卖盘
141,14:38:34,12.55,-0.01,10,12550,卖盘
142,14:38:19,12.56,0.01,22,27632,买盘
143,14:38:14,12.55,--,11,13805,卖盘
144,14:38:04,12.55,--,31,38905,卖盘
145,14:37:59,12.55,0.04,90,112950,买盘
146,14:37:49,12.51,--,4,5004,卖盘
147,14:37:44,12.51,-0.01,2,2502,卖盘
148,14:37:34,12.52,--,0,0,中性盘
149,14:37:25,12.52,--,0,0,买盘
150,14:37:14,12.52,--,2,2504,买盘
151,14:37:10,12.52,--,0,0,中性盘
152,14:37:04,12.52,0.01,60,75120,卖盘
153,14:36:44,12.51,--,0,0,卖盘
154,14:36:34,12.51,--,90,112590,卖盘
155,14:36:19,12.51,-0.04,22,27522,卖盘
156,14:36:04,12.55,0.04,3,3765,买盘
157,14:35:49,12.51,--,2,2502,卖盘
158,14:35:34,12.51,-0.01,30,37530,卖盘
159,14:35:19,12.52,--,0,0,买盘
160,14:35:14,12.52,0.01,55,68860,卖盘
161,14:34:58,12.51,--,0,0,卖盘
162,14:34:49,12.51,-0.02,8,10008,卖盘
163,14:34:13,12.53,--,21,26313,买盘
164,14:34:04,12.53,--,1,1253,买盘
165,14:33:49,12.53,--,4,5012,卖盘
166,14:33:38,12.53,-0.02,10,12530,卖盘
167,14:33:28,12.55,0.02,2,2510,买盘
168,14:33:23,12.53,--,0,0,卖盘
169,14:32:38,12.53,0.02,34,42602,买盘
170,14:32:34,12.51,--,4,5004,卖盘
171,14:32:28,12.51,--,5,6255,卖盘
172,14:32:23,12.51,0.01,12,15012,买盘
173,14:32:08,12.5,0.01,5,6262,卖盘
174,14:32:04,12.49,--,0,0,卖盘
175,14:31:34,12.49,-0.01,1,1249,卖盘
176,14:31:28,12.5,0.01,20,25000,买盘
177,14:31:23,12.49,-0.01,30,37470,卖盘
178,14:31:13,12.5,--,25,31250,买盘
179,14:30:53,12.5,--,25,31250,卖盘
180,14:30:33,12.5,--,30,37500,卖盘
181,14:30:28,12.5,--,6,7500,卖盘
182,14:30:19,12.5,--,0,0,卖盘
183,14:30:08,12.5,-0.01,300,375000,卖盘
184,14:29:57,12.51,-0.01,8,10008,卖盘
185,14:29:38,12.52,--,84,105168,买盘
186,14:29:23,12.52,--,31,38812,卖盘
187,14:29:13,12.52,--,1,1252,卖盘
188,14:29:08,12.52,--,35,43820,卖盘
189,14:28:58,12.52,--,58,72616,买盘
190,14:28:48,12.52,--,59,73868,卖盘
191,14:28:43,12.52,--,10,12520,卖盘
192,14:28:22,12.52,--,10,12520,卖盘
193,14:28:13,12.52,--,10,12520,卖盘
194,14:28:03,12.52,0.01,8,10016,卖盘
195,14:27:52,12.51,--,50,62550,卖盘
196,14:27:37,12.51,-0.01,41,51291,卖盘
197,14:27:28,12.52,0.01,47,58844,买盘
198,14:27:22,12.51,-0.01,10,12510,卖盘
199,14:27:07,12.52,--,13,16276,卖盘
200,14:26:52,12.52,--,87,108924,买盘
201,14:26:37,12.52,0.01,13,16276,买盘
202,14:26:27,12.51,--,0,0,卖盘
203,14:26:18,12.51,--,19,23769,卖盘
204,14:26:06,12.51,--,0,0,卖盘
205,14:26:02,12.51,--,5,6255,卖盘
206,14:25:52,12.51,--,62,77562,卖盘
207,14:25:32,12.51,--,20,25020,买盘
208,14:25:22,12.51,--,0,0,中性盘
209,14:25:17,12.51,--,200,250200,卖盘
210,14:25:02,12.51,--,0,0,卖盘
211,14:24:52,12.51,0.01,9,11259,卖盘
212,14:24:32,12.5,--,0,0,卖盘
213,14:24:22,12.5,--,0,0,卖盘
214,14:24:17,12.5,-0.01,251,313750,卖盘
215,14:23:52,12.51,0.01,7,8757,卖盘
216,14:23:47,12.5,--,0,0,卖盘
217,14:23:37,12.5,--,0,0,卖盘
218,14:23:22,12.5,-0.06,300,375000,卖盘
219,14:23:16,12.56,--,0,0,买盘
220,14:23:02,12.56,--,1,1256,卖盘
221,14:22:42,12.56,0.04,218,273808,买盘
222,14:22:37,12.52,-0.04,10,12520,卖盘
223,14:22:02,12.56,--,1,1256,买盘
224,14:21:22,12.56,-0.02,98,123088,卖盘
225,14:20:16,12.58,--,0,0,买盘
226,14:19:52,12.58,--,4,5032,买盘
227,14:19:45,12.58,0.02,5,6290,买盘
228,14:19:42,12.56,-0.02,94,118064,卖盘
229,14:19:07,12.58,-0.01,5,6290,买盘
230,14:18:37,12.59,--,0,0,买盘
231,14:18:15,12.59,--,5,6295,买盘
232,14:17:31,12.59,--,83,104497,买盘
233,14:17:26,12.59,0.01,15,18885,买盘
234,14:17:11,12.58,--,0,0,卖盘
235,14:16:56,12.58,--,50,63327,买盘
236,14:16:26,12.58,--,0,0,买盘
237,14:16:15,12.58,--,100,125800,买盘
238,14:15:46,12.58,--,16,20128,买盘
239,14:15:26,12.58,--,0,0,买盘
240,14:15:11,12.58,0.01,69,86802,买盘
241,14:15:06,12.57,--,0,0,卖盘
242,14:14:51,12.57,--,71,89247,买盘
243,14:14:31,12.57,0.01,1,1257,买盘
244,14:14:25,12.56,--,1,1256,卖盘
245,14:14:06,12.56,--,50,62800,买盘
246,14:14:00,12.56,0.01,5,6280,买盘
247,14:13:46,12.55,0.01,62,77810,买盘
248,14:13:24,12.54,--,0,0,卖盘
249,14:13:09,12.54,0.01,4,5016,买盘
250,14:12:46,12.53,--,0,0,卖盘
251,14:12:24,12.53,--,14,17542,卖盘
252,14:11:54,12.53,--,1,1253,卖盘
253,14:11:45,12.53,-0.01,5,6265,卖盘
254,14:11:36,12.54,--,1,1254,买盘
255,14:11:30,12.54,--,0,0,中性盘
256,14:11:10,12.54,--,0,0,卖盘
257,14:10:55,12.54,--,184,230735,买盘
258,14:10:45,12.54,--,1,1254,买盘
259,14:10:25,12.54,-0.02,54,67716,卖盘
260,14:10:15,12.56,--,0,0,买盘
261,14:09:35,12.56,0.01,10,12560,买盘
262,14:09:20,12.55,0.01,20,25100,卖盘
263,14:09:09,12.54,--,0,0,卖盘
264,14:09:05,12.54,-0.01,1,1254,卖盘
265,14:08:50,12.55,--,0,0,买盘
266,14:08:25,12.55,--,0,0,中性盘
267,14:08:18,12.55,-0.01,7,8785,卖盘
268,14:08:04,12.56,--,514,645584,卖盘
269,14:07:54,12.56,-0.01,200,251200,卖盘
270,14:07:45,12.57,--,1,1257,买盘
271,14:07:15,12.57,--,13,16341,买盘
272,14:06:49,12.57,--,20,25140,买盘
273,14:06:45,12.57,0.01,16,20112,买盘
274,14:06:18,12.56,--,20,25120,卖盘
275,14:06:15,12.56,--,33,41448,买盘
276,14:06:09,12.56,0.01,11,13816,买盘
277,14:06:04,12.55,--,5,6275,卖盘
278,14:04:44,12.55,-0.02,2,2510,卖盘
279,14:04:33,12.57,--,0,0,买盘
280,14:04:30,12.57,--,1,1257,买盘
281,14:03:48,12.57,0.03,4,5028,买盘
282,14:03:30,12.54,--,0,0,卖盘
283,14:03:04,12.54,--,0,0,卖盘
284,14:02:54,12.54,-0.05,30,37620,卖盘
285,14:02:49,12.59,0.02,17,21403,买盘
286,14:02:44,12.57,--,0,0,卖盘
287,14:02:33,12.57,--,10,12570,卖盘
288,14:02:24,12.57,-0.02,500,628500,卖盘
289,14:02:18,12.59,--,3,3777,买盘
290,14:01:54,12.59,0.01,63,79317,买盘
291,14:01:44,12.58,0.04,1,1258,买盘
292,14:01:39,12.54,-0.05,40,50160,卖盘
293,14:01:27,12.59,--,0,0,买盘
294,14:01:24,12.59,0.01,229,288311,买盘
295,14:01:18,12.58,--,110,138380,卖盘
296,14:01:04,12.58,--,0,0,卖盘
297,14:00:54,12.58,--,0,0,卖盘
298,14:00:39,12.58,--,50,62900,卖盘
299,14:00:27,12.58,0.01,29,36482,买盘
300,14:00:18,12.57,--,32,40224,卖盘
301,13:59:48,12.57,--,3,3771,卖盘
302,13:59:42,12.57,0.01,10,12570,买盘
303,13:59:39,12.56,--,0,0,卖盘
304,13:59:24,12.56,0.01,9,11618,买盘
305,13:59:12,12.55,--,10,12550,买盘
306,13:59:03,12.55,--,40,50200,买盘
307,13:58:48,12.55,--,13,16315,买盘
308,13:58:39,12.55,--,215,269825,买盘
309,13:58:18,12.55,--,10,12550,买盘
310,13:58:12,12.55,--,10,12550,买盘
311,13:58:03,12.55,--,1,1255,买盘
312,13:57:57,12.55,--,10,12550,买盘
313,13:57:48,12.55,0.01,12,15060,买盘
314,13:57:27,12.54,--,35,43890,买盘
315,13:57:18,12.54,--,20,25080,买盘
316,13:57:12,12.54,--,20,25080,买盘
317,13:57:03,12.54,--,0,0,买盘
318,13:56:48,12.54,0.02,4,5016,买盘
319,13:56:42,12.52,-0.02,6,7512,卖盘
320,13:56:33,12.54,0.02,1,1254,买盘
321,13:56:18,12.52,--,20,25040,卖盘
322,13:55:53,12.52,--,9,11268,卖盘
323,13:55:42,12.52,-0.02,40,50080,卖盘
324,13:55:38,12.54,0.02,50,62699,买盘
325,13:54:42,12.52,--,10,12520,卖盘
326,13:54:36,12.52,-0.02,38,47576,卖盘
327,13:54:33,12.54,0.01,5,6270,买盘
328,13:54:18,12.53,0.01,3,3759,买盘
329,13:53:57,12.52,0.02,36,45072,买盘
330,13:53:51,12.5,--,30,37500,买盘
331,13:53:36,12.5,-0.02,5,6250,卖盘
332,13:53:03,12.52,--,0,0,中性盘
333,13:52:51,12.52,-0.01,361,451972,卖盘
334,13:52:12,12.53,-0.01,11,13783,卖盘
335,13:51:36,12.54,--,5,6270,买盘
336,13:51:33,12.54,--,3,3761,买盘
337,13:50:51,12.54,--,20,25080,买盘
338,13:50:42,12.54,--,6,7523,买盘
339,13:50:02,12.54,0.01,20,25080,买盘
340,13:49:57,12.53,-0.01,2,2506,卖盘
341,13:49:51,12.54,0.01,96,120383,买盘
342,13:49:21,12.53,--,15,18795,卖盘
343,13:49:12,12.53,--,2,2506,买盘
344,13:49:06,12.53,0.01,5,6265,买盘
345,13:48:57,12.52,-0.01,2,2504,卖盘
346,13:48:51,12.53,0.01,10,12530,买盘
347,13:48:47,12.52,-0.01,2,2504,卖盘
348,13:48:32,12.53,--,20,25060,买盘
349,13:48:27,12.53,0.01,10,12530,买盘
350,13:48:12,12.52,-0.01,18,22536,买盘
351,13:47:45,12.53,--,0,0,买盘
352,13:47:36,12.53,-0.01,6,7518,买盘
353,13:47:00,12.54,--,0,0,买盘
354,13:46:45,12.54,--,0,0,买盘
355,13:46:36,12.54,--,14,17556,买盘
356,13:46:30,12.54,--,53,66462,卖盘
357,13:46:27,12.54,--,20,25080,卖盘
358,13:46:21,12.54,--,34,42636,卖盘
359,13:46:15,12.54,--,30,37620,卖盘
360,13:46:06,12.54,--,60,75240,卖盘
361,13:45:51,12.54,0.04,117,146718,买盘
362,13:45:36,12.5,--,0,0,卖盘
363,13:45:27,12.5,--,10,12500,卖盘
364,13:45:21,12.5,--,4,5000,买盘
365,13:45:06,12.5,-0.03,7,8750,卖盘
366,13:44:51,12.53,-0.01,668,837630,卖盘
367,13:44:45,12.54,--,10,12540,买盘
368,13:44:30,12.54,--,50,62699,卖盘
369,13:44:27,12.54,--,11,13793,卖盘
370,13:44:15,12.54,--,30,37620,卖盘
371,13:44:06,12.54,--,8,10032,卖盘
372,13:44:00,12.54,--,3,3761,卖盘
373,13:43:51,12.54,--,7,8778,卖盘
374,13:43:45,12.54,--,8,10032,卖盘
375,13:43:36,12.54,--,36,45144,买盘
376,13:43:15,12.54,-0.01,10,12540,买盘
377,13:43:00,12.55,--,0,0,买盘
378,13:42:51,12.55,0.01,40,50200,买盘
379,13:42:36,12.54,--,24,30095,中性盘
380,13:42:30,12.54,0.01,25,31349,卖盘
381,13:42:21,12.53,--,0,0,卖盘
382,13:42:15,12.53,-0.01,84,105252,卖盘
383,13:42:11,12.54,-0.01,61,76494,买盘
384,13:41:56,12.55,--,0,0,买盘
385,13:41:51,12.55,0.02,1,1255,买盘
386,13:41:45,12.53,-0.01,216,270648,卖盘
387,13:41:41,12.54,--,6,7523,卖盘
388,13:41:36,12.54,0.01,5,6270,买盘
389,13:41:30,12.53,--,142,177926,卖盘
390,13:41:15,12.53,-0.01,64,80192,卖盘
391,13:41:11,12.54,0.01,5,6270,买盘
392,13:41:00,12.53,--,50,62650,卖盘
393,13:40:51,12.53,0.01,521,653439,买盘
394,13:40:15,12.52,--,0,0,买盘
395,13:40:00,12.52,0.01,85,106420,买盘
396,13:39:54,12.51,--,39,48789,卖盘
397,13:39:51,12.51,--,13,16263,卖盘
398,13:39:45,12.51,--,106,132606,卖盘
399,13:39:39,12.51,0.01,104,130104,买盘
400,13:39:30,12.5,0.06,13,16250,买盘
401,13:39:15,12.44,-0.06,38,47272,卖盘
402,13:38:36,12.5,--,50,62500,买盘
403,13:38:30,12.5,--,10,12500,买盘
404,13:38:15,12.5,--,0,0,买盘
405,13:37:35,12.5,--,0,0,中性盘
406,13:37:30,12.5,--,300,375000,卖盘
407,13:37:24,12.5,--,57,71250,卖盘
408,13:37:09,12.5,0.07,410,512500,买盘
409,13:36:39,12.43,--,5,6215,卖盘
410,13:36:24,12.43,-0.02,1,1243,卖盘
411,13:36:15,12.45,--,56,69720,买盘
412,13:35:50,12.45,0.01,10,12450,买盘
413,13:35:45,12.44,--,0,0,中性盘
414,13:35:24,12.44,--,5,6220,卖盘
415,13:35:15,12.44,--,0,0,中性盘
416,13:35:09,12.44,--,1,1244,买盘
417,13:35:00,12.44,0.02,20,24880,买盘
418,13:34:39,12.42,--,10,12420,卖盘
419,13:34:30,12.42,--,5,6210,卖盘
420,13:34:14,12.42,--,200,248400,卖盘
421,13:34:00,12.42,--,63,78246,卖盘
422,13:33:30,12.42,--,65,80730,卖盘
423,13:33:24,12.42,--,1,1242,卖盘
424,13:33:03,12.42,-0.02,15,18630,卖盘
425,13:32:59,12.44,0.02,10,12440,买盘
426,13:32:39,12.42,--,8,9936,买盘
427,13:32:32,12.42,0.01,10,12420,买盘
428,13:32:29,12.41,-0.01,50,62050,卖盘
429,13:32:14,12.42,--,5,6210,买盘
430,13:31:48,12.42,0.01,2,2484,买盘
431,13:31:45,12.41,--,50,62050,卖盘
432,13:31:32,12.41,0.01,21,26061,买盘
433,13:31:29,12.4,--,10,12400,卖盘
434,13:31:03,12.4,0.01,82,101680,买盘
435,13:30:47,12.39,0.01,2,2478,中性盘
436,13:30:44,12.38,-0.02,100,123800,卖盘
437,13:30:39,12.4,--,10,12400,买盘
438,13:30:24,12.4,0.01,11,13640,买盘
439,13:30:17,12.39,--,40,49560,卖盘
440,13:30:03,12.39,0.01,3,3717,买盘
441,13:29:47,12.38,-0.01,10,12380,卖盘
442,13:29:38,12.39,--,2,2478,买盘
443,13:29:33,12.39,0.01,24,29736,买盘
444,13:29:23,12.38,--,48,59424,卖盘
445,13:29:17,12.38,-0.01,50,61900,卖盘
446,13:28:58,12.39,--,31,38409,卖盘
447,13:28:29,12.39,--,6,7434,卖盘
448,13:28:24,12.39,-0.01,20,24780,卖盘
449,13:28:18,12.4,--,3,3720,买盘
450,13:28:14,12.4,--,5,6200,买盘
451,13:28:09,12.4,--,3,3720,买盘
452,13:27:54,12.4,--,10,12400,买盘
453,13:27:32,12.4,-0.01,94,116560,卖盘
454,13:27:24,12.41,--,20,24820,买盘
455,13:27:03,12.41,-0.01,9,11169,卖盘
456,13:26:53,12.42,0.01,10,12420,买盘
457,13:26:48,12.41,--,28,34748,卖盘
458,13:26:39,12.41,-0.01,20,24820,卖盘
459,13:26:32,12.42,0.01,2,2484,买盘
460,13:26:24,12.41,--,38,47158,卖盘
461,13:26:12,12.41,-0.01,53,65773,卖盘
462,13:26:09,12.42,-0.02,13,16146,卖盘
463,13:26:03,12.44,--,25,31100,买盘
464,13:25:47,12.44,--,2,2488,买盘
465,13:25:41,12.44,-0.01,163,202772,卖盘
466,13:25:33,12.45,0.01,30,37350,买盘
467,13:25:18,12.44,-0.01,40,49760,卖盘
468,13:25:12,12.45,0.01,1,1245,买盘
469,13:24:56,12.44,--,2,2488,卖盘
470,13:24:48,12.44,-0.01,6,7464,卖盘
471,13:23:38,12.45,--,2,2490,买盘
472,13:23:32,12.45,--,128,159360,卖盘
473,13:23:27,12.45,--,8,9960,卖盘
474,13:23:08,12.45,--,0,0,卖盘
475,13:22:53,12.45,-0.03,100,124500,卖盘
476,13:22:41,12.48,-0.03,17,21216,中性盘
477,13:22:26,12.51,--,0,0,买盘
478,13:22:12,12.51,0.05,1,1251,买盘
479,13:20:33,12.46,-0.03,10,12460,卖盘
480,13:20:18,12.49,--,0,0,中性盘
481,13:19:53,12.49,--,4,4996,卖盘
482,13:19:42,12.49,-0.02,5,6245,卖盘
483,13:18:26,12.51,0.02,2,2502,买盘
484,13:18:17,12.49,-0.03,15,18735,卖盘
485,13:16:57,12.52,0.03,20,25040,买盘
486,13:16:41,12.49,--,5,6245,卖盘
487,13:16:26,12.49,--,76,94924,买盘
488,13:15:56,12.49,-0.03,34,42466,卖盘
489,13:15:47,12.52,0.03,10,12520,买盘
490,13:15:41,12.49,--,2,2498,卖盘
491,13:15:36,12.49,-0.03,20,24980,卖盘
492,13:15:32,12.52,0.03,5,6260,卖盘
493,13:15:21,12.49,--,0,0,卖盘
494,13:15:12,12.49,--,33,41217,买盘
495,13:15:06,12.49,--,0,0,买盘
496,13:14:57,12.49,-0.04,17,21233,卖盘
497,13:14:47,12.53,0.02,1,1253,买盘
498,13:14:36,12.51,--,33,41283,买盘
499,13:14:21,12.51,0.01,29,36279,买盘
500,13:13:51,12.5,--,12,15000,卖盘
501,13:13:47,12.5,--,10,12500,卖盘
502,13:13:41,12.5,0.01,18,22500,买盘
503,13:13:32,12.49,-0.01,9,11241,卖盘
504,13:12:51,12.5,0.01,2,2500,买盘
505,13:12:41,12.49,--,7,8743,买盘
506,13:12:05,12.49,--,10,12490,买盘
507,13:11:47,12.49,0.01,10,12490,买盘
508,13:11:31,12.48,--,5,6240,买盘
509,13:11:26,12.48,--,4,4992,卖盘
510,13:11:20,12.48,--,10,12480,卖盘
511,13:10:11,12.48,--,6,7488,买盘
512,13:10:05,12.48,--,26,32448,买盘
513,13:08:50,12.48,--,4,4992,买盘
514,13:08:20,12.48,-0.02,29,36192,卖盘
515,13:08:05,12.5,0.06,10,12500,买盘
516,13:07:59,12.44,-0.06,107,133108,卖盘
517,13:07:50,12.5,0.02,5,6250,买盘
518,13:07:44,12.48,-0.02,3,3744,卖盘
519,13:07:41,12.5,0.01,5,6250,买盘
520,13:07:36,12.49,0.01,3,3747,买盘
521,13:07:29,12.48,-0.02,202,252096,卖盘
522,13:07:20,12.5,0.02,10,12500,买盘
523,13:07:05,12.48,0.06,113,141024,买盘
524,13:06:14,12.42,--,0,0,卖盘
525,13:05:50,12.42,0.01,8,9936,卖盘
526,13:05:44,12.41,--,10,12410,买盘
527,13:05:40,12.41,--,40,49640,卖盘
528,13:05:25,12.41,--,0,0,卖盘
529,13:05:05,12.41,-0.07,29,35989,卖盘
530,13:04:59,12.48,0.08,1,1248,买盘
531,13:04:55,12.4,--,0,0,卖盘
532,13:04:50,12.4,--,0,0,卖盘
533,13:04:44,12.4,-0.01,130,161200,卖盘
534,13:04:35,12.41,--,11,13651,买盘
535,13:04:29,12.41,0.01,4,4964,买盘
536,13:04:14,12.4,--,0,0,卖盘
537,13:03:59,12.4,-0.02,160,198400,卖盘
538,13:03:50,12.42,--,0,0,卖盘
539,13:03:38,12.42,--,0,0,卖盘
540,13:03:35,12.42,-0.01,50,62100,卖盘
541,13:03:20,12.43,-0.04,10,12430,卖盘
542,13:02:50,12.47,-0.02,20,24940,卖盘
543,13:02:44,12.49,-0.01,17,21857,卖盘
544,13:02:23,12.5,--,0,0,中性盘
545,13:02:20,12.5,-0.01,12,15000,卖盘
546,13:02:05,12.51,--,7,8757,卖盘
547,13:01:50,12.51,--,25,31275,卖盘
548,13:01:44,12.51,--,3,3753,卖盘
549,13:01:38,12.51,--,100,125100,卖盘
550,13:01:08,12.51,--,30,37530,卖盘
551,13:00:50,12.51,--,30,37530,卖盘
552,13:00:08,12.51,--,108,135108,中性盘
553,13:00:05,12.51,-0.01,19,23769,买盘
554,11:30:00,12.52,--,0,0,买盘
555,11:29:59,12.52,--,0,0,买盘
556,11:29:46,12.52,--,0,0,买盘
557,11:29:31,12.52,0.02,3,3756,买盘
558,11:28:36,12.5,-0.02,10,12500,卖盘
559,11:28:11,12.52,0.02,10,12520,买盘
560,11:27:39,12.5,--,15,18750,卖盘
561,11:25:54,12.5,-0.02,12,15000,卖盘
562,11:25:39,12.52,--,3,3756,买盘
563,11:25:00,12.52,-0.01,6,7512,卖盘
564,11:24:54,12.53,0.01,16,20048,买盘
565,11:24:21,12.52,--,4,5008,买盘
566,11:24:15,12.52,--,20,25040,买盘
567,11:24:00,12.52,--,5,6260,买盘
568,11:23:45,12.52,--,3,3756,买盘
569,11:23:40,12.52,0.02,30,37560,买盘
570,11:23:24,12.5,-0.02,20,25000,卖盘
571,11:23:09,12.52,--,8,10016,买盘
572,11:22:54,12.52,--,10,12520,买盘
573,11:22:09,12.52,0.01,10,12520,买盘
574,11:22:00,12.51,-0.01,12,15012,卖盘
575,11:21:54,12.52,0.02,1,1252,买盘
576,11:21:39,12.5,--,0,0,卖盘
577,11:21:05,12.5,--,2,2500,卖盘
578,11:20:48,12.5,--,5,6250,卖盘
579,11:20:45,12.5,-0.02,10,12500,卖盘
580,11:20:24,12.52,0.02,4,5008,买盘
581,11:20:09,12.5,--,5,6250,卖盘
582,11:20:00,12.5,-0.02,10,12500,卖盘
583,11:19:39,12.52,--,0,0,买盘
584,11:19:33,12.52,--,10,12520,买盘
585,11:19:30,12.52,-0.01,5,6260,买盘
586,11:19:24,12.53,--,2,2506,买盘
587,11:18:39,12.53,0.01,54,67662,买盘
588,11:18:24,12.52,0.02,1,1252,买盘
589,11:18:15,12.5,-0.03,4,5000,中性盘
590,11:18:09,12.53,0.04,20,25060,买盘
591,11:18:00,12.49,-0.03,25,31225,卖盘
592,11:17:33,12.52,-0.01,3,3756,中性盘
593,11:17:24,12.53,0.03,5,6265,买盘
594,11:17:15,12.5,-0.04,55,69375,卖盘
595,11:17:09,12.54,--,15,18810,买盘
596,11:17:03,12.54,0.01,10,12540,买盘
597,11:16:59,12.53,--,12,15036,卖盘
598,11:16:54,12.53,-0.01,1,1253,卖盘
599,11:16:39,12.54,0.01,3,3761,买盘
600,11:16:33,12.53,--,2,2506,卖盘
601,11:16:29,12.53,--,0,0,中性盘
602,11:16:24,12.53,0.01,1,1879,买盘
603,11:16:03,12.52,--,0,0,中性盘
604,11:15:59,12.52,0.01,12,15024,买盘
605,11:15:48,12.51,--,9,11259,卖盘
606,11:15:44,12.51,--,11,13761,买盘
607,11:15:39,12.51,--,5,6255,买盘
608,11:15:33,12.51,0.01,5,6255,买盘
609,11:15:24,12.5,--,3,3750,买盘
610,11:15:18,12.5,0.01,33,41250,买盘
611,11:14:54,12.49,--,32,40592,买盘
612,11:14:48,12.49,--,153,191097,买盘
613,11:14:44,12.49,--,150,187350,买盘
614,11:14:29,12.49,--,78,97422,买盘
615,11:14:18,12.49,--,507,633243,买盘
616,11:14:14,12.49,--,100,124900,买盘
617,11:13:54,12.49,--,131,163619,买盘
618,11:13:48,12.49,--,0,0,买盘
619,11:13:33,12.49,0.02,115,143635,买盘
620,11:13:09,12.47,0.03,70,87290,买盘
621,11:12:42,12.44,0.02,1,1244,买盘
622,11:12:39,12.42,--,0,0,卖盘
623,11:12:27,12.42,-0.02,105,130410,卖盘
624,11:12:12,12.44,--,5,6220,买盘
625,11:12:03,12.44,--,11,13684,中性盘
626,11:11:48,12.44,0.03,48,59712,买盘
627,11:10:57,12.41,--,0,0,卖盘
628,11:10:54,12.41,--,0,0,卖盘
629,11:10:48,12.41,--,6,7446,卖盘
630,11:10:33,12.41,--,0,0,卖盘
631,11:10:18,12.41,-0.03,20,24820,卖盘
632,11:10:12,12.44,0.03,2,2488,买盘
633,11:09:27,12.41,--,0,0,中性盘
634,11:08:42,12.41,--,0,0,卖盘
635,11:08:18,12.41,0.01,16,19856,买盘
636,11:07:48,12.4,--,7,8680,卖盘
637,11:07:42,12.4,--,22,27280,买盘
638,11:07:38,12.4,--,10,12400,买盘
639,11:07:27,12.4,--,15,18600,买盘
640,11:07:03,12.4,--,27,33480,买盘
641,11:06:57,12.4,--,20,24800,买盘
642,11:06:53,12.4,--,10,12400,买盘
643,11:06:48,12.4,0.01,20,24800,买盘
644,11:06:21,12.39,0.01,96,118944,买盘
645,11:06:18,12.38,--,18,22284,卖盘
646,11:05:33,12.38,--,65,80470,买盘
647,11:05:27,12.38,--,18,22284,买盘
648,11:05:06,12.38,--,2,2476,买盘
649,11:04:57,12.38,--,3,3714,买盘
650,11:04:48,12.38,--,16,19808,卖盘
651,11:04:36,12.38,-0.01,1,1238,卖盘
652,11:04:27,12.39,0.01,8,9912,买盘
653,11:04:12,12.38,0.01,8,9904,买盘
654,11:04:06,12.37,-0.01,11,13607,卖盘
655,11:03:57,12.38,-0.01,7,8666,卖盘
656,11:03:48,12.39,--,9,11151,买盘
657,11:03:42,12.39,0.01,20,24780,买盘
658,11:03:36,12.38,--,9,11142,卖盘
659,11:03:33,12.38,--,3,3714,卖盘
660,11:03:27,12.38,--,29,35902,买盘
661,11:03:21,12.38,--,10,12380,买盘
662,11:03:06,12.38,--,2,2476,卖盘
663,11:02:42,12.38,--,4,4952,卖盘
664,11:02:27,12.38,-0.01,23,28474,卖盘
665,11:02:21,12.39,--,50,61950,卖盘
666,11:02:17,12.39,--,30,37170,卖盘
667,11:02:12,12.39,--,11,13629,卖盘
668,11:02:02,12.39,-0.01,10,12390,卖盘
669,11:01:57,12.4,-0.01,1,1240,卖盘
670,11:01:36,12.41,-0.01,100,124100,卖盘
671,11:01:21,12.42,-0.02,9,12022,卖盘
672,11:01:17,12.44,--,10,12440,买盘
673,11:00:47,12.44,--,42,52248,买盘
674,11:00:27,12.44,0.01,20,24880,买盘
675,11:00:12,12.43,--,5,6215,卖盘
676,10:59:57,12.43,-0.01,20,24860,卖盘
677,10:59:47,12.44,--,2,2488,买盘
678,10:59:42,12.44,-0.01,6,7464,卖盘
679,10:59:32,12.45,--,55,68475,买盘
680,10:59:27,12.45,--,7,8715,卖盘
681,10:59:12,12.45,--,19,23655,卖盘
682,10:59:06,12.45,-0.01,117,145665,卖盘
683,10:58:56,12.46,0.01,9,11214,买盘
684,10:58:30,12.45,--,1,1245,买盘
685,10:58:27,12.45,--,0,0,买盘
686,10:58:15,12.45,0.02,10,12450,买盘
687,10:58:06,12.43,-0.02,2,2486,卖盘
688,10:57:45,12.45,0.03,50,62250,买盘
689,10:57:30,12.42,--,10,12420,卖盘
690,10:57:11,12.42,-0.01,43,53803,卖盘
691,10:56:51,12.43,-0.02,58,72094,卖盘
692,10:56:35,12.45,0.02,8,9960,卖盘
693,10:56:11,12.43,--,0,0,卖盘
694,10:56:06,12.43,-0.03,30,37290,卖盘
695,10:56:00,12.46,0.03,305,380030,买盘
696,10:55:30,12.43,--,1,1243,卖盘
697,10:55:15,12.43,0.01,52,64636,买盘
698,10:55:00,12.42,--,8,9936,卖盘
699,10:54:50,12.42,0.01,29,36018,买盘
700,10:54:36,12.41,--,0,0,中性盘
701,10:54:30,12.41,--,0,0,卖盘
702,10:54:21,12.41,0.03,30,37230,买盘
703,10:53:56,12.38,--,17,21046,卖盘
704,10:53:51,12.38,--,19,23522,买盘
705,10:53:45,12.38,--,3,3714,买盘
706,10:53:41,12.38,--,22,27236,买盘
707,10:53:36,12.38,--,9,11142,买盘
708,10:53:26,12.38,-0.04,15,18570,中性盘
709,10:53:21,12.42,0.04,84,104328,买盘
710,10:53:15,12.38,--,22,27236,卖盘
711,10:53:06,12.38,--,0,0,卖盘
712,10:52:50,12.38,-0.04,100,123800,卖盘
713,10:52:41,12.42,-0.03,13,16146,卖盘
714,10:52:36,12.45,--,1,1245,买盘
715,10:52:30,12.45,--,0,0,买盘
716,10:52:21,12.45,0.03,43,53535,买盘
717,10:52:14,12.42,-0.03,4,4968,卖盘
718,10:51:30,12.45,0.02,23,28635,买盘
719,10:51:21,12.43,-0.02,24,29832,卖盘
720,10:51:09,12.45,--,42,52912,卖盘
721,10:51:00,12.45,--,7,9337,买盘
722,10:50:54,12.45,--,20,25522,卖盘
723,10:50:44,12.45,-0.01,20,24900,卖盘
724,10:50:38,12.46,--,8,9968,买盘
725,10:50:30,12.46,-0.01,13,16198,卖盘
726,10:50:24,12.47,-0.01,1,1247,卖盘
727,10:50:15,12.48,0.01,100,124800,买盘
728,10:50:09,12.47,-0.01,6,7482,中性盘
729,10:50:05,12.48,0.01,10,12480,买盘
730,10:50:00,12.47,--,20,24940,买盘
731,10:49:53,12.47,--,38,47386,买盘
732,10:49:45,12.47,--,60,74820,买盘
733,10:49:39,12.47,--,4,4988,买盘
734,10:49:30,12.47,0.02,68,84796,买盘
735,10:49:15,12.45,0.03,1,1867,买盘
736,10:49:09,12.42,-0.03,70,86940,卖盘
737,10:49:05,12.45,--,10,12450,买盘
738,10:49:00,12.45,0.02,58,72210,买盘
739,10:48:53,12.43,--,0,621,卖盘
740,10:48:50,12.43,-0.01,0,621,买盘
741,10:48:45,12.44,--,100,124400,买盘
742,10:48:35,12.44,0.04,66,82104,买盘
743,10:48:24,12.4,0.02,9,11160,买盘
744,10:48:05,12.38,--,3,3714,买盘
745,10:48:00,12.38,0.02,128,158464,买盘
746,10:47:54,12.36,--,76,93936,买盘
747,10:47:50,12.36,-0.02,99,122364,卖盘
748,10:47:45,12.38,--,37,45806,买盘
749,10:47:39,12.38,0.02,7,8666,买盘
750,10:47:30,12.36,--,100,123600,卖盘
751,10:47:24,12.36,--,15,18540,买盘
752,10:47:20,12.36,0.01,12,14832,买盘
753,10:47:15,12.35,--,30,37050,卖盘
754,10:47:05,12.35,--,72,88920,买盘
755,10:47:00,12.35,--,35,43225,买盘
756,10:46:54,12.35,--,23,28405,买盘
757,10:46:38,12.35,0.03,1,1235,买盘
758,10:46:35,12.32,--,41,50512,卖盘
759,10:46:30,12.32,--,68,84256,买盘
760,10:46:24,12.32,--,71,87472,买盘
761,10:46:20,12.32,--,125,154751,卖盘
762,10:46:15,12.32,-0.02,42,51744,卖盘
763,10:46:09,12.34,0.02,70,86380,买盘
764,10:46:05,12.32,--,10,12320,卖盘
765,10:45:54,12.32,--,63,78835,卖盘
766,10:45:50,12.32,--,0,0,卖盘
767,10:45:45,12.32,--,9,11088,卖盘
768,10:45:39,12.32,--,75,92892,卖盘
769,10:45:35,12.32,--,49,60368,买盘
770,10:45:29,12.32,--,28,34496,买盘
771,10:45:24,12.32,--,61,75152,卖盘
772,10:45:20,12.32,--,10,12320,卖盘
773,10:45:15,12.32,-0.01,33,40656,卖盘
774,10:45:09,12.33,-0.01,35,43155,卖盘
775,10:45:05,12.34,0.01,1,1234,买盘
776,10:45:00,12.33,--,92,113436,买盘
777,10:44:54,12.33,--,39,48087,卖盘
778,10:44:50,12.33,--,0,0,中性盘
779,10:44:45,12.33,--,49,60417,买盘
780,10:44:38,12.33,0.02,41,50553,买盘
781,10:44:35,12.31,-0.02,88,108328,卖盘
782,10:44:30,12.33,--,11,13563,卖盘
783,10:44:24,12.33,0.03,22,27126,买盘
784,10:44:20,12.3,-0.01,10,12300,卖盘
785,10:44:15,12.31,-0.04,54,66474,卖盘
786,10:44:08,12.35,0.04,23,28405,买盘
787,10:44:00,12.31,-0.04,70,86170,卖盘
788,10:43:54,12.35,--,30,37050,买盘
789,10:43:47,12.35,-0.01,137,169195,卖盘
790,10:43:45,12.36,--,2,2472,买盘
791,10:43:39,12.36,-0.01,81,100116,卖盘
792,10:43:33,12.37,--,19,23503,卖盘
793,10:43:30,12.37,--,7,8659,卖盘
794,10:43:24,12.37,-0.01,39,48243,卖盘
795,10:43:18,12.38,--,7,8666,卖盘
796,10:43:15,12.38,-0.01,35,43330,卖盘
797,10:43:03,12.39,-0.01,35,43365,卖盘
798,10:42:54,12.4,--,6,7440,买盘
799,10:42:48,12.4,--,5,6200,买盘
800,10:42:44,12.4,-0.01,251,311240,卖盘
801,10:42:39,12.41,-0.01,25,31025,卖盘
802,10:42:29,12.42,--,17,21114,卖盘
803,10:42:24,12.42,--,9,11178,卖盘
804,10:42:14,12.42,-0.01,161,199962,卖盘
805,10:42:09,12.43,--,7,8701,卖盘
806,10:42:03,12.43,--,15,18645,卖盘
807,10:41:53,12.43,--,6,7458,卖盘
808,10:41:48,12.43,-0.02,45,55935,卖盘
809,10:41:32,12.45,0.02,13,16184,买盘
810,10:41:29,12.43,-0.02,20,24860,卖盘
811,10:41:24,12.45,-0.01,18,22410,卖盘
812,10:41:18,12.46,0.01,1,1246,买盘
813,10:41:14,12.45,-0.01,4,4980,卖盘
814,10:41:08,12.46,-0.01,3,3738,卖盘
815,10:40:59,12.47,--,0,0,中性盘
816,10:40:53,12.47,--,5,6235,卖盘
817,10:40:48,12.47,--,6,7482,卖盘
818,10:40:44,12.47,-0.01,10,12470,卖盘
819,10:40:38,12.48,--,38,47424,买盘
820,10:40:32,12.48,--,53,66144,卖盘
821,10:40:29,12.48,-0.01,5,6240,卖盘
822,10:40:18,12.49,--,14,17486,买盘
823,10:40:14,12.49,--,101,126149,买盘
824,10:40:09,12.49,-0.01,638,796862,卖盘
825,10:40:03,12.5,-0.01,88,110625,卖盘
826,10:39:54,12.51,0.01,11,13761,买盘
827,10:39:48,12.5,-0.01,133,166250,卖盘
828,10:39:38,12.51,0.01,30,37530,买盘
829,10:39:29,12.5,-0.01,662,827500,卖盘
830,10:39:23,12.51,--,62,77562,卖盘
831,10:39:17,12.51,--,5,6255,卖盘
832,10:39:09,12.51,--,10,12510,卖盘
833,10:38:59,12.51,--,31,38781,卖盘
834,10:38:54,12.51,-0.01,50,62550,卖盘
835,10:38:48,12.52,--,2,2504,买盘
836,10:38:39,12.52,0.01,78,97656,买盘
837,10:38:32,12.51,-0.01,45,56295,卖盘
838,10:38:08,12.52,--,10,12520,买盘
839,10:38:03,12.52,-0.01,124,155248,卖盘
840,10:37:59,12.53,--,1,1253,买盘
841,10:37:53,12.53,--,60,75180,买盘
842,10:37:38,12.53,--,77,96481,买盘
843,10:37:33,12.53,0.01,10,12530,买盘
844,10:37:29,12.52,--,5,6260,卖盘
845,10:37:23,12.52,--,75,93900,卖盘
846,10:37:14,12.52,0.01,12,15024,买盘
847,10:37:09,12.51,-0.01,15,18765,卖盘
848,10:36:59,12.52,--,1,1252,买盘
849,10:36:54,12.52,-0.01,87,108924,卖盘
850,10:36:38,12.53,-0.01,13,16289,买盘
851,10:36:33,12.54,0.01,98,122891,买盘
852,10:36:23,12.53,-0.01,16,20048,卖盘
853,10:36:18,12.54,0.01,76,95304,买盘
854,10:36:13,12.53,-0.01,25,31325,卖盘
855,10:36:09,12.54,--,8,10032,买盘
856,10:36:02,12.54,0.01,106,132924,买盘
857,10:35:57,12.53,--,7,8771,卖盘
858,10:35:53,12.53,-0.01,18,22554,卖盘
859,10:35:38,12.54,0.01,101,126653,买盘
860,10:35:32,12.53,--,104,130312,买盘
861,10:35:27,12.53,--,8,10024,买盘
862,10:35:23,12.53,--,0,0,买盘
863,10:35:17,12.53,0.02,32,40096,卖盘
864,10:35:03,12.51,--,0,0,卖盘
865,10:34:57,12.51,--,10,12510,卖盘
866,10:34:53,12.51,-0.03,300,375300,卖盘
867,10:34:42,12.54,-0.01,5,6270,卖盘
868,10:34:38,12.55,0.04,30,37650,买盘
869,10:34:27,12.51,-0.04,250,312750,卖盘
870,10:34:23,12.55,0.01,100,125500,买盘
871,10:34:17,12.54,-0.01,20,25080,卖盘
872,10:34:11,12.55,--,9,11295,买盘
873,10:34:02,12.55,--,232,291160,卖盘
874,10:33:57,12.55,--,55,69025,卖盘
875,10:33:42,12.55,-0.01,62,77810,卖盘
876,10:33:38,12.56,-0.01,13,16328,卖盘
877,10:33:32,12.57,0.01,105,131985,买盘
878,10:33:27,12.56,--,54,67824,卖盘
879,10:33:11,12.56,-0.01,119,149464,卖盘
880,10:33:08,12.57,--,1,1257,买盘
881,10:33:02,12.57,--,82,103074,卖盘
882,10:32:56,12.57,--,10,12570,卖盘
883,10:32:41,12.57,--,5,6285,卖盘
884,10:32:38,12.57,-0.01,46,58965,卖盘
885,10:32:33,12.58,--,10,12580,卖盘
886,10:32:26,12.58,--,20,25160,卖盘
887,10:32:17,12.58,--,55,69303,卖盘
888,10:32:11,12.58,--,5,6290,卖盘
889,10:32:02,12.58,--,14,17612,卖盘
890,10:31:53,12.58,--,50,62900,卖盘
891,10:31:41,12.58,--,23,28934,卖盘
892,10:31:32,12.58,--,7,8806,卖盘
893,10:31:26,12.58,-0.02,30,37740,卖盘
894,10:31:11,12.6,-0.01,8,10080,卖盘
895,10:31:02,12.61,--,165,208065,买盘
896,10:30:56,12.61,--,3,3783,卖盘
897,10:30:38,12.61,--,10,12610,卖盘
898,10:30:32,12.61,-0.01,9,11349,卖盘
899,10:30:11,12.62,--,83,104746,卖盘
900,10:29:56,12.62,--,10,12620,卖盘
901,10:29:52,12.62,--,6,7571,卖盘
902,10:29:41,12.62,--,10,12620,卖盘
903,10:29:32,12.62,--,54,68148,卖盘
904,10:29:26,12.62,--,38,47956,卖盘
905,10:29:17,12.62,-0.01,20,25240,卖盘
906,10:28:47,12.63,-0.02,6,7578,卖盘
907,10:28:32,12.65,0.02,44,55660,买盘
908,10:28:20,12.63,--,28,35364,卖盘
909,10:27:47,12.63,-0.02,2,2526,卖盘
910,10:27:41,12.65,0.02,62,78430,买盘
911,10:27:20,12.63,-0.02,10,12630,卖盘
912,10:27:05,12.65,--,0,0,买盘
913,10:26:41,12.65,0.03,1,1265,买盘
914,10:26:11,12.62,0.01,201,253661,买盘
915,10:26:02,12.61,--,96,121056,买盘
916,10:25:50,12.61,-0.01,18,22698,卖盘
917,10:25:47,12.62,0.01,10,12620,买盘
918,10:25:41,12.61,--,2,2522,卖盘
919,10:25:11,12.61,--,2,2522,卖盘
920,10:25:05,12.61,0.01,10,12610,买盘
921,10:24:50,12.6,-0.02,20,25200,卖盘
922,10:24:41,12.62,--,0,0,买盘
923,10:24:35,12.62,--,2,2524,买盘
924,10:24:31,12.62,--,86,108532,卖盘
925,10:24:11,12.62,--,25,31549,买盘
926,10:24:05,12.62,--,30,37860,买盘
927,10:23:56,12.62,0.02,15,18930,买盘
928,10:23:50,12.6,-0.02,3,3780,卖盘
929,10:23:35,12.62,--,115,145130,买盘
930,10:23:20,12.62,0.02,18,22716,买盘
931,10:23:16,12.6,--,27,34020,买盘
932,10:23:01,12.6,0.02,1,1260,买盘
933,10:22:50,12.58,-0.01,4,5032,卖盘
934,10:22:46,12.59,--,5,6295,买盘
935,10:22:41,12.59,--,11,13849,买盘
936,10:22:35,12.59,--,2,2518,买盘
937,10:22:26,12.59,--,50,62950,卖盘
938,10:21:56,12.59,-0.01,10,12590,买盘
939,10:21:35,12.6,--,0,0,买盘
940,10:21:11,12.6,--,30,37800,卖盘
941,10:21:05,12.6,--,1,1260,卖盘
942,10:20:59,12.6,0.02,105,132300,买盘
943,10:20:56,12.58,--,31,38998,买盘
944,10:20:44,12.58,--,52,65416,卖盘
945,10:20:41,12.58,--,3,3774,卖盘
946,10:20:35,12.58,-0.01,33,41514,卖盘
947,10:20:26,12.59,0.01,5,6295,买盘
948,10:20:20,12.58,--,0,0,卖盘
949,10:20:14,12.58,-0.01,31,38998,卖盘
950,10:19:59,12.59,-0.01,80,100720,卖盘
951,10:19:56,12.6,--,3,3780,卖盘
952,10:19:50,12.6,--,10,12600,卖盘
953,10:19:35,12.6,--,19,23940,卖盘
954,10:19:29,12.6,-0.01,4,5040,卖盘
955,10:19:26,12.61,0.01,10,12610,买盘
956,10:19:20,12.6,-0.01,94,118440,卖盘
957,10:19:14,12.61,-0.01,4,5044,卖盘
958,10:19:11,12.62,0.01,30,37860,买盘
959,10:19:05,12.61,-0.01,72,90792,卖盘
960,10:18:50,12.62,-0.03,107,135034,卖盘
961,10:18:29,12.65,--,94,118910,卖盘
962,10:18:20,12.65,-0.01,10,12650,卖盘
963,10:18:14,12.66,--,1,1266,买盘
964,10:17:59,12.66,0.01,30,37980,买盘
965,10:17:56,12.65,-0.01,22,27830,卖盘
966,10:17:41,12.66,-0.02,11,13926,卖盘
967,10:17:35,12.68,0.02,15,19020,买盘
968,10:17:20,12.66,-0.02,1,1266,卖盘
969,10:17:05,12.68,--,9,11412,卖盘
970,10:16:59,12.68,--,1,1268,买盘
971,10:16:29,12.68,--,0,0,中性盘
972,10:16:25,12.68,--,7,8876,卖盘
973,10:16:14,12.68,--,10,12680,卖盘
974,10:16:10,12.68,--,2,2536,买盘
975,10:16:05,12.68,--,100,126800,买盘
976,10:15:50,12.68,--,1,1268,买盘
977,10:15:35,12.68,-0.01,2,2536,卖盘
978,10:15:29,12.69,--,0,0,买盘
979,10:15:25,12.69,0.04,100,126900,买盘
980,10:15:20,12.65,--,2,2530,卖盘
981,10:15:14,12.65,--,0,0,卖盘
982,10:15:10,12.65,--,7,8855,卖盘
983,10:14:59,12.65,-0.05,1,1265,卖盘
984,10:14:50,12.7,--,0,0,买盘
985,10:14:44,12.7,0.02,10,12700,买盘
986,10:14:35,12.68,--,12,15216,卖盘
987,10:14:29,12.68,--,13,16484,卖盘
988,10:14:20,12.68,--,25,31700,买盘
989,10:14:05,12.68,--,8,10144,卖盘
990,10:13:59,12.68,0.01,22,27896,买盘
991,10:13:44,12.67,--,11,13937,买盘
992,10:13:35,12.67,-0.01,33,42963,卖盘
993,10:13:29,12.68,0.01,61,77348,买盘
994,10:13:23,12.67,--,7,8869,卖盘
995,10:13:20,12.67,-0.01,20,25340,卖盘
996,10:13:14,12.68,0.01,20,25360,买盘
997,10:13:05,12.67,-0.01,30,38010,卖盘
998,10:12:59,12.68,0.01,21,26628,买盘
999,10:12:53,12.67,--,50,63350,卖盘
1000,10:12:50,12.67,--,13,16585,卖盘
1001,10:12:44,12.67,--,8,10136,卖盘
1002,10:12:38,12.67,--,9,11403,卖盘
1003,10:12:23,12.67,-0.01,40,50680,卖盘
1004,10:11:59,12.68,0.01,5,6340,买盘
1005,10:11:38,12.67,-0.01,5,6335,卖盘
1006,10:11:23,12.68,0.01,27,34236,买盘
1007,10:11:14,12.67,--,199,252133,卖盘
1008,10:11:08,12.67,-0.01,5,6335,卖盘
1009,10:10:59,12.68,--,5,6340,买盘
1010,10:10:53,12.68,0.01,10,12680,买盘
1011,10:10:50,12.67,-0.01,30,38010,卖盘
1012,10:10:38,12.68,--,42,53256,买盘
1013,10:10:35,12.68,0.01,185,234580,买盘
1014,10:10:29,12.67,--,10,12670,卖盘
1015,10:10:23,12.67,--,257,325619,卖盘
1016,10:10:08,12.67,0.05,97,122899,买盘
1017,10:09:59,12.62,--,11,13882,卖盘
1018,10:09:44,12.62,--,15,18930,卖盘
1019,10:09:38,12.62,--,1,1262,卖盘
1020,10:09:29,12.62,--,30,37860,卖盘
1021,10:09:19,12.62,-0.01,69,87078,卖盘
1022,10:09:08,12.63,--,30,37890,卖盘
1023,10:09:04,12.63,-0.01,192,242496,卖盘
1024,10:08:59,12.64,0.01,5,6320,买盘
1025,10:08:38,12.63,-0.02,15,18945,卖盘
1026,10:08:29,12.65,--,9,11385,买盘
1027,10:08:23,12.65,0.01,4,5060,买盘
1028,10:08:14,12.64,-0.01,5,6320,卖盘
1029,10:07:59,12.65,--,13,16445,买盘
1030,10:07:53,12.65,--,2,2530,买盘
1031,10:07:38,12.65,--,10,12650,买盘
1032,10:07:23,12.65,--,10,12650,卖盘
1033,10:07:14,12.65,-0.02,18,22770,卖盘
1034,10:07:08,12.67,0.02,100,126700,买盘
1035,10:07:04,12.65,--,20,25300,卖盘
1036,10:06:53,12.65,--,2,2530,卖盘
1037,10:06:44,12.65,--,26,32890,买盘
1038,10:06:38,12.65,--,6,7590,买盘
1039,10:06:17,12.65,0.02,1,1265,买盘
1040,10:05:59,12.63,0.01,51,64413,买盘
1041,10:05:44,12.62,--,4,5048,卖盘
1042,10:05:32,12.62,0.01,23,29026,买盘
1043,10:05:23,12.61,-0.01,1,1261,中性盘
1044,10:05:02,12.62,0.02,6,7571,买盘
1045,10:04:59,12.6,--,52,65520,卖盘
1046,10:04:32,12.6,--,20,25200,卖盘
1047,10:04:17,12.6,0.01,32,40320,买盘
1048,10:04:08,12.59,-0.01,1,1259,卖盘
1049,10:04:02,12.6,--,20,25200,买盘
1050,10:03:58,12.6,0.02,8,10080,买盘
1051,10:03:38,12.58,--,257,323306,买盘
1052,10:03:32,12.58,--,22,27676,买盘
1053,10:03:28,12.58,--,5,6290,买盘
1054,10:03:23,12.58,--,25,31450,买盘
1055,10:03:13,12.58,--,35,44030,买盘
1056,10:03:08,12.58,0.01,25,31450,买盘
1057,10:03:02,12.57,--,8,10056,卖盘
1058,10:02:58,12.57,-0.01,30,37710,卖盘
1059,10:02:53,12.58,--,5,6290,买盘
1060,10:02:47,12.58,--,20,25160,买盘
1061,10:02:43,12.58,--,9,11322,买盘
1062,10:02:38,12.58,--,154,193732,买盘
1063,10:02:23,12.58,-0.02,636,800088,卖盘
1064,10:02:17,12.6,--,5,6300,卖盘
1065,10:01:53,12.6,0.01,77,97020,买盘
1066,10:01:43,12.59,--,40,50360,买盘
1067,10:01:38,12.59,--,65,81835,买盘
1068,10:01:08,12.59,-0.01,66,83094,卖盘
1069,10:00:58,12.6,0.01,1,1260,中性盘
1070,10:00:53,12.59,-0.01,52,65468,卖盘
1071,10:00:47,12.6,0.02,4,5040,买盘
1072,10:00:43,12.58,-0.02,100,125800,卖盘
1073,10:00:37,12.6,0.01,20,25200,买盘
1074,10:00:28,12.59,0.01,5,6295,卖盘
1075,10:00:17,12.58,--,0,0,卖盘
1076,10:00:13,12.58,--,216,271740,卖盘
1077,09:59:53,12.58,-0.03,200,251600,卖盘
1078,09:59:47,12.61,-0.02,54,68094,卖盘
1079,09:59:38,12.63,--,3,3789,卖盘
1080,09:59:17,12.63,-0.02,40,50520,卖盘
1081,09:59:11,12.65,-0.01,30,37950,卖盘
1082,09:58:56,12.66,--,19,24054,卖盘
1083,09:58:41,12.66,-0.01,45,56970,卖盘
1084,09:58:37,12.67,-0.01,1,1267,买盘
1085,09:58:32,12.68,--,78,98904,买盘
1086,09:58:11,12.68,-0.01,56,71008,卖盘
1087,09:58:07,12.69,0.01,11,13959,买盘
1088,09:57:56,12.68,-0.01,5,6340,卖盘
1089,09:57:52,12.69,--,79,100251,买盘
1090,09:57:47,12.69,--,10,12690,买盘
1091,09:57:41,12.69,-0.01,4,5076,卖盘
1092,09:57:37,12.7,--,9,11430,卖盘
1093,09:57:32,12.7,--,17,21590,买盘
1094,09:57:22,12.7,--,39,49530,买盘
1095,09:57:17,12.7,--,18,22860,买盘
1096,09:57:11,12.7,0.02,30,38100,买盘
1097,09:57:07,12.68,-0.02,56,71008,卖盘
1098,09:56:56,12.7,0.02,22,27940,买盘
1099,09:56:47,12.68,--,1,1268,卖盘
1100,09:56:32,12.68,0.01,59,74812,买盘
1101,09:56:26,12.67,-0.01,31,39277,卖盘
1102,09:56:22,12.68,--,20,25360,买盘
1103,09:56:17,12.68,0.01,9,11412,买盘
1104,09:56:11,12.67,--,10,12670,卖盘
1105,09:56:02,12.67,0.01,25,31675,买盘
1106,09:55:41,12.66,0.01,55,69630,买盘
1107,09:55:26,12.65,-0.01,3,3795,卖盘
1108,09:55:22,12.66,--,0,0,买盘
1109,09:55:17,12.66,0.01,30,37980,买盘
1110,09:55:11,12.65,0.02,7,8855,买盘
1111,09:55:02,12.63,--,1,1263,卖盘
1112,09:54:52,12.63,--,10,12630,卖盘
1113,09:54:46,12.63,--,8,10104,买盘
1114,09:54:41,12.63,-0.03,7,8841,买盘
1115,09:54:17,12.66,0.03,40,50640,买盘
1116,09:54:11,12.63,-0.03,57,71991,卖盘
1117,09:53:56,12.66,--,26,32916,买盘
1118,09:53:47,12.66,0.03,4,5064,买盘
1119,09:53:41,12.63,-0.03,30,37890,卖盘
1120,09:53:32,12.66,0.01,145,183570,买盘
1121,09:53:26,12.65,-0.01,353,446545,卖盘
1122,09:53:17,12.66,--,39,49374,卖盘
1123,09:53:11,12.66,-0.01,23,29118,卖盘
1124,09:52:56,12.67,--,11,13937,卖盘
1125,09:52:52,12.67,--,4,5068,卖盘
1126,09:52:47,12.67,0.01,10,12670,卖盘
1127,09:52:41,12.66,0.01,56,70896,卖盘
1128,09:52:37,12.65,--,191,241615,卖盘
1129,09:52:32,12.65,-0.03,70,88550,卖盘
1130,09:52:26,12.68,0.01,15,19020,买盘
1131,09:52:17,12.67,--,11,13937,卖盘
1132,09:52:11,12.67,-0.03,100,126700,卖盘
1133,09:51:56,12.7,-0.02,4,5080,买盘
1134,09:51:50,12.72,0.02,14,17808,买盘
1135,09:51:46,12.7,--,6,7620,卖盘
1136,09:51:41,12.7,--,22,27940,卖盘
1137,09:51:35,12.7,--,56,71120,卖盘
1138,09:51:31,12.7,--,11,13970,卖盘
1139,09:51:26,12.7,--,25,31750,卖盘
1140,09:51:20,12.7,-0.05,40,50800,卖盘
1141,09:51:16,12.75,0.05,12,15300,买盘
1142,09:51:11,12.7,--,5,6350,卖盘
1143,09:51:05,12.7,-0.05,5,6350,卖盘
1144,09:50:56,12.75,--,0,0,买盘
1145,09:50:46,12.75,--,250,318750,买盘
1146,09:50:41,12.75,--,270,344250,卖盘
1147,09:50:35,12.75,-0.02,30,38250,卖盘
1148,09:50:31,12.77,0.01,5,6385,买盘
1149,09:50:26,12.76,--,5,6380,卖盘
1150,09:50:20,12.76,--,10,12760,买盘
1151,09:50:16,12.76,--,1,1276,卖盘
1152,09:50:11,12.76,-0.02,21,26796,卖盘
1153,09:50:01,12.78,--,0,0,买盘
1154,09:49:56,12.78,--,48,61344,买盘
1155,09:49:46,12.78,--,1,1278,买盘
1156,09:49:41,12.78,--,5,6390,卖盘
1157,09:49:35,12.78,-0.02,22,28116,卖盘
1158,09:49:31,12.8,--,150,192000,买盘
1159,09:49:26,12.8,0.01,72,92160,买盘
1160,09:49:10,12.79,--,2,2558,卖盘
1161,09:49:05,12.79,0.03,18,23022,买盘
1162,09:49:01,12.76,-0.02,2,2552,卖盘
1163,09:48:56,12.78,0.02,5,6390,买盘
1164,09:48:50,12.76,--,42,53592,卖盘
1165,09:48:46,12.76,-0.02,95,121220,卖盘
1166,09:48:40,12.78,--,32,40896,中性盘
1167,09:48:35,12.78,0.02,10,12780,中性盘
1168,09:48:26,12.76,-0.02,43,54868,卖盘
1169,09:48:20,12.78,0.02,97,123966,买盘
1170,09:48:16,12.76,0.01,20,25520,中性盘
1171,09:48:11,12.75,-0.01,67,85425,卖盘
1172,09:48:01,12.76,0.01,1,1276,买盘
1173,09:47:50,12.75,--,19,24225,卖盘
1174,09:47:46,12.75,--,1,1275,卖盘
1175,09:47:41,12.75,0.01,84,107100,买盘
1176,09:47:35,12.74,0.01,48,61152,中性盘
1177,09:47:25,12.73,-0.02,10,12730,卖盘
1178,09:47:20,12.75,0.02,20,25500,买盘
1179,09:47:10,12.73,-0.02,10,12730,卖盘
1180,09:47:05,12.75,--,0,0,买盘
1181,09:47:01,12.75,0.02,6,7650,买盘
1182,09:46:55,12.73,-0.01,79,100567,卖盘
1183,09:46:50,12.74,-0.03,15,19110,卖盘
1184,09:46:41,12.77,0.02,8,10216,买盘
1185,09:46:35,12.75,-0.02,15,19125,卖盘
1186,09:46:31,12.77,-0.03,30,38310,买盘
1187,09:46:25,12.8,--,0,0,买盘
1188,09:46:20,12.8,0.03,10,12800,买盘
1189,09:46:10,12.77,--,0,0,买盘
1190,09:46:05,12.77,-0.03,37,47249,卖盘
1191,09:45:55,12.8,0.06,169,216320,买盘
1192,09:45:50,12.74,-0.01,29,36946,买盘
1193,09:45:45,12.75,-0.05,71,90525,卖盘
1194,09:45:41,12.8,--,233,298240,卖盘
1195,09:45:35,12.8,--,31,39680,卖盘
1196,09:45:31,12.8,-0.01,24,30720,卖盘
1197,09:45:25,12.81,--,75,96075,买盘
1198,09:45:20,12.81,0.01,39,49959,买盘
1199,09:45:14,12.8,--,13,16640,买盘
1200,09:45:11,12.8,--,103,131840,买盘
1201,09:45:05,12.8,-0.03,57,72960,卖盘
1202,09:44:59,12.83,0.03,40,51320,买盘
1203,09:44:55,12.8,--,64,81920,卖盘
1204,09:44:50,12.8,--,23,29440,卖盘
1205,09:44:44,12.8,0.05,352,450560,买盘
1206,09:44:41,12.75,-0.04,110,140250,买盘
1207,09:44:35,12.79,0.04,500,639500,买盘
1208,09:44:29,12.75,-0.01,49,62475,卖盘
1209,09:44:25,12.76,0.01,10,12760,卖盘
1210,09:44:20,12.75,0.02,41,52275,中性盘
1211,09:44:14,12.73,-0.01,43,54739,卖盘
1212,09:44:05,12.74,0.02,5,6370,中性盘
1213,09:43:59,12.72,-0.01,70,89040,中性盘
1214,09:43:50,12.73,0.03,1,1273,买盘
1215,09:43:44,12.7,--,0,0,卖盘
1216,09:43:40,12.7,-0.07,10,12700,卖盘
1217,09:43:35,12.77,0.07,100,127700,买盘
1218,09:43:29,12.7,0.01,82,104140,买盘
1219,09:43:20,12.69,0.01,52,65988,买盘
1220,09:43:14,12.68,--,1,1268,卖盘
1221,09:43:10,12.68,--,97,122996,买盘
1222,09:43:04,12.68,--,88,111584,买盘
1223,09:42:59,12.68,0.01,1,1268,买盘
1224,09:42:55,12.67,-0.01,22,27874,卖盘
1225,09:42:49,12.68,0.01,152,192736,买盘
1226,09:42:44,12.67,--,13,16471,买盘
1227,09:42:35,12.67,0.01,30,38010,买盘
1228,09:42:29,12.66,--,71,89886,买盘
1229,09:42:25,12.66,0.01,67,84822,买盘
1230,09:42:19,12.65,-0.01,35,44275,卖盘
1231,09:42:14,12.66,--,10,12660,买盘
1232,09:42:10,12.66,0.01,23,29118,买盘
1233,09:41:59,12.65,--,32,40480,买盘
1234,09:41:55,12.65,--,92,116380,买盘
1235,09:41:49,12.65,--,5,6325,买盘
1236,09:41:35,12.65,0.01,30,37950,买盘
1237,09:41:29,12.64,--,14,17696,买盘
1238,09:41:25,12.64,0.01,17,21488,买盘
1239,09:41:19,12.63,--,103,130089,卖盘
1240,09:41:14,12.63,--,2,2526,卖盘
1241,09:41:04,12.63,0.01,40,50520,买盘
1242,09:40:59,12.62,--,2,2524,卖盘
1243,09:40:49,12.62,--,36,45432,卖盘
1244,09:40:44,12.62,--,105,132510,卖盘
1245,09:40:40,12.62,0.03,213,268806,买盘
1246,09:40:34,12.59,-0.01,108,135972,卖盘
1247,09:40:29,12.6,--,2,2520,买盘
1248,09:40:25,12.6,0.02,4,5040,买盘
1249,09:40:19,12.58,--,1,1258,卖盘
1250,09:40:14,12.58,-0.04,2,2516,卖盘
1251,09:40:10,12.62,--,0,0,买盘
1252,09:40:04,12.62,0.04,550,694100,买盘
1253,09:39:59,12.58,--,473,595034,卖盘
1254,09:39:55,12.58,--,15,18870,卖盘
1255,09:39:49,12.58,-0.04,30,37740,卖盘
1256,09:39:44,12.62,0.04,37,46694,买盘
1257,09:39:40,12.58,-0.04,60,75480,卖盘
1258,09:39:34,12.62,-0.01,238,300356,卖盘
1259,09:39:29,12.63,--,88,111144,买盘
1260,09:39:24,12.63,-0.01,20,25260,卖盘
1261,09:39:19,12.64,0.01,45,56880,买盘
1262,09:39:14,12.63,-0.01,15,18945,卖盘
1263,09:39:09,12.64,--,50,63200,买盘
1264,09:39:04,12.64,--,12,15168,买盘
1265,09:38:54,12.64,-0.01,49,61936,卖盘
1266,09:38:49,12.65,0.01,15,18975,买盘
1267,09:38:39,12.64,0.02,15,18960,买盘
1268,09:38:34,12.62,--,37,46694,卖盘
1269,09:38:29,12.62,0.01,79,99698,买盘
1270,09:38:14,12.61,--,5,6305,卖盘
1271,09:38:09,12.61,0.01,37,46657,买盘
1272,09:38:04,12.6,--,2,2520,卖盘
1273,09:37:59,12.6,--,24,30240,买盘
1274,09:37:53,12.6,0.02,38,47880,买盘
1275,09:37:49,12.58,-0.02,15,18870,卖盘
1276,09:37:44,12.6,--,46,57960,买盘
1277,09:37:38,12.6,0.02,2,2520,买盘
1278,09:37:34,12.58,--,3,3774,卖盘
1279,09:37:29,12.58,-0.02,16,20128,中性盘
1280,09:37:23,12.6,0.03,302,380520,买盘
1281,09:37:19,12.57,-0.01,12,15084,卖盘
1282,09:37:14,12.58,0.01,1,1258,买盘
1283,09:37:08,12.57,0.01,20,25140,中性盘
1284,09:37:04,12.56,-0.02,44,55264,卖盘
1285,09:36:58,12.58,0.01,62,77996,买盘
1286,09:36:53,12.57,--,12,15084,买盘
1287,09:36:49,12.57,--,0,0,中性盘
1288,09:36:43,12.57,0.01,16,20112,买盘
1289,09:36:38,12.56,-0.01,40,50240,卖盘
1290,09:36:28,12.57,-0.01,29,36453,卖盘
1291,09:36:23,12.58,--,50,62900,卖盘
1292,09:36:19,12.58,0.01,39,49062,买盘
1293,09:36:13,12.57,-0.01,50,62850,卖盘
1294,09:36:04,12.58,--,2,2516,买盘
1295,09:35:58,12.58,--,6,7548,卖盘
1296,09:35:53,12.58,-0.01,84,105672,卖盘
1297,09:35:38,12.59,0.01,1,1259,买盘
1298,09:35:34,12.58,--,8,10064,卖盘
1299,09:35:28,12.58,--,13,16354,卖盘
1300,09:35:23,12.58,--,15,18870,买盘
1301,09:35:13,12.58,0.01,5,6290,买盘
1302,09:35:08,12.57,-0.01,5,6285,卖盘
1303,09:35:04,12.58,--,0,0,买盘
1304,09:34:58,12.58,--,84,105672,买盘
1305,09:34:53,12.58,--,94,118252,买盘
1306,09:34:49,12.58,--,0,0,买盘
1307,09:34:43,12.58,0.01,144,181152,买盘
1308,09:34:28,12.57,0.01,13,16341,中性盘
1309,09:34:23,12.56,-0.01,50,62800,卖盘
1310,09:34:13,12.57,--,49,61593,买盘
1311,09:34:08,12.57,0.01,3,3771,买盘
1312,09:33:58,12.56,0.01,67,84152,买盘
1313,09:33:53,12.55,-0.01,20,25100,卖盘
1314,09:33:49,12.56,--,2,2512,买盘
1315,09:33:43,12.56,--,228,286368,卖盘
1316,09:33:38,12.56,0.01,54,67824,买盘
1317,09:33:34,12.55,--,25,31375,卖盘
1318,09:33:23,12.55,-0.01,6,7530,卖盘
1319,09:33:13,12.56,--,3,3768,买盘
1320,09:33:08,12.56,0.02,40,50240,买盘
1321,09:33:04,12.54,-0.01,10,12540,卖盘
1322,09:32:58,12.55,--,20,25100,买盘
1323,09:32:53,12.55,--,5,6275,买盘
1324,09:32:49,12.55,0.01,3,3765,买盘
1325,09:32:43,12.54,--,0,0,卖盘
1326,09:32:38,12.54,-0.01,128,160512,卖盘
1327,09:32:33,12.55,0.02,34,42670,买盘
1328,09:32:28,12.53,-0.02,14,17542,卖盘
1329,09:32:23,12.55,0.02,13,16315,买盘
1330,09:32:13,12.53,-0.02,6,7518,卖盘
1331,09:32:03,12.55,--,50,62750,买盘
1332,09:31:58,12.55,0.03,30,37650,中性盘
1333,09:31:38,12.52,-0.06,5,6260,卖盘
1334,09:31:33,12.58,0.06,20,25160,买盘
1335,09:30:58,12.52,--,10,12520,买盘
1336,09:30:53,12.52,0.01,1,1252,买盘
1337,09:30:47,12.51,-0.07,20,25020,卖盘
1338,09:30:37,12.58,--,0,0,买盘
1339,09:30:32,12.58,0.07,11,13838,买盘
1340,09:30:28,12.51,--,10,12510,卖盘
1341,09:30:13,12.51,--,42,52542,卖盘
1342,09:30:07,12.51,0.01,125,156375,买盘
1343,09:28:44,12.5,--,0,0,卖盘
1344,09:25:01,12.5,12.5,426,533125,买盘
