,time,price,change,volume,amount,type
0,15:00:00,9.72,--,0,0,卖盘
1,15:00:00,9.72,--,1,972,卖盘
2,14:59:58,9.72,--,91,88452,卖盘
3,14:59:53,9.72,--,5,4860,卖盘
4,14:59:47,9.72,--,36,34992,卖盘
5,14:59:43,9.72,0.01,544,529254,买盘
6,14:59:38,9.71,-0.01,40,38840,卖盘
7,14:59:32,9.72,0.01,1038,1008936,买盘
8,14:59:28,9.71,-0.01,280,271880,卖盘
9,14:59:23,9.72,--,139,135108,买盘
10,14:59:17,9.72,0.01,223,216756,买盘
11,14:59:13,9.71,-0.01,45,43695,卖盘
12,14:59:08,9.72,0.01,40,38880,买盘
13,14:59:02,9.71,-0.01,75,72825,卖盘
14,14:58:58,9.72,--,17,16524,买盘
15,14:58:53,9.72,--,282,274104,买盘
16,14:58:47,9.72,--,105,102060,买盘
17,14:58:43,9.72,0.01,256,248832,买盘
18,14:58:38,9.71,-0.01,54,52434,卖盘
19,14:58:32,9.72,--,20,19440,买盘
20,14:58:28,9.72,--,1291,1254852,买盘
21,14:58:23,9.72,--,7,6804,卖盘
22,14:58:17,9.72,0.01,75,72900,买盘
23,14:58:13,9.71,-0.01,709,688439,卖盘
24,14:58:08,9.72,0.01,159,154548,买盘
25,14:58:02,9.71,--,6,5826,卖盘
26,14:57:58,9.71,-0.01,446,433066,卖盘
27,14:57:53,9.72,0.01,169,164268,买盘
28,14:57:47,9.71,-0.01,568,551528,卖盘
29,14:57:43,9.72,--,228,221616,买盘
30,14:57:38,9.72,--,141,137052,买盘
31,14:57:32,9.72,0.01,123,119556,买盘
32,14:57:28,9.71,--,348,337908,卖盘
33,14:57:23,9.71,-0.01,6,5826,卖盘
34,14:57:17,9.72,--,10,9720,中性盘
35,14:57:13,9.72,--,66,65075,卖盘
36,14:57:08,9.72,--,25,24300,卖盘
37,14:57:02,9.72,--,91,88452,卖盘
38,14:56:58,9.72,--,538,522984,买盘
39,14:56:53,9.72,--,1014,985608,买盘
40,14:56:47,9.72,0.01,120,116640,买盘
41,14:56:43,9.71,-0.01,293,284988,卖盘
42,14:56:38,9.72,0.01,47,45684,买盘
43,14:56:32,9.71,-0.01,67,65057,卖盘
44,14:56:28,9.72,0.01,329,319788,买盘
45,14:56:23,9.71,--,105,101955,卖盘
46,14:56:17,9.71,--,688,668048,卖盘
47,14:56:13,9.71,--,414,401994,卖盘
48,14:56:08,9.71,--,8,7768,卖盘
49,14:56:02,9.71,-0.01,140,135940,卖盘
50,14:55:58,9.72,--,310,301320,买盘
51,14:55:53,9.72,0.01,11,10692,买盘
52,14:55:47,9.71,-0.01,55,53405,卖盘
53,14:55:43,9.72,0.01,25,24300,买盘
54,14:55:38,9.71,-0.01,180,174780,卖盘
55,14:55:32,9.72,0.01,60,58320,买盘
56,14:55:28,9.71,-0.01,268,260412,卖盘
57,14:55:23,9.72,--,13,12636,卖盘
58,14:55:17,9.72,--,699,679428,卖盘
59,14:55:13,9.72,--,376,365472,卖盘
60,14:55:08,9.72,--,289,280908,卖盘
61,14:55:02,9.72,-0.01,132,128304,卖盘
62,14:54:56,9.73,0.01,89,86597,买盘
63,14:54:52,9.72,--,26,25272,卖盘
64,14:54:47,9.72,-0.01,108,105257,卖盘
65,14:54:41,9.73,--,272,264656,买盘
66,14:54:37,9.73,0.01,100,97300,买盘
67,14:54:32,9.72,-0.01,30,29160,卖盘
68,14:54:26,9.73,--,25,24325,买盘
69,14:54:22,9.73,--,22,21406,买盘
70,14:54:17,9.73,--,402,391146,卖盘
71,14:54:11,9.73,--,222,216006,卖盘
72,14:54:07,9.73,--,20,19460,卖盘
73,14:54:02,9.73,--,113,109949,买盘
74,14:53:56,9.73,--,21,20433,买盘
75,14:53:52,9.73,-0.01,93,90489,中性盘
76,14:53:47,9.74,0.01,1092,1063608,买盘
77,14:53:41,9.73,--,329,320117,卖盘
78,14:53:37,9.73,--,28,27244,卖盘
79,14:53:32,9.73,-0.01,19,18487,卖盘
80,14:53:26,9.74,0.01,9,8766,买盘
81,14:53:22,9.73,-0.01,22,21406,卖盘
82,14:53:17,9.74,0.01,11,10714,卖盘
83,14:53:11,9.73,--,43,41839,卖盘
84,14:53:07,9.73,--,107,104471,卖盘
85,14:53:02,9.73,-0.01,6,5838,卖盘
86,14:52:56,9.74,--,26,25324,买盘
87,14:52:52,9.74,--,469,456806,买盘
88,14:52:47,9.74,--,13,12662,卖盘
89,14:52:41,9.74,--,180,175320,卖盘
90,14:52:37,9.74,--,239,232786,卖盘
91,14:52:32,9.74,--,35,34090,卖盘
92,14:52:26,9.74,0.02,255,248516,买盘
93,14:52:22,9.72,-0.02,198,193282,卖盘
94,14:52:17,9.74,0.01,32,31801,买盘
95,14:52:11,9.73,--,150,145950,卖盘
96,14:52:07,9.73,--,58,56434,卖盘
97,14:52:02,9.73,--,20,19460,卖盘
98,14:51:56,9.73,--,77,74921,卖盘
99,14:51:52,9.73,--,817,794941,卖盘
100,14:51:47,9.73,--,24,23352,卖盘
101,14:51:41,9.73,-0.01,137,133301,卖盘
102,14:51:37,9.74,0.01,28,27272,中性盘
103,14:51:32,9.73,--,48,46704,卖盘
104,14:51:26,9.73,-0.02,485,472391,卖盘
105,14:51:22,9.75,0.02,52,50700,买盘
106,14:51:17,9.73,--,1,973,卖盘
107,14:51:11,9.73,-0.02,48,46704,卖盘
108,14:51:07,9.75,--,145,141375,买盘
109,14:51:02,9.75,0.02,7,6825,买盘
110,14:50:56,9.73,--,191,185843,卖盘
111,14:50:52,9.73,-0.02,151,146923,卖盘
112,14:50:47,9.75,0.02,20,19500,买盘
113,14:50:41,9.73,-0.02,41,39893,卖盘
114,14:50:37,9.75,--,27,26325,卖盘
115,14:50:32,9.75,-0.01,6,5850,卖盘
116,14:50:26,9.76,--,10,9760,买盘
117,14:50:22,9.76,--,1,976,买盘
118,14:50:17,9.76,0.03,8,7808,买盘
119,14:50:11,9.73,0.01,87,84651,中性盘
120,14:50:07,9.72,-0.04,912,886464,卖盘
121,14:50:02,9.76,--,4,3904,卖盘
122,14:49:56,9.76,--,33,32208,卖盘
123,14:49:52,9.76,-0.01,6,5856,卖盘
124,14:49:47,9.77,--,29,28333,买盘
125,14:49:41,9.77,--,50,48850,买盘
126,14:49:37,9.77,--,4,3908,卖盘
127,14:49:32,9.77,-0.01,2,1954,卖盘
128,14:49:26,9.78,0.01,88,86064,买盘
129,14:49:22,9.77,--,158,154366,卖盘
130,14:49:16,9.77,--,20,19540,卖盘
131,14:49:11,9.77,--,107,104539,卖盘
132,14:49:07,9.77,--,153,149481,卖盘
133,14:49:01,9.77,--,81,79137,卖盘
134,14:48:56,9.77,--,6,5862,卖盘
135,14:48:52,9.77,0.01,204,199308,卖盘
136,14:48:47,9.76,0.01,155,151280,买盘
137,14:48:41,9.75,0.01,45,43875,卖盘
138,14:48:36,9.74,-0.04,7,6818,卖盘
139,14:48:31,9.78,0.03,200,195600,买盘
140,14:48:26,9.75,--,712,694200,买盘
141,14:48:21,9.75,0.01,58,56550,买盘
142,14:48:16,9.74,-0.01,6,5844,卖盘
143,14:48:11,9.75,-0.01,81,78975,卖盘
144,14:48:01,9.76,0.01,22,21472,买盘
145,14:47:56,9.75,--,77,75075,卖盘
146,14:47:51,9.75,-0.02,90,87750,卖盘
147,14:47:46,9.77,--,40,39080,买盘
148,14:47:41,9.77,0.02,198,193446,买盘
149,14:47:35,9.75,-0.02,51,49725,卖盘
150,14:47:26,9.77,0.01,52,50804,买盘
151,14:47:20,9.76,-0.01,5,4880,卖盘
152,14:47:16,9.77,-0.02,37,36149,卖盘
153,14:47:10,9.79,0.02,23,22516,买盘
154,14:47:05,9.77,--,5,4885,卖盘
155,14:47:01,9.77,--,59,57643,卖盘
156,14:46:55,9.77,--,340,332180,卖盘
157,14:46:50,9.77,--,77,75229,卖盘
158,14:46:46,9.77,-0.01,6,5862,卖盘
159,14:46:35,9.78,--,18,17604,买盘
160,14:46:31,9.78,0.01,33,32273,买盘
161,14:46:25,9.77,--,6,5862,卖盘
162,14:46:20,9.77,-0.01,23,22471,卖盘
163,14:46:16,9.78,0.01,31,30317,买盘
164,14:46:10,9.77,0.01,152,148504,买盘
165,14:46:05,9.76,0.01,3,2928,卖盘
166,14:46:01,9.75,--,0,0,卖盘
167,14:45:55,9.75,-0.01,29,28275,卖盘
168,14:45:50,9.76,-0.01,4,3904,买盘
169,14:45:46,9.77,0.01,5759,5626543,买盘
170,14:45:31,9.76,--,0,0,中性盘
171,14:45:25,9.76,--,1,976,买盘
172,14:45:20,9.76,0.02,97,94672,买盘
173,14:45:16,9.74,--,138,134412,卖盘
174,14:45:05,9.74,-0.04,31,30194,卖盘
175,14:45:01,9.78,0.04,40,39120,买盘
176,14:44:55,9.74,-0.04,1500,1461000,卖盘
177,14:44:50,9.78,--,0,0,买盘
178,14:44:46,9.78,--,5,4890,买盘
179,14:44:40,9.78,--,0,0,买盘
180,14:44:35,9.78,-0.01,8,7823,买盘
181,14:44:31,9.79,0.06,12,11747,买盘
182,14:44:25,9.73,-0.02,202,196546,卖盘
183,14:44:20,9.75,-0.03,500,487500,卖盘
184,14:44:16,9.78,-0.02,10,9780,卖盘
185,14:44:05,9.8,0.01,41,40180,买盘
186,14:44:01,9.79,--,11,10768,买盘
187,14:43:55,9.79,-0.01,61,59718,卖盘
188,14:43:50,9.8,--,0,0,买盘
189,14:43:46,9.8,--,11,10780,买盘
190,14:43:40,9.8,--,20,19600,买盘
191,14:43:35,9.8,0.02,1,980,买盘
192,14:43:31,9.78,--,126,123227,卖盘
193,14:43:25,9.78,--,11,10758,卖盘
194,14:43:20,9.78,-0.02,43,42054,卖盘
195,14:43:10,9.8,0.02,14,13720,买盘
196,14:43:05,9.78,0.01,10,9780,卖盘
197,14:43:01,9.77,-0.03,30,29310,卖盘
198,14:42:55,9.8,0.03,1,980,买盘
199,14:42:50,9.77,-0.01,115,112355,中性盘
200,14:42:46,9.78,--,6,5868,买盘
201,14:42:35,9.78,0.01,44,43032,买盘
202,14:42:25,9.77,-0.02,15,14655,中性盘
203,14:42:20,9.79,0.07,67,65593,买盘
204,14:42:16,9.72,-0.06,1000,972000,卖盘
205,14:42:05,9.78,0.01,149,146211,买盘
206,14:42:01,9.77,--,28,27356,买盘
207,14:41:55,9.77,0.01,36,35172,买盘
208,14:41:45,9.76,--,100,97600,卖盘
209,14:41:40,9.76,0.02,302,295093,买盘
210,14:41:35,9.74,--,10,9740,卖盘
211,14:41:30,9.74,0.01,109,106166,买盘
212,14:41:25,9.73,-0.01,43,41839,卖盘
213,14:41:20,9.74,0.01,475,462650,买盘
214,14:41:15,9.73,--,22,21406,卖盘
215,14:41:10,9.73,--,41,39893,卖盘
216,14:41:05,9.73,--,58,56434,卖盘
217,14:41:00,9.73,-0.01,23,22379,卖盘
218,14:40:55,9.74,0.01,10,9740,买盘
219,14:40:50,9.73,--,6,5838,卖盘
220,14:40:45,9.73,-0.01,12,11676,买盘
221,14:40:40,9.74,--,0,0,买盘
222,14:40:34,9.74,0.02,75,73050,买盘
223,14:40:30,9.72,-0.02,914,889166,卖盘
224,14:40:25,9.74,0.01,74,72076,买盘
225,14:40:15,9.73,--,876,852348,卖盘
226,14:40:10,9.73,--,31,30163,卖盘
227,14:39:59,9.73,-0.01,227,220871,卖盘
228,14:39:55,9.74,--,2,1948,卖盘
229,14:39:49,9.74,0.02,214,208961,买盘
230,14:39:44,9.72,-0.02,70,68487,卖盘
231,14:39:40,9.74,0.01,10,9740,中性盘
232,14:39:34,9.73,--,756,735588,卖盘
233,14:39:29,9.73,--,349,339577,卖盘
234,14:39:25,9.73,-0.01,27,26271,卖盘
235,14:39:19,9.74,--,9,8766,买盘
236,14:39:14,9.74,--,6,5844,买盘
237,14:39:10,9.74,0.01,9,8766,买盘
238,14:39:04,9.73,-0.01,19,18487,卖盘
239,14:38:59,9.74,--,17,16558,卖盘
240,14:38:55,9.74,-0.01,38,37012,卖盘
241,14:38:49,9.75,0.01,117,114075,买盘
242,14:38:44,9.74,-0.01,275,268483,卖盘
243,14:38:40,9.75,--,8,7800,卖盘
244,14:38:34,9.75,0.01,0,341,卖盘
245,14:38:29,9.74,-0.01,178,173372,卖盘
246,14:38:25,9.75,0.01,58,57076,买盘
247,14:38:19,9.74,-0.01,100,97400,卖盘
248,14:38:14,9.75,-0.01,574,560137,卖盘
249,14:38:10,9.76,--,163,159088,买盘
250,14:37:59,9.76,0.01,170,165920,买盘
251,14:37:55,9.75,-0.01,180,175500,卖盘
252,14:37:49,9.76,--,35,34160,卖盘
253,14:37:44,9.76,0.01,191,186416,买盘
254,14:37:40,9.75,--,41,39975,卖盘
255,14:37:29,9.75,-0.01,55,53625,卖盘
256,14:37:25,9.76,--,20,20008,买盘
257,14:37:19,9.76,--,1,976,买盘
258,14:37:14,9.76,--,226,221064,卖盘
259,14:37:10,9.76,--,5,4880,卖盘
260,14:37:04,9.76,--,79,77104,卖盘
261,14:36:59,9.76,-0.01,300,292800,卖盘
262,14:36:55,9.77,0.01,20,19540,买盘
263,14:36:49,9.76,--,68,66368,卖盘
264,14:36:44,9.76,--,41,40016,卖盘
265,14:36:40,9.76,--,89,86864,卖盘
266,14:36:29,9.76,0.01,86,84424,买盘
267,14:36:25,9.75,-0.01,22,21450,卖盘
268,14:36:14,9.76,--,314,307010,卖盘
269,14:36:10,9.76,--,52,50752,卖盘
270,14:36:04,9.76,--,13,12688,卖盘
271,14:35:59,9.76,--,130,126880,卖盘
272,14:35:55,9.76,-0.01,59,57584,卖盘
273,14:35:44,9.77,0.01,10,9770,买盘
274,14:35:39,9.76,--,12,11712,卖盘
275,14:35:29,9.76,--,30,29280,卖盘
276,14:35:25,9.76,-0.01,18,17568,卖盘
277,14:35:19,9.77,0.01,4,3908,买盘
278,14:35:14,9.76,--,355,346909,卖盘
279,14:35:04,9.76,-0.01,2,1952,卖盘
280,14:34:59,9.77,--,15,14655,买盘
281,14:34:54,9.77,--,21,20517,买盘
282,14:34:44,9.77,--,22,21494,买盘
283,14:34:34,9.77,--,50,48850,卖盘
284,14:34:29,9.77,--,14,13678,卖盘
285,14:34:24,9.77,--,42,41034,卖盘
286,14:34:19,9.77,-0.01,33,32241,卖盘
287,14:34:14,9.78,--,27,26406,买盘
288,14:34:09,9.78,0.01,30,29339,买盘
289,14:33:54,9.77,-0.01,91,88907,卖盘
290,14:33:43,9.78,--,1,977,买盘
291,14:33:39,9.78,--,95,92910,买盘
292,14:33:34,9.78,--,68,66504,卖盘
293,14:33:28,9.78,--,31,30317,卖盘
294,14:33:24,9.78,-0.01,11,10758,卖盘
295,14:33:19,9.79,0.01,42,41118,买盘
296,14:33:13,9.78,--,2,1955,卖盘
297,14:33:09,9.78,--,2,1955,卖盘
298,14:33:04,9.78,--,10,9780,买盘
299,14:32:54,9.78,0.02,37,36186,买盘
300,14:32:49,9.76,-0.01,40,39040,卖盘
301,14:32:43,9.77,--,5,4885,买盘
302,14:32:39,9.77,-0.01,64,62528,买盘
303,14:32:34,9.78,0.03,34,33252,买盘
304,14:32:28,9.75,-0.02,85,82875,卖盘
305,14:32:24,9.77,0.02,65,63505,卖盘
306,14:32:08,9.75,-0.03,84,81900,卖盘
307,14:32:04,9.78,0.01,26,25428,买盘
308,14:31:53,9.77,--,1120,1094240,卖盘
309,14:31:49,9.77,--,319,311663,卖盘
310,14:31:38,9.77,0.01,31,30287,买盘
311,14:31:34,9.76,--,21,20496,卖盘
312,14:31:28,9.76,--,6,5856,卖盘
313,14:31:23,9.76,0.01,27,26352,卖盘
314,14:31:19,9.75,--,0,0,卖盘
315,14:31:08,9.75,-0.02,13,12675,卖盘
316,14:31:04,9.77,0.02,119,116263,买盘
317,14:30:58,9.75,-0.03,157,153075,卖盘
318,14:30:53,9.78,0.01,1,977,买盘
319,14:30:49,9.77,--,44,42988,买盘
320,14:30:43,9.77,--,8,7816,买盘
321,14:30:38,9.77,-0.01,1376,1344352,卖盘
322,14:30:34,9.78,0.01,71,69438,买盘
323,14:30:28,9.77,-0.01,46,44942,卖盘
324,14:30:23,9.78,0.01,8,7823,买盘
325,14:30:19,9.77,-0.01,32,31264,卖盘
326,14:30:08,9.78,--,102,99756,卖盘
327,14:29:53,9.78,-0.01,80,78240,卖盘
328,14:29:49,9.79,-0.01,44,43075,卖盘
329,14:29:34,9.8,--,928,909930,卖盘
330,14:29:23,9.8,--,69,67620,卖盘
331,14:29:19,9.8,--,32,31360,卖盘
332,14:29:13,9.8,--,12,11760,卖盘
333,14:29:08,9.8,--,103,100940,卖盘
334,14:29:04,9.8,--,11,10780,卖盘
335,14:28:58,9.8,--,159,155820,卖盘
336,14:28:53,9.8,--,270,264600,卖盘
337,14:28:49,9.8,--,155,151900,卖盘
338,14:28:43,9.8,--,10,9800,卖盘
339,14:28:38,9.8,-0.01,74,72520,卖盘
340,14:28:34,9.81,--,69,67689,买盘
341,14:28:23,9.81,0.01,26,25506,买盘
342,14:28:18,9.8,--,97,95060,卖盘
343,14:28:13,9.8,-0.01,43,42140,卖盘
344,14:28:08,9.81,--,275,269775,卖盘
345,14:28:03,9.81,--,79,77499,买盘
346,14:27:53,9.81,--,70,68670,买盘
347,14:27:48,9.81,--,18,17658,买盘
348,14:27:43,9.81,--,37,36297,卖盘
349,14:27:38,9.81,-0.01,3,2943,卖盘
350,14:27:33,9.82,0.01,4,3928,买盘
351,14:27:23,9.81,-0.01,1,981,卖盘
352,14:27:18,9.82,0.01,69,67758,买盘
353,14:27:13,9.81,-0.01,1,981,卖盘
354,14:27:03,9.82,0.01,4,3928,买盘
355,14:26:48,9.81,0.01,55,53955,中性盘
356,14:26:43,9.8,-0.01,883,865340,卖盘
357,14:26:37,9.81,-0.01,15,14715,卖盘
358,14:26:33,9.82,0.01,50,49100,买盘
359,14:26:28,9.81,-0.01,20,19620,卖盘
360,14:26:18,9.82,--,10,9820,买盘
361,14:26:13,9.82,0.01,98,96236,买盘
362,14:26:07,9.81,--,114,111834,卖盘
363,14:25:58,9.81,--,117,114777,卖盘
364,14:25:52,9.81,--,8,7848,卖盘
365,14:25:48,9.81,--,2,1962,卖盘
366,14:25:43,9.81,-0.01,94,92214,中性盘
367,14:25:37,9.82,0.01,195,191490,买盘
368,14:25:33,9.81,--,199,195709,买盘
369,14:25:28,9.81,--,45,44145,买盘
370,14:25:22,9.81,0.01,49,48069,买盘
371,14:25:13,9.8,-0.02,1,980,卖盘
372,14:25:07,9.82,--,0,0,买盘
373,14:25:03,9.82,0.02,20,19640,买盘
374,14:24:58,9.8,-0.01,543,532140,卖盘
375,14:24:52,9.81,--,345,338445,卖盘
376,14:24:48,9.81,-0.01,66,64746,卖盘
377,14:24:43,9.82,0.01,14,13748,买盘
378,14:24:37,9.81,-0.01,10,9810,卖盘
379,14:24:32,9.82,--,18,17676,买盘
380,14:24:27,9.82,--,17,16694,买盘
381,14:24:17,9.82,--,71,69722,卖盘
382,14:24:12,9.82,-0.01,15,14730,卖盘
383,14:23:57,9.83,--,12,11796,卖盘
384,14:23:52,9.83,0.01,5,4915,卖盘
385,14:23:47,9.82,-0.01,184,180688,卖盘
386,14:23:42,9.83,--,15,14745,买盘
387,14:23:32,9.83,-0.01,16,15728,中性盘
388,14:23:27,9.84,0.02,6,5904,买盘
389,14:23:22,9.82,-0.01,264,259248,卖盘
390,14:23:17,9.83,-0.01,7,6881,卖盘
391,14:23:12,9.84,--,27,26568,买盘
392,14:23:07,9.84,--,0,0,买盘
393,14:23:02,9.84,0.02,100,98400,买盘
394,14:22:57,9.82,-0.02,158,155156,卖盘
395,14:22:52,9.84,0.01,2,1968,买盘
396,14:22:42,9.83,--,50,49150,卖盘
397,14:22:32,9.83,-0.01,10,9830,卖盘
398,14:22:27,9.84,0.01,19,18696,买盘
399,14:22:17,9.83,--,1,983,卖盘
400,14:22:12,9.83,--,15,14745,卖盘
401,14:22:07,9.83,-0.01,23,22609,卖盘
402,14:22:02,9.84,0.01,20,19680,买盘
403,14:21:57,9.83,-0.01,20,19660,卖盘
404,14:21:47,9.84,--,40,39360,买盘
405,14:21:42,9.84,-0.01,522,513648,卖盘
406,14:21:37,9.85,--,16,15760,买盘
407,14:21:32,9.85,--,26,25610,买盘
408,14:21:27,9.85,--,28,27580,买盘
409,14:21:17,9.85,0.01,36,35460,买盘
410,14:21:12,9.84,-0.01,5,4920,卖盘
411,14:21:02,9.85,--,4,3940,买盘
412,14:20:47,9.85,--,47,46787,卖盘
413,14:20:42,9.85,--,251,247727,卖盘
414,14:20:32,9.85,--,28,27580,卖盘
415,14:20:27,9.85,-0.01,5,4925,卖盘
416,14:20:22,9.86,--,2,1972,买盘
417,14:20:17,9.86,--,10,9860,买盘
418,14:20:12,9.86,--,218,215441,卖盘
419,14:20:07,9.86,--,94,92684,卖盘
420,14:20:01,9.86,--,0,0,卖盘
421,14:19:52,9.86,-0.02,78,76908,卖盘
422,14:19:46,9.88,--,50,49400,买盘
423,14:19:42,9.88,--,8,7904,买盘
424,14:19:37,9.88,-0.01,69,68172,中性盘
425,14:19:22,9.89,0.03,18,17802,买盘
426,14:19:16,9.86,-0.02,229,225794,卖盘
427,14:19:12,9.88,-0.01,65,64220,卖盘
428,14:19:07,9.89,--,31,30659,买盘
429,14:19:01,9.89,0.01,7,6923,买盘
430,14:18:57,9.88,-0.01,111,109668,卖盘
431,14:18:52,9.89,0.01,17,16813,买盘
432,14:18:42,9.88,--,10,9880,卖盘
433,14:18:37,9.88,-0.01,1,988,卖盘
434,14:18:31,9.89,--,100,98900,买盘
435,14:18:27,9.89,--,0,0,买盘
436,14:18:22,9.89,--,5,4945,买盘
437,14:18:12,9.89,0.02,20,19780,买盘
438,14:18:07,9.87,-0.01,16,15791,卖盘
439,14:18:01,9.88,0.01,5,4940,买盘
440,14:17:57,9.87,0.01,16,15791,中性盘
441,14:17:46,9.86,-0.03,2,2465,卖盘
442,14:17:42,9.89,0.03,154,152306,买盘
443,14:17:37,9.86,--,13,12818,买盘
444,14:17:31,9.86,--,9,8874,买盘
445,14:17:27,9.86,--,14,13804,买盘
446,14:17:22,9.86,-0.01,164,162650,卖盘
447,14:17:16,9.87,--,0,0,卖盘
448,14:17:12,9.87,-0.02,157,154959,卖盘
449,14:17:07,9.89,0.01,70,69230,买盘
450,14:16:57,9.88,--,17,16796,卖盘
451,14:16:52,9.88,--,10,9880,卖盘
452,14:16:41,9.88,0.01,136,134368,买盘
453,14:16:37,9.87,--,5,4935,卖盘
454,14:16:26,9.87,--,5,4935,卖盘
455,14:16:21,9.87,--,61,60246,买盘
456,14:16:16,9.87,--,10,9870,买盘
457,14:16:11,9.87,--,107,105608,买盘
458,14:16:06,9.87,--,101,99686,买盘
459,14:15:56,9.87,0.02,10,9870,买盘
460,14:15:51,9.85,-0.02,11,10835,卖盘
461,14:15:41,9.87,0.02,10,9870,买盘
462,14:15:36,9.85,-0.02,229,225565,卖盘
463,14:15:26,9.87,--,20,19740,买盘
464,14:15:21,9.87,--,44,43428,买盘
465,14:15:11,9.87,0.01,2,1973,买盘
466,14:14:56,9.86,--,10,9860,卖盘
467,14:14:51,9.86,0.01,17,16762,卖盘
468,14:14:46,9.85,-0.01,10,9850,买盘
469,14:14:26,9.86,--,4,3944,卖盘
470,14:14:21,9.86,0.01,60,59160,买盘
471,14:14:10,9.85,0.01,2,1970,中性盘
472,14:14:06,9.84,-0.01,11,10824,卖盘
473,14:14:01,9.85,--,15,14775,卖盘
474,14:13:56,9.85,--,57,56145,买盘
475,14:13:36,9.85,--,6,5910,买盘
476,14:13:31,9.85,--,8,7880,买盘
477,14:13:21,9.85,--,17,16745,卖盘
478,14:13:10,9.85,-0.02,20,19700,卖盘
479,14:13:06,9.87,0.02,67,66129,买盘
480,14:13:01,9.85,--,20,19700,卖盘
481,14:12:55,9.85,-0.02,20,19700,卖盘
482,14:12:51,9.87,0.02,7,6908,买盘
483,14:12:46,9.85,-0.02,11,10835,卖盘
484,14:12:40,9.87,0.04,7,6908,买盘
485,14:12:36,9.83,-0.02,229,225107,卖盘
486,14:12:31,9.85,-0.02,115,113275,买盘
487,14:12:21,9.87,--,0,0,买盘
488,14:12:16,9.87,0.02,105,103634,买盘
489,14:12:10,9.85,--,0,0,买盘
490,14:12:06,9.85,0.01,123,121155,买盘
491,14:12:01,9.84,-0.01,143,140712,卖盘
492,14:11:51,9.85,--,30,29550,买盘
493,14:11:46,9.85,--,20,19700,买盘
494,14:11:36,9.85,--,9,8865,买盘
495,14:11:31,9.85,0.01,125,123125,买盘
496,14:11:25,9.84,-0.01,43,42312,卖盘
497,14:11:21,9.85,--,8,7880,买盘
498,14:11:16,9.85,--,4,3940,买盘
499,14:11:06,9.85,0.01,47,46295,买盘
500,14:11:01,9.84,--,41,40344,买盘
501,14:10:55,9.84,0.01,3,2952,买盘
502,14:10:51,9.83,--,47,46201,卖盘
503,14:10:46,9.83,--,4,3932,卖盘
504,14:10:36,9.83,--,34,33422,买盘
505,14:10:31,9.83,--,61,59963,买盘
506,14:10:25,9.83,--,10,9830,买盘
507,14:10:21,9.83,-0.01,171,168093,卖盘
508,14:10:16,9.84,0.02,53,52152,买盘
509,14:10:10,9.82,-0.02,229,224878,卖盘
510,14:10:06,9.84,0.01,2,1968,买盘
511,14:10:01,9.83,-0.01,59,57997,卖盘
512,14:09:50,9.84,--,309,304056,卖盘
513,14:09:46,9.84,--,154,151536,卖盘
514,14:09:40,9.84,-0.01,77,75768,卖盘
515,14:09:35,9.85,0.01,122,120170,买盘
516,14:09:31,9.84,--,137,134808,卖盘
517,14:09:21,9.84,--,241,237144,卖盘
518,14:09:16,9.84,-0.01,80,78720,卖盘
519,14:09:10,9.85,--,3,2955,买盘
520,14:09:05,9.85,--,285,280725,买盘
521,14:09:00,9.85,--,195,192075,卖盘
522,14:08:55,9.85,-0.02,84,82740,卖盘
523,14:08:45,9.87,--,83,81921,买盘
524,14:08:40,9.87,--,18,18545,卖盘
525,14:08:35,9.87,--,111,109556,卖盘
526,14:08:30,9.87,-0.01,6,5921,卖盘
527,14:08:25,9.88,0.01,4,3952,买盘
528,14:08:20,9.87,--,167,164829,卖盘
529,14:08:15,9.87,-0.01,239,235892,卖盘
530,14:08:10,9.88,0.01,81,80028,买盘
531,14:08:05,9.87,-0.01,15,14804,卖盘
532,14:08:00,9.88,--,290,286520,卖盘
533,14:07:50,9.88,-0.01,89,87932,卖盘
534,14:07:45,9.89,0.01,2,1978,中性盘
535,14:07:35,9.88,-0.01,116,114608,卖盘
536,14:07:30,9.89,--,448,443072,卖盘
537,14:07:25,9.89,--,11,10879,卖盘
538,14:07:20,9.89,-0.01,149,147361,卖盘
539,14:07:15,9.9,0.01,115,113850,买盘
540,14:07:05,9.89,--,78,77142,卖盘
541,14:07:00,9.89,--,0,0,卖盘
542,14:06:55,9.89,-0.01,106,104834,卖盘
543,14:06:49,9.9,--,18,17820,卖盘
544,14:06:45,9.9,0.01,1201,1189197,买盘
545,14:06:40,9.89,0.01,14,13846,买盘
546,14:06:30,9.88,-0.02,81,80028,卖盘
547,14:06:25,9.9,--,48,48302,卖盘
548,14:06:19,9.9,--,99,98010,卖盘
549,14:06:15,9.9,--,39,38610,卖盘
550,14:06:10,9.9,--,711,703890,卖盘
551,14:06:04,9.9,--,332,328887,买盘
552,14:06:00,9.9,--,87,86130,买盘
553,14:05:55,9.9,0.02,13,12870,买盘
554,14:05:49,9.88,--,69,68172,卖盘
555,14:05:45,9.88,-0.02,23,23504,卖盘
556,14:05:40,9.9,--,105,103950,卖盘
557,14:05:34,9.9,--,42,41580,卖盘
558,14:05:30,9.9,--,418,414671,卖盘
559,14:05:25,9.9,--,137,135630,卖盘
560,14:05:15,9.9,--,98,97020,卖盘
561,14:05:10,9.9,--,707,700276,买盘
562,14:05:04,9.9,--,100,99000,买盘
563,14:05:00,9.9,--,200,198000,买盘
564,14:04:49,9.9,-0.01,548,543163,卖盘
565,14:04:45,9.91,--,35,34685,卖盘
566,14:04:40,9.91,0.01,177,175407,买盘
567,14:04:30,9.9,--,84,83160,卖盘
568,14:04:25,9.9,0.04,742,734926,买盘
569,14:04:19,9.86,--,79,77894,卖盘
570,14:04:10,9.86,--,79,77894,卖盘
571,14:04:04,9.86,--,22,21692,买盘
572,14:04:00,9.86,--,305,300730,买盘
573,14:03:55,9.86,--,10,9860,买盘
574,14:03:49,9.86,0.01,26,25636,买盘
575,14:03:45,9.85,-0.03,947,932795,卖盘
576,14:03:40,9.88,0.02,52,51376,买盘
577,14:03:34,9.86,-0.01,53,52258,卖盘
578,14:03:30,9.87,0.01,23,22701,中性盘
579,14:03:25,9.86,--,89,87754,卖盘
580,14:03:19,9.86,--,14,13804,卖盘
581,14:03:15,9.86,-0.02,80,78880,卖盘
582,14:03:10,9.88,--,0,0,买盘
583,14:03:04,9.88,-0.02,10,9880,卖盘
584,14:03:00,9.9,--,5,4950,买盘
585,14:02:54,9.9,--,128,126720,买盘
586,14:02:45,9.9,--,41,40986,卖盘
587,14:02:40,9.9,--,212,209880,卖盘
588,14:02:30,9.9,--,82,81180,卖盘
589,14:02:19,9.9,-0.01,120,118800,卖盘
590,14:02:15,9.91,--,35,34685,卖盘
591,14:02:10,9.91,-0.01,148,146668,买盘
592,14:02:04,9.92,--,0,0,买盘
593,14:02:00,9.92,0.01,27,26784,买盘
594,14:01:55,9.91,-0.01,70,69370,卖盘
595,14:01:49,9.92,--,62,61504,卖盘
596,14:01:45,9.92,-0.01,103,102176,卖盘
597,14:01:39,9.93,--,165,163845,买盘
598,14:01:34,9.93,--,344,341592,买盘
599,14:01:29,9.93,0.01,129,128097,买盘
600,14:01:24,9.92,-0.01,101,100192,卖盘
601,14:01:19,9.93,--,58,58577,卖盘
602,14:01:14,9.93,-0.02,90,89370,卖盘
603,14:01:09,9.95,0.02,115,114424,买盘
604,14:01:04,9.93,-0.01,125,124134,卖盘
605,14:00:59,9.94,--,1073,1066562,卖盘
606,14:00:54,9.94,-0.01,238,236572,卖盘
607,14:00:49,9.95,0.02,209,207954,中性盘
608,14:00:44,9.93,-0.01,1256,1247208,卖盘
609,14:00:39,9.94,0.01,528,524832,买盘
610,14:00:29,9.93,--,107,106251,卖盘
611,14:00:24,9.93,0.02,227,225411,买盘
612,14:00:19,9.91,-0.01,82,81262,中性盘
613,14:00:13,9.92,0.02,30,29760,买盘
614,14:00:09,9.9,--,120,119394,买盘
615,14:00:04,9.9,0.01,66,65340,买盘
616,13:59:58,9.89,0.05,4,3956,中性盘
617,13:59:54,9.84,-0.06,81,79704,卖盘
618,13:59:49,9.9,0.01,62,61380,买盘
619,13:59:43,9.89,-0.03,88,87427,卖盘
620,13:59:39,9.92,--,53,52576,买盘
621,13:59:34,9.92,-0.01,324,321408,卖盘
622,13:59:28,9.93,0.01,54,53622,买盘
623,13:59:24,9.92,-0.01,94,93248,卖盘
624,13:59:19,9.93,--,19,18867,买盘
625,13:59:13,9.93,--,45,44685,买盘
626,13:59:09,9.93,--,344,341592,买盘
627,13:59:04,9.93,-0.01,355,353408,卖盘
628,13:58:57,9.94,-0.01,47,46718,卖盘
629,13:58:54,9.95,0.02,45,44775,中性盘
630,13:58:49,9.93,--,302,299886,卖盘
631,13:58:43,9.93,-0.01,15,14895,卖盘
632,13:58:39,9.94,0.01,2212,2198728,买盘
633,13:58:34,9.93,--,128,127104,卖盘
634,13:58:28,9.93,--,88,87384,卖盘
635,13:58:24,9.93,--,106,105258,卖盘
636,13:58:18,9.93,--,406,403257,买盘
637,13:58:12,9.93,--,3,2979,买盘
638,13:58:09,9.93,0.02,115,114195,买盘
639,13:58:03,9.91,--,152,150632,卖盘
640,13:57:57,9.91,--,15,14865,卖盘
641,13:57:54,9.91,--,371,367661,卖盘
642,13:57:49,9.91,0.01,516,511356,买盘
643,13:57:43,9.9,--,81,80190,卖盘
644,13:57:39,9.9,--,149,147510,卖盘
645,13:57:33,9.9,0.01,572,566438,买盘
646,13:57:27,9.89,-0.01,26,25714,卖盘
647,13:57:24,9.9,0.01,486,481140,买盘
648,13:57:19,9.89,--,10,9890,卖盘
649,13:57:09,9.89,0.03,1830,1810463,买盘
650,13:57:04,9.86,0.01,421,415106,中性盘
651,13:56:57,9.85,-0.01,113,111305,买盘
652,13:56:54,9.86,0.02,35,34510,卖盘
653,13:56:48,9.84,--,171,168264,买盘
654,13:56:42,9.84,-0.01,288,283392,卖盘
655,13:56:39,9.85,-0.01,93,91605,中性盘
656,13:56:33,9.86,0.03,12,11832,买盘
657,13:56:27,9.83,0.01,337,331271,买盘
658,13:56:24,9.82,-0.01,150,147300,卖盘
659,13:56:18,9.83,--,668,656644,买盘
660,13:56:12,9.83,--,20,19660,买盘
661,13:56:09,9.83,-0.05,883,867989,卖盘
662,13:56:03,9.88,0.04,1284,1268592,买盘
663,13:55:57,9.84,0.01,5,4920,买盘
664,13:55:54,9.83,--,115,113045,卖盘
665,13:55:48,9.83,-0.02,1,983,卖盘
666,13:55:42,9.85,0.01,87,85695,买盘
667,13:55:33,9.84,--,184,181056,买盘
668,13:55:27,9.84,--,4,3936,买盘
669,13:55:23,9.84,--,2,1968,买盘
670,13:55:18,9.84,--,98,96432,买盘
671,13:55:08,9.84,--,78,76752,买盘
672,13:55:03,9.84,0.01,11,10824,买盘
673,13:54:57,9.83,--,108,106164,卖盘
674,13:54:53,9.83,--,33,32439,卖盘
675,13:54:48,9.83,-0.01,79,77657,卖盘
676,13:54:42,9.84,0.01,18,17712,买盘
677,13:54:38,9.83,-0.02,97,95351,卖盘
678,13:54:33,9.85,0.02,5,4925,买盘
679,13:54:23,9.83,-0.02,113,111079,卖盘
680,13:54:18,9.85,0.03,200,197000,买盘
681,13:54:12,9.82,-0.01,101,99280,卖盘
682,13:54:08,9.83,--,16,15728,买盘
683,13:54:03,9.83,-0.01,275,270325,卖盘
684,13:53:57,9.84,0.01,59,58056,买盘
685,13:53:51,9.83,-0.01,83,81589,卖盘
686,13:53:48,9.84,0.01,11,10824,买盘
687,13:53:42,9.83,--,155,152365,买盘
688,13:53:36,9.83,--,5,4915,买盘
689,13:53:33,9.83,-0.01,94,92402,中性盘
690,13:53:27,9.84,0.01,218,214512,买盘
691,13:53:21,9.83,0.01,10,9830,买盘
692,13:53:18,9.82,0.01,239,234698,买盘
693,13:53:12,9.81,--,5,4905,卖盘
694,13:53:06,9.81,-0.01,80,78480,卖盘
695,13:53:03,9.82,0.01,75,73650,买盘
696,13:52:57,9.81,--,95,93195,卖盘
697,13:52:48,9.81,0.04,375,367875,买盘
698,13:52:36,9.77,--,0,0,卖盘
699,13:52:33,9.77,--,129,126033,卖盘
700,13:52:27,9.77,-0.02,73,71321,卖盘
701,13:52:21,9.79,0.02,6,5873,卖盘
702,13:52:18,9.77,-0.03,5,4885,卖盘
703,13:52:12,9.8,0.02,152,148960,买盘
704,13:52:06,9.78,--,10,9780,买盘
705,13:52:03,9.78,-0.02,50,48900,卖盘
706,13:51:57,9.8,0.01,15,14700,买盘
707,13:51:51,9.79,--,57,55802,卖盘
708,13:51:48,9.79,-0.02,29,28390,卖盘
709,13:51:42,9.81,--,131,128511,买盘
710,13:51:33,9.81,0.01,20,19620,买盘
711,13:51:27,9.8,-0.01,95,93100,卖盘
712,13:51:21,9.81,--,9,8829,买盘
713,13:51:18,9.81,-0.02,173,169713,卖盘
714,13:51:12,9.83,-0.01,51,50133,卖盘
715,13:51:06,9.84,0.01,82,80688,买盘
716,13:51:03,9.83,0.01,263,258529,中性盘
717,13:50:57,9.82,-0.02,127,124714,卖盘
718,13:50:51,9.84,--,35,34440,买盘
719,13:50:48,9.84,--,147,144648,买盘
720,13:50:42,9.84,0.02,500,492000,买盘
721,13:50:36,9.82,--,4,3928,卖盘
722,13:50:33,9.82,--,83,81506,卖盘
723,13:50:27,9.82,--,15,14730,卖盘
724,13:50:21,9.82,--,149,146318,买盘
725,13:50:18,9.82,0.02,15,14730,买盘
726,13:50:12,9.8,-0.03,354,346920,卖盘
727,13:50:03,9.83,0.02,562,552446,买盘
728,13:49:57,9.81,--,28,27468,买盘
729,13:49:51,9.81,0.01,8,7848,买盘
730,13:49:48,9.8,--,75,73500,卖盘
731,13:49:42,9.8,0.01,57,55860,买盘
732,13:49:36,9.79,--,66,64613,卖盘
733,13:49:33,9.79,--,135,132165,买盘
734,13:49:27,9.79,0.01,191,187155,买盘
735,13:49:21,9.78,0.02,17,16626,卖盘
736,13:49:18,9.76,-0.02,95,92720,卖盘
737,13:49:06,9.78,0.01,231,225917,买盘
738,13:49:03,9.77,-0.01,66,64482,卖盘
739,13:48:57,9.78,--,131,128117,买盘
740,13:48:48,9.78,0.01,134,131051,买盘
741,13:48:42,9.77,--,78,76206,卖盘
742,13:48:32,9.77,--,87,84999,卖盘
743,13:48:27,9.77,0.01,18,17586,买盘
744,13:48:21,9.76,--,80,78080,卖盘
745,13:48:12,9.76,0.01,77,75152,卖盘
746,13:48:02,9.75,--,73,71175,卖盘
747,13:47:57,9.75,--,8,7800,卖盘
748,13:47:51,9.75,--,20,19500,卖盘
749,13:47:47,9.75,--,79,77025,卖盘
750,13:47:42,9.75,--,0,0,卖盘
751,13:47:36,9.75,-0.02,80,78000,卖盘
752,13:47:27,9.77,--,87,84999,买盘
753,13:47:21,9.77,0.02,42,41034,买盘
754,13:47:17,9.75,0.01,141,137475,买盘
755,13:47:12,9.74,-0.01,208,202592,卖盘
756,13:47:06,9.75,--,162,157950,买盘
757,13:47:01,9.75,--,10,9750,买盘
758,13:46:57,9.75,0.01,23,22425,买盘
759,13:46:51,9.74,-0.01,186,181164,卖盘
760,13:46:45,9.75,0.01,1,975,买盘
761,13:46:42,9.74,-0.01,77,74998,卖盘
762,13:46:36,9.75,0.01,56,54600,买盘
763,13:46:30,9.74,--,102,99348,卖盘
764,13:46:27,9.74,-0.01,7,6818,卖盘
765,13:46:21,9.75,--,96,93600,买盘
766,13:46:15,9.75,0.01,10,9750,买盘
767,13:46:12,9.74,0.01,111,108114,卖盘
768,13:45:57,9.73,-0.01,115,111895,卖盘
769,13:45:51,9.74,0.01,57,55518,买盘
770,13:45:45,9.73,--,49,47677,卖盘
771,13:45:42,9.73,--,0,0,卖盘
772,13:45:36,9.73,-0.02,96,93408,卖盘
773,13:45:30,9.75,0.01,145,141375,买盘
774,13:45:27,9.74,-0.01,133,129542,卖盘
775,13:45:21,9.75,0.01,2,1950,买盘
776,13:45:15,9.74,--,23,22402,卖盘
777,13:45:12,9.74,--,104,101296,卖盘
778,13:45:06,9.74,--,118,114932,卖盘
779,13:44:57,9.74,--,91,88634,卖盘
780,13:44:51,9.74,-0.01,79,76946,卖盘
781,13:44:45,9.75,--,23,22425,买盘
782,13:44:42,9.75,-0.01,365,355875,卖盘
783,13:44:36,9.76,0.01,7,6832,买盘
784,13:44:30,9.75,--,82,79950,卖盘
785,13:44:27,9.75,--,0,0,卖盘
786,13:44:21,9.75,-0.01,130,126750,卖盘
787,13:44:12,9.76,0.01,116,113216,买盘
788,13:44:06,9.75,--,62,60450,卖盘
789,13:43:57,9.75,--,81,78975,卖盘
790,13:43:51,9.75,--,117,114075,卖盘
791,13:43:45,9.75,-0.01,78,76050,卖盘
792,13:43:42,9.76,0.01,19,18544,买盘
793,13:43:36,9.75,-0.01,94,91650,卖盘
794,13:43:30,9.76,0.01,2,1952,买盘
795,13:43:27,9.75,-0.01,78,76050,卖盘
796,13:43:21,9.76,0.01,31,30256,买盘
797,13:43:12,9.75,--,103,100425,卖盘
798,13:43:00,9.75,--,83,80925,卖盘
799,13:42:56,9.75,--,0,0,卖盘
800,13:42:51,9.75,-0.02,379,369525,卖盘
801,13:42:41,9.77,0.01,84,82068,买盘
802,13:42:26,9.76,-0.01,83,81008,卖盘
803,13:42:21,9.77,0.01,87,84999,买盘
804,13:42:11,9.76,--,0,0,中性盘
805,13:42:06,9.76,--,110,107360,买盘
806,13:41:56,9.76,--,60,58560,卖盘
807,13:41:45,9.76,--,78,76128,卖盘
808,13:41:41,9.76,--,0,0,卖盘
809,13:41:36,9.76,-0.01,80,78080,卖盘
810,13:41:30,9.77,-0.01,9,8793,卖盘
811,13:41:26,9.78,0.02,40,39120,买盘
812,13:41:21,9.76,-0.02,99,96624,卖盘
813,13:41:11,9.78,0.03,347,339366,买盘
814,13:41:06,9.75,--,0,0,卖盘
815,13:41:00,9.75,--,128,124800,卖盘
816,13:40:51,9.75,--,82,79950,卖盘
817,13:40:45,9.75,-0.01,202,196950,卖盘
818,13:40:41,9.76,-0.04,67,65392,卖盘
819,13:40:30,9.8,0.03,313,306740,买盘
820,13:40:26,9.77,--,30,29310,卖盘
821,13:40:21,9.77,--,0,0,卖盘
822,13:40:15,9.77,--,80,78160,卖盘
823,13:40:11,9.77,--,10,9770,买盘
824,13:40:06,9.77,--,84,82068,买盘
825,13:40:00,9.77,--,19,18563,买盘
826,13:39:54,9.77,-0.03,51,49827,卖盘
827,13:39:51,9.8,0.02,20,19600,买盘
828,13:39:45,9.78,0.01,78,76284,卖盘
829,13:39:36,9.77,--,101,98677,买盘
830,13:39:30,9.77,--,26,25402,买盘
831,13:39:24,9.77,--,42,41034,买盘
832,13:39:21,9.77,-0.03,13,12701,卖盘
833,13:39:15,9.8,0.04,4,3920,买盘
834,13:39:09,9.76,-0.04,79,77104,卖盘
835,13:39:06,9.8,0.04,15,14700,买盘
836,13:39:00,9.76,-0.03,81,79056,卖盘
837,13:38:54,9.79,0.02,77,75383,买盘
838,13:38:51,9.77,-0.02,84,82068,卖盘
839,13:38:45,9.79,0.02,11,10768,买盘
840,13:38:36,9.77,-0.02,81,79137,卖盘
841,13:38:30,9.79,0.02,254,248665,买盘
842,13:38:15,9.77,-0.02,84,82068,卖盘
843,13:38:09,9.79,0.02,8,7831,买盘
844,13:38:06,9.77,--,174,169998,买盘
845,13:38:00,9.77,--,5,4885,买盘
846,13:37:54,9.77,0.01,123,120171,买盘
847,13:37:51,9.76,-0.01,30,29280,卖盘
848,13:37:45,9.77,--,37,36149,买盘
849,13:37:39,9.77,--,27,26379,买盘
850,13:37:36,9.77,-0.02,50,48850,卖盘
851,13:37:30,9.79,-0.03,63,61676,卖盘
852,13:37:21,9.82,-0.01,118,115876,买盘
853,13:37:15,9.83,--,13,12779,买盘
854,13:37:09,9.83,--,130,127790,买盘
855,13:37:06,9.83,--,32,31456,买盘
856,13:37:00,9.83,0.04,111,109113,买盘
857,13:36:51,9.79,-0.05,81,79299,卖盘
858,13:36:45,9.84,0.04,123,121032,买盘
859,13:36:39,9.8,--,5,4900,买盘
860,13:36:36,9.8,-0.05,31,30380,卖盘
861,13:36:30,9.85,0.05,10,9850,中性盘
862,13:36:24,9.8,0.01,79,77420,卖盘
863,13:36:21,9.79,--,0,0,卖盘
864,13:36:15,9.79,-0.06,81,79299,卖盘
865,13:36:09,9.85,0.06,514,506290,买盘
866,13:36:05,9.79,--,222,217337,卖盘
867,13:36:00,9.79,0.03,300,293700,买盘
868,13:35:54,9.76,0.01,31,30256,买盘
869,13:35:50,9.75,-0.01,78,76050,卖盘
870,13:35:45,9.76,--,444,433344,买盘
871,13:35:39,9.76,--,4,3904,买盘
872,13:35:35,9.76,--,18,17568,买盘
873,13:35:30,9.76,-0.01,130,126880,卖盘
874,13:35:24,9.77,0.02,7,6839,买盘
875,13:35:20,9.75,-0.02,88,85800,卖盘
876,13:35:15,9.77,--,20,19540,买盘
877,13:35:09,9.77,--,143,139711,买盘
878,13:35:00,9.77,--,150,146550,买盘
879,13:34:54,9.77,--,5,4885,买盘
880,13:34:50,9.77,0.01,19,18563,买盘
881,13:34:45,9.76,0.01,83,81008,卖盘
882,13:34:39,9.75,--,37,36075,卖盘
883,13:34:35,9.75,--,43,41925,卖盘
884,13:34:30,9.75,--,32,31200,卖盘
885,13:34:24,9.75,-0.01,81,78975,卖盘
886,13:34:20,9.76,--,5,4880,买盘
887,13:34:15,9.76,0.01,142,138592,买盘
888,13:34:09,9.75,0.01,30,29250,卖盘
889,13:34:05,9.74,-0.02,85,82790,卖盘
890,13:34:00,9.76,0.02,4,3904,买盘
891,13:33:54,9.74,--,200,194800,卖盘
892,13:33:45,9.74,--,0,0,卖盘
893,13:33:39,9.74,-0.01,127,123698,卖盘
894,13:33:35,9.75,0.01,20,19500,买盘
895,13:33:30,9.74,--,157,152918,卖盘
896,13:33:24,9.74,-0.01,2,1948,中性盘
897,13:33:20,9.75,0.01,124,120900,买盘
898,13:33:09,9.74,--,137,133438,买盘
899,13:33:00,9.74,0.01,123,119802,中性盘
900,13:32:54,9.73,-0.01,81,78813,卖盘
901,13:32:45,9.74,--,109,106166,卖盘
902,13:32:39,9.74,--,0,0,卖盘
903,13:32:35,9.74,0.01,77,74998,卖盘
904,13:32:30,9.73,--,0,0,卖盘
905,13:32:24,9.73,--,98,95354,卖盘
906,13:32:15,9.73,-0.02,81,78813,卖盘
907,13:32:09,9.75,0.02,13,12675,买盘
908,13:32:00,9.73,-0.02,123,119679,卖盘
909,13:31:54,9.75,--,40,39000,买盘
910,13:31:48,9.75,-0.01,103,100425,卖盘
911,13:31:45,9.76,0.01,10,9760,买盘
912,13:31:39,9.75,-0.01,80,78000,卖盘
913,13:31:33,9.76,0.02,8,7808,买盘
914,13:31:29,9.74,--,84,81816,卖盘
915,13:31:24,9.74,-0.01,214,208436,卖盘
916,13:31:18,9.75,0.01,43,41925,买盘
917,13:31:14,9.74,-0.01,92,89608,卖盘
918,13:31:09,9.75,0.01,161,156975,买盘
919,13:31:03,9.74,-0.02,38,37012,卖盘
920,13:30:59,9.76,--,242,236192,买盘
921,13:30:54,9.76,--,98,95648,买盘
922,13:30:48,9.76,-0.01,71,69491,卖盘
923,13:30:44,9.77,--,91,88907,买盘
924,13:30:39,9.77,0.01,11,10747,买盘
925,13:30:29,9.76,-0.01,174,169824,卖盘
926,13:30:24,9.77,--,189,184653,卖盘
927,13:30:18,9.77,--,5,4885,卖盘
928,13:30:14,9.77,--,55,53735,卖盘
929,13:30:09,9.77,--,81,79137,卖盘
930,13:29:59,9.77,--,82,80114,卖盘
931,13:29:54,9.77,--,0,0,卖盘
932,13:29:48,9.77,-0.01,81,79137,卖盘
933,13:29:44,9.78,--,5,4890,卖盘
934,13:29:39,9.78,0.01,81,79218,中性盘
935,13:29:33,9.77,-0.03,58,56666,卖盘
936,13:29:29,9.8,0.02,28,27440,买盘
937,13:29:24,9.78,--,68,66504,卖盘
938,13:29:18,9.78,-0.02,2,1955,卖盘
939,13:29:14,9.8,0.01,92,90160,买盘
940,13:29:09,9.79,0.03,22,21537,中性盘
941,13:29:03,9.76,-0.04,77,75152,卖盘
942,13:28:59,9.8,0.03,64,62720,买盘
943,13:28:54,9.77,0.01,88,85976,卖盘
944,13:28:48,9.76,--,0,0,卖盘
945,13:28:44,9.76,-0.02,82,80032,卖盘
946,13:28:39,9.78,0.01,200,196382,买盘
947,13:28:29,9.77,-0.01,104,101608,卖盘
948,13:28:24,9.78,0.01,23,22494,买盘
949,13:28:18,9.77,--,79,77183,卖盘
950,13:28:14,9.77,-0.01,33,32241,卖盘
951,13:28:09,9.78,-0.01,312,305331,卖盘
952,13:28:03,9.79,--,7,6852,卖盘
953,13:27:59,9.79,-0.01,87,85172,卖盘
954,13:27:54,9.8,0.01,79,77420,买盘
955,13:27:48,9.79,--,114,111605,卖盘
956,13:27:44,9.79,--,1,978,卖盘
957,13:27:39,9.79,--,108,105731,卖盘
958,13:27:33,9.79,--,29,28390,卖盘
959,13:27:24,9.79,--,79,77341,卖盘
960,13:27:18,9.79,--,23,22516,卖盘
961,13:27:14,9.79,-0.02,71,69509,卖盘
962,13:27:09,9.81,0.02,65,64137,买盘
963,13:27:03,9.79,-0.01,87,85172,卖盘
964,13:26:59,9.8,--,40,39807,卖盘
965,13:26:54,9.8,--,85,83300,卖盘
966,13:26:39,9.8,--,99,97020,卖盘
967,13:26:33,9.8,--,106,103880,卖盘
968,13:26:24,9.8,--,64,62720,卖盘
969,13:26:18,9.8,-0.01,87,85260,卖盘
970,13:26:09,9.81,--,104,102024,卖盘
971,13:25:59,9.81,-0.01,81,79461,卖盘
972,13:25:54,9.82,0.01,43,42226,买盘
973,13:25:48,9.81,-0.01,98,96138,卖盘
974,13:25:39,9.82,0.01,5,4910,买盘
975,13:25:33,9.81,0.01,85,83385,中性盘
976,13:25:24,9.8,--,85,83300,卖盘
977,13:25:18,9.8,--,0,0,卖盘
978,13:25:14,9.8,-0.01,88,86240,卖盘
979,13:25:09,9.81,--,0,0,卖盘
980,13:25:03,9.81,-0.01,77,75537,卖盘
981,13:24:59,9.82,--,2,1964,卖盘
982,13:24:54,9.82,--,104,102128,卖盘
983,13:24:48,9.82,--,5,4910,卖盘
984,13:24:42,9.82,--,2,1964,卖盘
985,13:24:39,9.82,0.01,210,206220,买盘
986,13:24:33,9.81,--,30,29430,卖盘
987,13:24:27,9.81,-0.01,99,97119,卖盘
988,13:24:23,9.82,0.01,4,3928,买盘
989,13:24:18,9.81,--,114,111834,卖盘
990,13:24:08,9.81,-0.01,82,80442,卖盘
991,13:24:03,9.82,--,15,14730,卖盘
992,13:23:53,9.82,--,178,174796,卖盘
993,13:23:48,9.82,-0.02,81,79542,卖盘
994,13:23:38,9.84,--,3,2952,买盘
995,13:23:33,9.84,0.02,153,150552,买盘
996,13:23:23,9.82,--,180,176760,卖盘
997,13:23:18,9.82,--,20,19640,卖盘
998,13:23:12,9.82,-0.02,81,79542,卖盘
999,13:23:08,9.84,0.02,8,7872,买盘
1000,13:23:03,9.82,-0.02,82,80524,卖盘
1001,13:22:57,9.84,0.02,13,12792,买盘
1002,13:22:53,9.82,--,8,7856,卖盘
1003,13:22:48,9.82,--,77,75614,卖盘
1004,13:22:38,9.82,-0.02,97,95254,卖盘
1005,13:22:33,9.84,0.02,24,23616,买盘
1006,13:22:27,9.82,-0.02,79,77578,卖盘
1007,13:22:23,9.84,0.01,312,307008,买盘
1008,13:22:18,9.83,-0.01,110,108130,卖盘
1009,13:22:12,9.84,--,10,9840,买盘
1010,13:22:08,9.84,--,89,87576,买盘
1011,13:22:03,9.84,0.02,317,311928,买盘
1012,13:21:53,9.82,--,87,85434,卖盘
1013,13:21:48,9.82,0.01,7,6874,中性盘
1014,13:21:42,9.81,-0.03,78,76518,卖盘
1015,13:21:38,9.84,0.03,5,4920,买盘
1016,13:21:33,9.81,-0.01,86,84366,卖盘
1017,13:21:27,9.82,-0.02,9,8838,中性盘
1018,13:21:23,9.84,0.02,102,100368,买盘
1019,13:21:18,9.82,--,17,16694,卖盘
1020,13:21:12,9.82,--,135,132570,卖盘
1021,13:21:03,9.82,--,91,89362,卖盘
1022,13:20:57,9.82,-0.02,301,295582,卖盘
1023,13:20:53,9.84,0.01,30,29520,买盘
1024,13:20:48,9.83,-0.01,89,87487,卖盘
1025,13:20:42,9.84,0.01,128,125952,中性盘
1026,13:20:38,9.83,-0.01,79,77657,卖盘
1027,13:20:27,9.84,-0.01,83,81672,卖盘
1028,13:20:18,9.85,--,91,89635,卖盘
1029,13:20:03,9.85,-0.02,89,87665,卖盘
1030,13:19:57,9.87,0.02,2,1973,买盘
1031,13:19:53,9.85,--,0,0,卖盘
1032,13:19:48,9.85,-0.02,681,670785,卖盘
1033,13:19:42,9.87,--,10,9870,卖盘
1034,13:19:38,9.87,--,1,986,卖盘
1035,13:19:27,9.87,--,124,122387,卖盘
1036,13:19:18,9.87,--,5,4935,卖盘
1037,13:19:12,9.87,-0.01,147,145464,卖盘
1038,13:18:57,9.88,--,101,99788,卖盘
1039,13:18:53,9.88,-0.01,244,241072,卖盘
1040,13:18:48,9.89,--,70,69230,买盘
1041,13:18:42,9.89,--,10,9890,买盘
1042,13:18:33,9.89,--,10,9890,买盘
1043,13:18:27,9.89,-0.01,412,408081,卖盘
1044,13:18:18,9.9,0.01,20,19800,买盘
1045,13:18:03,9.89,-0.01,6,5934,卖盘
1046,13:17:48,9.9,--,5,4950,买盘
1047,13:17:42,9.9,--,9,8910,买盘
1048,13:17:33,9.9,--,146,144540,买盘
1049,13:17:27,9.9,--,146,144540,买盘
1050,13:17:23,9.9,--,83,83001,卖盘
1051,13:17:18,9.9,-0.01,222,219780,卖盘
1052,13:17:12,9.91,0.01,31,30721,买盘
1053,13:17:06,9.9,--,40,39758,卖盘
1054,13:17:02,9.9,--,24,23760,卖盘
1055,13:16:57,9.9,--,39,38610,买盘
1056,13:16:51,9.9,--,14,13860,买盘
1057,13:16:47,9.9,--,216,213840,买盘
1058,13:16:42,9.9,--,50,49500,买盘
1059,13:16:32,9.9,0.02,19,19186,买盘
1060,13:16:27,9.88,-0.01,31,30628,卖盘
1061,13:16:17,9.89,--,24,23736,买盘
1062,13:16:12,9.89,--,4,3956,买盘
1063,13:16:02,9.89,--,30,29670,买盘
1064,13:15:57,9.89,--,88,87032,买盘
1065,13:15:51,9.89,-0.01,20,19780,买盘
1066,13:15:47,9.9,--,35,35263,卖盘
1067,13:15:36,9.9,0.01,214,212236,买盘
1068,13:15:32,9.89,--,162,160218,卖盘
1069,13:15:27,9.89,--,20,19780,卖盘
1070,13:15:17,9.89,-0.01,30,29670,买盘
1071,13:15:12,9.9,0.01,188,186120,买盘
1072,13:14:57,9.89,--,3,2967,买盘
1073,13:14:51,9.89,--,13,12857,买盘
1074,13:14:47,9.89,-0.01,81,80999,卖盘
1075,13:14:42,9.9,--,254,251559,买盘
1076,13:14:36,9.9,--,6,5940,买盘
1077,13:14:32,9.9,--,61,60390,买盘
1078,13:14:27,9.9,--,10,9900,买盘
1079,13:14:12,9.9,--,170,169151,卖盘
1080,13:14:06,9.9,--,22,21780,卖盘
1081,13:14:02,9.9,-0.01,28,27720,卖盘
1082,13:13:57,9.91,0.02,23,22931,买盘
1083,13:13:51,9.89,-0.01,51,50439,卖盘
1084,13:13:47,9.9,0.01,34,33660,中性盘
1085,13:13:42,9.89,-0.02,74,73186,卖盘
1086,13:13:36,9.91,--,116,115392,买盘
1087,13:13:32,9.91,--,10,9910,买盘
1088,13:13:27,9.91,--,61,60451,买盘
1089,13:13:21,9.91,0.01,57,56487,买盘
1090,13:13:17,9.9,-0.01,30,29700,卖盘
1091,13:13:12,9.91,0.01,158,156696,买盘
1092,13:13:06,9.9,0.03,759,751845,买盘
1093,13:13:02,9.87,--,213,210230,卖盘
1094,13:12:57,9.87,-0.02,60,59219,中性盘
1095,13:12:51,9.89,0.03,980,969220,买盘
1096,13:12:47,9.86,--,10,9860,卖盘
1097,13:12:42,9.86,--,5,4930,卖盘
1098,13:12:36,9.86,-0.01,10,9860,卖盘
1099,13:12:32,9.87,0.01,7,6908,买盘
1100,13:12:27,9.86,0.01,157,154802,买盘
1101,13:12:21,9.85,--,31,30535,卖盘
1102,13:12:12,9.85,--,166,163510,买盘
1103,13:12:06,9.85,--,5,4925,买盘
1104,13:12:02,9.85,0.01,2,1970,买盘
1105,13:11:57,9.84,--,15,14760,卖盘
1106,13:11:51,9.84,0.01,92,90528,买盘
1107,13:11:47,9.83,-0.01,5,4915,卖盘
1108,13:11:42,9.84,--,18,17712,买盘
1109,13:11:36,9.84,0.01,71,69864,中性盘
1110,13:11:27,9.83,-0.01,289,284087,卖盘
1111,13:11:17,9.84,0.01,29,28536,卖盘
1112,13:10:57,9.83,-0.01,21,20643,卖盘
1113,13:10:51,9.84,0.01,1,984,买盘
1114,13:10:46,9.83,--,5,4915,卖盘
1115,13:10:42,9.83,--,0,0,卖盘
1116,13:10:36,9.83,--,188,184804,卖盘
1117,13:10:31,9.83,-0.02,440,432520,卖盘
1118,13:10:27,9.85,--,46,45310,买盘
1119,13:10:21,9.85,--,33,32505,买盘
1120,13:10:12,9.85,-0.01,282,277770,卖盘
1121,13:10:06,9.86,--,77,75922,买盘
1122,13:09:56,9.86,--,36,35496,买盘
1123,13:09:51,9.86,0.01,19,18734,买盘
1124,13:09:41,9.85,-0.01,2,1970,卖盘
1125,13:09:36,9.86,0.01,2,1972,买盘
1126,13:09:26,9.85,-0.02,123,121155,卖盘
1127,13:09:20,9.87,0.02,10,9870,买盘
1128,13:09:11,9.85,--,12,11820,卖盘
1129,13:09:06,9.85,-0.02,6,5910,卖盘
1130,13:08:56,9.87,--,0,0,买盘
1131,13:08:45,9.87,0.02,77,75999,买盘
1132,13:08:36,9.85,-0.03,515,507275,卖盘
1133,13:08:26,9.88,0.01,80,79040,买盘
1134,13:08:21,9.87,-0.01,29,28622,卖盘
1135,13:08:15,9.88,--,15,14820,买盘
1136,13:08:06,9.88,--,2,1976,买盘
1137,13:07:59,9.88,0.02,13,12844,买盘
1138,13:07:51,9.86,-0.01,50,49300,卖盘
1139,13:07:45,9.87,0.01,67,66129,买盘
1140,13:07:36,9.86,--,65,64089,买盘
1141,13:07:29,9.86,0.01,60,59160,买盘
1142,13:07:26,9.85,--,16,15760,卖盘
1143,13:07:20,9.85,--,138,135930,买盘
1144,13:07:14,9.85,--,12,11820,买盘
1145,13:07:11,9.85,--,11,10835,买盘
1146,13:07:05,9.85,0.01,77,75845,买盘
1147,13:07:00,9.84,-0.01,76,74784,卖盘
1148,13:06:56,9.85,0.01,64,63040,买盘
1149,13:06:51,9.84,--,10,9840,卖盘
1150,13:06:45,9.84,--,8,7872,卖盘
1151,13:06:35,9.84,0.01,113,111192,买盘
1152,13:06:29,9.83,--,10,9830,买盘
1153,13:06:26,9.83,0.01,2,1966,买盘
1154,13:06:21,9.82,-0.01,106,104092,卖盘
1155,13:06:11,9.83,-0.01,154,151382,卖盘
1156,13:06:06,9.84,--,86,84624,买盘
1157,13:05:59,9.84,--,3,2952,买盘
1158,13:05:56,9.84,0.01,76,74784,买盘
1159,13:05:50,9.83,--,20,19660,卖盘
1160,13:05:44,9.83,--,80,78640,卖盘
1161,13:05:41,9.83,-0.01,42,41286,卖盘
1162,13:05:35,9.84,--,30,29520,买盘
1163,13:05:29,9.84,--,72,70848,买盘
1164,13:05:20,9.84,--,107,105288,卖盘
1165,13:05:14,9.84,--,9,8856,买盘
1166,13:05:11,9.84,-0.01,68,66912,卖盘
1167,13:05:05,9.85,0.01,10,9850,中性盘
1168,13:04:56,9.84,0.01,70,68880,买盘
1169,13:04:44,9.83,-0.01,543,533769,卖盘
1170,13:04:40,9.84,--,0,0,卖盘
1171,13:04:35,9.84,--,0,0,卖盘
1172,13:04:29,9.84,0.01,89,87576,中性盘
1173,13:04:26,9.83,-0.02,183,179889,卖盘
1174,13:04:20,9.85,0.02,5,4925,中性盘
1175,13:04:14,9.83,-0.02,38,37354,卖盘
1176,13:04:05,9.85,--,96,94560,买盘
1177,13:03:59,9.85,-0.02,90,88650,卖盘
1178,13:03:55,9.87,--,61,60206,买盘
1179,13:03:50,9.87,0.01,16,15791,中性盘
1180,13:03:44,9.86,-0.01,243,239598,卖盘
1181,13:03:29,9.87,-0.01,138,136206,卖盘
1182,13:03:20,9.88,0.02,38,37544,买盘
1183,13:03:14,9.86,--,38,37468,卖盘
1184,13:03:05,9.86,--,37,36482,买盘
1185,13:02:54,9.86,--,74,72964,买盘
1186,13:02:50,9.86,-0.02,400,394400,卖盘
1187,13:02:44,9.88,0.01,77,76076,买盘
1188,13:02:39,9.87,-0.01,2,1973,卖盘
1189,13:02:35,9.88,--,10,9880,买盘
1190,13:02:29,9.88,-0.01,78,77064,买盘
1191,13:02:20,9.89,0.01,77,76153,买盘
1192,13:02:14,9.88,-0.01,69,68172,卖盘
1193,13:02:08,9.89,0.01,79,78131,买盘
1194,13:02:05,9.88,-0.01,60,59280,卖盘
1195,13:01:53,9.89,--,70,69230,买盘
1196,13:01:44,9.89,--,275,271975,卖盘
1197,13:01:38,9.89,--,45,44505,卖盘
1198,13:01:35,9.89,--,1,989,卖盘
1199,13:01:29,9.89,-0.01,30,29670,中性盘
1200,13:01:23,9.9,0.02,20,19800,买盘
1201,13:01:20,9.88,-0.01,171,168948,卖盘
1202,13:01:14,9.89,-0.01,5,4945,卖盘
1203,13:01:08,9.9,--,66,65340,买盘
1204,13:01:05,9.9,0.01,11,10890,买盘
1205,13:00:53,9.89,--,30,29670,买盘
1206,13:00:44,9.89,-0.01,153,151317,卖盘
1207,13:00:38,9.9,--,6,5940,买盘
1208,13:00:29,9.9,--,0,0,买盘
1209,13:00:20,9.9,--,50,49500,买盘
1210,13:00:14,9.9,--,25,24750,买盘
1211,13:00:08,9.9,0.01,442,437580,买盘
1212,13:00:05,9.89,-0.01,318,314502,卖盘
1213,11:30:00,9.9,--,0,0,买盘
1214,11:29:59,9.9,--,0,0,买盘
1215,11:29:59,9.9,--,143,141570,买盘
1216,11:29:57,9.9,--,17,16830,买盘
1217,11:29:42,9.9,--,147,145530,买盘
1218,11:29:37,9.9,--,501,496871,卖盘
1219,11:29:27,9.9,--,497,492030,卖盘
1220,11:29:21,9.9,-0.01,57,56430,卖盘
1221,11:29:16,9.91,0.01,50,49550,买盘
1222,11:29:12,9.9,--,527,521838,买盘
1223,11:29:07,9.9,-0.01,200,198376,卖盘
1224,11:29:01,9.91,-0.01,231,229852,卖盘
1225,11:28:56,9.92,0.01,199,197408,买盘
1226,11:28:52,9.91,--,143,142604,卖盘
1227,11:28:46,9.91,--,32,31712,卖盘
1228,11:28:42,9.91,-0.01,24,23784,卖盘
1229,11:28:36,9.92,0.01,462,458462,买盘
1230,11:28:31,9.91,--,22,21802,卖盘
1231,11:28:26,9.91,-0.01,18,17838,卖盘
1232,11:28:22,9.92,0.02,60,59520,买盘
1233,11:28:16,9.9,--,80,79200,卖盘
1234,11:28:11,9.9,-0.01,169,168230,卖盘
1235,11:28:06,9.91,-0.01,1,991,买盘
1236,11:27:51,9.92,0.01,611,606191,买盘
1237,11:27:46,9.91,-0.01,50,49550,卖盘
1238,11:27:41,9.92,--,10,9920,买盘
1239,11:27:36,9.92,--,276,273792,买盘
1240,11:27:31,9.92,0.01,69,68864,买盘
1241,11:27:26,9.91,--,30,29730,卖盘
1242,11:27:21,9.91,--,208,206623,买盘
1243,11:27:15,9.91,--,27,26757,买盘
1244,11:27:10,9.91,0.01,359,356452,买盘
1245,11:27:06,9.9,-0.01,315,311850,卖盘
1246,11:26:55,9.91,0.01,141,139731,买盘
1247,11:26:51,9.9,--,17,16830,买盘
1248,11:26:46,9.9,0.01,14,13860,买盘
1249,11:26:40,9.89,-0.01,50,49450,卖盘
1250,11:26:36,9.9,--,33,32670,卖盘
1251,11:26:31,9.9,0.01,39,38610,卖盘
1252,11:26:25,9.89,0.01,407,402523,卖盘
1253,11:26:21,9.88,-0.01,5,4940,卖盘
1254,11:26:16,9.89,-0.01,27,26703,中性盘
1255,11:26:10,9.9,0.02,658,651420,买盘
1256,11:26:01,9.88,0.02,436,430768,买盘
1257,11:25:54,9.86,0.01,30,29580,买盘
1258,11:25:51,9.85,-0.03,7,6895,卖盘
1259,11:25:45,9.88,0.02,1092,1078896,买盘
1260,11:25:39,9.86,0.01,4,3944,买盘
1261,11:25:36,9.85,--,5,4925,买盘
1262,11:25:30,9.85,--,60,59100,买盘
1263,11:25:24,9.85,-0.01,235,231475,卖盘
1264,11:25:16,9.86,--,27,26622,卖盘
1265,11:25:10,9.86,--,3,2958,卖盘
1266,11:25:06,9.86,--,5,4930,卖盘
1267,11:25:00,9.86,-0.01,18,17748,卖盘
1268,11:24:54,9.87,0.01,17,16779,买盘
1269,11:24:51,9.86,--,76,75429,卖盘
1270,11:24:30,9.86,--,63,62118,卖盘
1271,11:24:25,9.86,--,10,9860,卖盘
1272,11:24:21,9.86,-0.01,12,11832,卖盘
1273,11:24:15,9.87,--,54,53297,卖盘
1274,11:24:06,9.87,0.01,74,73038,买盘
1275,11:24:00,9.86,-0.01,79,77894,卖盘
1276,11:23:54,9.87,0.01,5,4935,买盘
1277,11:23:51,9.86,--,5,4930,卖盘
1278,11:23:45,9.86,-0.01,2,1972,卖盘
1279,11:23:40,9.87,--,2,1973,买盘
1280,11:23:30,9.87,0.01,24,23687,买盘
1281,11:23:24,9.86,--,2,1972,卖盘
1282,11:23:21,9.86,--,143,140998,卖盘
1283,11:23:15,9.86,-0.01,10,9860,卖盘
1284,11:23:09,9.87,--,12,11843,卖盘
1285,11:23:06,9.87,--,73,72051,买盘
1286,11:23:00,9.87,0.01,23,22701,中性盘
1287,11:22:55,9.86,-0.01,150,147900,卖盘
1288,11:22:51,9.87,--,28,27635,买盘
1289,11:22:45,9.87,0.01,2,1973,买盘
1290,11:22:39,9.86,-0.01,29,28594,卖盘
1291,11:22:36,9.87,--,116,114491,买盘
1292,11:22:20,9.87,--,15,14804,买盘
1293,11:22:15,9.87,--,16,15791,买盘
1294,11:22:09,9.87,-0.01,62,61193,卖盘
1295,11:22:06,9.88,--,17,16796,买盘
1296,11:22:00,9.88,0.01,35,34580,买盘
1297,11:21:54,9.87,-0.01,41,40467,卖盘
1298,11:21:51,9.88,--,5,4940,买盘
1299,11:21:45,9.88,0.01,51,50388,买盘
1300,11:21:39,9.87,-0.01,189,186542,卖盘
1301,11:21:36,9.88,--,42,41496,买盘
1302,11:21:30,9.88,--,50,49400,买盘
1303,11:21:24,9.88,--,30,29640,买盘
1304,11:21:15,9.88,--,20,19760,买盘
1305,11:21:05,9.88,0.01,12,11856,买盘
1306,11:20:50,9.87,-0.01,54,53297,卖盘
1307,11:20:45,9.88,0.01,12,11856,买盘
1308,11:20:35,9.87,--,22,21714,卖盘
1309,11:20:30,9.87,--,1,986,卖盘
1310,11:20:15,9.87,--,110,108569,卖盘
1311,11:20:03,9.87,0.01,184,181608,买盘
1312,11:20:00,9.86,-0.01,13,12818,卖盘
1313,11:19:54,9.87,0.01,7,6908,买盘
1314,11:19:48,9.86,-0.01,8,7888,卖盘
1315,11:19:45,9.87,0.01,1,986,买盘
1316,11:19:39,9.86,--,10,9860,卖盘
1317,11:19:33,9.86,-0.01,50,49300,卖盘
1318,11:19:30,9.87,--,81,79947,卖盘
1319,11:19:24,9.87,--,89,87843,买盘
1320,11:19:15,9.87,--,47,46388,卖盘
1321,11:19:03,9.87,0.01,6,5921,买盘
1322,11:19:00,9.86,-0.01,28,27608,卖盘
1323,11:18:45,9.87,--,0,0,买盘
1324,11:18:39,9.87,--,14,13817,买盘
1325,11:18:33,9.87,0.02,6,5921,中性盘
1326,11:18:30,9.85,-0.01,46,45310,卖盘
1327,11:18:24,9.86,--,12,11832,卖盘
1328,11:18:18,9.86,-0.02,115,113390,卖盘
1329,11:18:09,9.88,0.01,15,14820,买盘
1330,11:18:03,9.87,0.01,5,4935,卖盘
1331,11:17:48,9.86,--,42,41412,卖盘
1332,11:17:45,9.86,-0.01,22,21692,卖盘
1333,11:17:39,9.87,0.01,60,59219,买盘
1334,11:17:33,9.86,-0.01,20,19720,卖盘
1335,11:17:30,9.87,--,28,27635,卖盘
1336,11:17:18,9.87,-0.03,6,5921,卖盘
1337,11:17:09,9.9,--,0,0,买盘
1338,11:17:03,9.9,--,0,0,买盘
1339,11:17:00,9.9,--,23,22770,买盘
1340,11:16:54,9.9,--,368,364320,买盘
1341,11:16:48,9.9,--,16,15840,买盘
1342,11:16:45,9.9,--,12,11880,买盘
1343,11:16:30,9.9,--,56,55440,买盘
1344,11:16:24,9.9,0.01,19,18810,买盘
1345,11:16:18,9.89,-0.01,26,25714,卖盘
1346,11:16:15,9.9,--,26,25740,买盘
1347,11:16:09,9.9,--,5,4950,买盘
1348,11:16:03,9.9,0.01,30,29700,买盘
1349,11:16:00,9.89,-0.01,55,54395,卖盘
1350,11:15:54,9.9,--,65,64350,买盘
1351,11:15:48,9.9,--,42,41580,买盘
1352,11:15:45,9.9,-0.01,246,243678,卖盘
1353,11:15:39,9.91,--,101,100091,卖盘
1354,11:15:33,9.91,0.01,16,15856,买盘
1355,11:15:30,9.9,-0.01,57,56697,卖盘
1356,11:15:24,9.91,0.01,331,328021,买盘
1357,11:15:18,9.9,--,3,2970,卖盘
1358,11:15:15,9.9,--,5,4950,卖盘
1359,11:15:09,9.9,--,73,72854,卖盘
1360,11:15:03,9.9,--,19,18810,卖盘
1361,11:14:59,9.9,--,587,581130,卖盘
1362,11:14:54,9.9,--,113,111870,买盘
1363,11:14:48,9.9,--,140,138600,买盘
1364,11:14:44,9.9,--,150,148500,买盘
1365,11:14:39,9.9,--,143,141570,买盘
1366,11:14:33,9.9,0.01,97,96030,买盘
1367,11:14:29,9.89,-0.01,148,146372,卖盘
1368,11:14:24,9.9,--,17,16830,买盘
1369,11:14:18,9.9,--,30,29700,买盘
1370,11:14:14,9.9,--,110,108900,买盘
1371,11:14:09,9.9,0.01,33,32670,买盘
1372,11:14:03,9.89,--,20,19780,卖盘
1373,11:13:59,9.89,-0.01,89,88021,卖盘
1374,11:13:54,9.9,0.01,215,212850,买盘
1375,11:13:44,9.89,-0.01,631,624059,卖盘
1376,11:13:39,9.9,--,67,66330,买盘
1377,11:13:29,9.9,--,6,5940,买盘
1378,11:13:24,9.9,0.01,35,34650,买盘
1379,11:13:14,9.89,--,102,100878,买盘
1380,11:13:09,9.89,0.02,77,76153,买盘
1381,11:13:03,9.87,-0.01,229,226022,卖盘
1382,11:12:59,9.88,--,1,988,中性盘
1383,11:12:54,9.88,--,49,48412,卖盘
1384,11:12:48,9.88,0.01,146,144248,买盘
1385,11:12:44,9.87,--,1,986,卖盘
1386,11:12:39,9.87,--,5,4935,卖盘
1387,11:12:33,9.87,-0.01,17,16779,卖盘
1388,11:12:27,9.88,0.01,77,76076,买盘
1389,11:12:18,9.87,-0.01,10,9870,卖盘
1390,11:12:12,9.88,--,36,35568,买盘
1391,11:12:03,9.88,--,52,51376,买盘
1392,11:11:54,9.88,--,7,6916,买盘
1393,11:11:42,9.88,0.01,20,19760,买盘
1394,11:11:39,9.87,--,39,38493,卖盘
1395,11:11:33,9.87,-0.01,33,32570,卖盘
1396,11:11:27,9.88,0.01,5,4940,买盘
1397,11:11:24,9.87,-0.01,25,24674,卖盘
1398,11:11:18,9.88,--,0,0,买盘
1399,11:11:12,9.88,--,219,216372,买盘
1400,11:11:09,9.88,--,24,23712,买盘
1401,11:11:03,9.88,0.01,9,8892,买盘
1402,11:10:57,9.87,-0.01,85,83895,卖盘
1403,11:10:54,9.88,0.01,133,131404,买盘
1404,11:10:48,9.87,--,8,7895,卖盘
1405,11:10:42,9.87,--,5,4935,卖盘
1406,11:10:39,9.87,--,9,8883,卖盘
1407,11:10:33,9.87,-0.02,90,88830,卖盘
1408,11:10:27,9.89,0.01,17,16813,买盘
1409,11:10:24,9.88,0.01,115,113620,买盘
1410,11:10:18,9.87,-0.01,1,986,卖盘
1411,11:10:12,9.88,0.01,67,66196,买盘
1412,11:10:09,9.87,--,12,11843,卖盘
1413,11:09:57,9.87,0.01,21,20727,买盘
1414,11:09:54,9.86,-0.01,119,117334,卖盘
1415,11:09:48,9.87,--,61,60206,买盘
1416,11:09:42,9.87,--,238,234905,买盘
1417,11:09:39,9.87,--,97,95738,买盘
1418,11:09:33,9.87,-0.01,333,328671,卖盘
1419,11:09:24,9.88,0.01,70,69160,买盘
1420,11:09:18,9.87,-0.01,187,184568,卖盘
1421,11:09:12,9.88,--,6,6718,卖盘
1422,11:09:09,9.88,--,57,56316,卖盘
1423,11:09:03,9.88,--,35,34580,卖盘
1424,11:08:57,9.88,--,17,16796,卖盘
1425,11:08:48,9.88,-0.01,36,35568,卖盘
1426,11:08:42,9.89,0.01,7,6923,买盘
1427,11:08:39,9.88,-0.01,10,9880,卖盘
1428,11:08:33,9.89,--,15,14835,买盘
1429,11:08:27,9.89,0.01,5,4945,买盘
1430,11:08:24,9.88,-0.01,239,236132,卖盘
1431,11:08:18,9.89,-0.01,205,202745,卖盘
1432,11:08:09,9.9,--,23,22770,买盘
1433,11:08:03,9.9,-0.02,142,140580,卖盘
1434,11:07:57,9.92,0.02,134,132928,买盘
1435,11:07:53,9.9,-0.02,10,9900,卖盘
1436,11:07:48,9.92,--,239,237088,买盘
1437,11:07:42,9.92,0.02,19,18848,买盘
1438,11:07:38,9.9,-0.02,141,139590,卖盘
1439,11:07:33,9.92,0.01,220,218240,买盘
1440,11:07:23,9.91,--,105,104055,卖盘
1441,11:07:18,9.91,--,27,26757,卖盘
1442,11:07:12,9.91,-0.01,18,17838,卖盘
1443,11:07:08,9.92,--,128,126976,卖盘
1444,11:07:03,9.92,-0.01,53,52576,卖盘
1445,11:06:57,9.93,0.01,33,32769,买盘
1446,11:06:48,9.92,-0.01,49,48608,卖盘
1447,11:06:42,9.93,--,72,71496,买盘
1448,11:06:38,9.93,0.02,107,106251,买盘
1449,11:06:33,9.91,-0.03,82,81262,卖盘
1450,11:06:27,9.94,0.01,604,600376,买盘
1451,11:06:23,9.93,--,10,9930,卖盘
1452,11:06:18,9.93,--,110,109230,买盘
1453,11:06:12,9.93,0.01,149,147957,买盘
1454,11:06:03,9.92,--,67,66464,买盘
1455,11:05:57,9.92,0.01,190,188480,买盘
1456,11:05:53,9.91,-0.01,23,22793,卖盘
1457,11:05:48,9.92,0.01,115,114080,买盘
1458,11:05:42,9.91,-0.01,136,134776,卖盘
1459,11:05:38,9.92,0.01,17,16864,买盘
1460,11:05:33,9.91,0.01,974,965234,买盘
1461,11:05:27,9.9,--,171,169290,买盘
1462,11:05:21,9.9,0.01,101,99990,买盘
1463,11:05:18,9.89,-0.01,225,222525,卖盘
1464,11:05:12,9.9,--,29,28710,买盘
1465,11:05:06,9.9,0.01,42,41580,买盘
1466,11:05:03,9.89,-0.01,105,103845,卖盘
1467,11:04:57,9.9,0.01,33,32670,买盘
1468,11:04:51,9.89,--,268,265052,卖盘
1469,11:04:48,9.89,--,198,196019,买盘
1470,11:04:42,9.89,--,59,59142,卖盘
1471,11:04:36,9.89,--,214,211843,买盘
1472,11:04:33,9.89,--,70,69230,买盘
1473,11:04:27,9.89,--,28,27692,买盘
1474,11:04:21,9.89,0.01,100,98900,买盘
1475,11:04:18,9.88,-0.01,44,43472,中性盘
1476,11:04:12,9.89,--,124,123427,卖盘
1477,11:04:03,9.89,--,107,105823,卖盘
1478,11:03:57,9.89,0.01,145,143602,买盘
1479,11:03:48,9.88,--,289,285532,买盘
1480,11:03:42,9.88,--,378,373464,卖盘
1481,11:03:36,9.88,-0.01,117,115596,卖盘
1482,11:03:33,9.89,--,468,462852,卖盘
1483,11:03:27,9.89,--,140,138460,卖盘
1484,11:03:21,9.89,--,10,9890,卖盘
1485,11:03:18,9.89,-0.01,22,21758,卖盘
1486,11:03:12,9.9,-0.01,21,20790,中性盘
1487,11:03:06,9.91,--,71,71153,买盘
1488,11:03:03,9.91,0.01,220,218020,中性盘
1489,11:02:57,9.9,-0.01,94,93376,卖盘
1490,11:02:51,9.91,0.01,6,5946,买盘
1491,11:02:48,9.9,-0.01,283,280170,卖盘
1492,11:02:42,9.91,0.01,206,204146,买盘
1493,11:02:36,9.9,--,35,34650,卖盘
1494,11:02:33,9.9,-0.01,532,527551,卖盘
1495,11:02:27,9.91,0.01,83,82253,买盘
1496,11:02:21,9.9,--,146,144540,卖盘
1497,11:02:18,9.9,--,189,187110,卖盘
1498,11:02:12,9.9,--,11,10890,卖盘
1499,11:02:06,9.9,--,60,59400,卖盘
1500,11:02:03,9.9,0.02,435,430650,买盘
1501,11:01:57,9.88,--,168,165984,卖盘
1502,11:01:51,9.88,--,81,80028,卖盘
1503,11:01:48,9.88,--,90,88920,卖盘
1504,11:01:42,9.88,-0.02,84,82992,卖盘
1505,11:01:36,9.9,0.02,5,4950,买盘
1506,11:01:32,9.88,--,14,13832,卖盘
1507,11:01:27,9.88,--,85,83980,卖盘
1508,11:01:21,9.88,--,148,146224,卖盘
1509,11:01:17,9.88,-0.02,98,96824,卖盘
1510,11:01:12,9.9,-0.01,118,116820,卖盘
1511,11:01:06,9.91,0.01,103,102073,买盘
1512,11:01:02,9.9,-0.01,109,107910,卖盘
1513,11:00:57,9.91,-0.01,63,62433,卖盘
1514,11:00:51,9.92,--,48,47616,买盘
1515,11:00:47,9.92,0.01,24,23808,中性盘
1516,11:00:42,9.91,-0.01,57,56487,卖盘
1517,11:00:36,9.92,-0.01,27,26784,卖盘
1518,11:00:32,9.93,0.03,221,219453,买盘
1519,11:00:27,9.9,-0.01,54,53460,卖盘
1520,11:00:21,9.91,-0.01,64,63424,卖盘
1521,11:00:17,9.92,0.02,345,342240,买盘
1522,11:00:12,9.9,-0.01,349,345510,卖盘
1523,11:00:06,9.91,--,77,76307,卖盘
1524,11:00:02,9.91,--,97,96127,卖盘
1525,10:59:57,9.91,-0.01,209,207119,卖盘
1526,10:59:51,9.92,--,368,365056,买盘
1527,10:59:47,9.92,-0.01,221,219232,中性盘
1528,10:59:42,9.93,0.01,185,183705,买盘
1529,10:59:36,9.92,--,273,270816,卖盘
1530,10:59:32,9.92,--,270,267840,卖盘
1531,10:59:27,9.92,--,59,58528,卖盘
1532,10:59:21,9.92,0.01,232,230144,买盘
1533,10:59:17,9.91,--,33,32703,卖盘
1534,10:59:12,9.91,-0.01,15,14865,卖盘
1535,10:59:06,9.92,-0.02,44,43648,卖盘
1536,10:59:02,9.94,-0.01,10,9940,中性盘
1537,10:58:57,9.95,--,280,278600,买盘
1538,10:58:51,9.95,-0.01,302,300490,卖盘
1539,10:58:47,9.96,--,15,14940,买盘
1540,10:58:42,9.96,--,219,218124,卖盘
1541,10:58:36,9.96,-0.01,175,174300,卖盘
1542,10:58:32,9.97,-0.01,61,60817,买盘
1543,10:58:27,9.98,0.01,818,816364,买盘
1544,10:58:21,9.97,-0.01,268,267196,卖盘
1545,10:58:17,9.98,--,66,65868,买盘
1546,10:58:12,9.98,--,496,495008,买盘
1547,10:58:06,9.98,--,234,233532,卖盘
1548,10:58:00,9.98,-0.01,38,37924,卖盘
1549,10:57:57,9.99,0.02,460,459540,买盘
1550,10:57:51,9.97,0.01,361,359917,中性盘
1551,10:57:45,9.96,-0.01,617,614532,卖盘
1552,10:57:42,9.97,0.03,161,160517,买盘
1553,10:57:36,9.94,-0.01,255,253470,中性盘
1554,10:57:30,9.95,0.02,318,316410,买盘
1555,10:57:27,9.93,0.01,101,100293,买盘
1556,10:57:21,9.92,0.02,164,162688,买盘
1557,10:57:15,9.9,--,116,114919,买盘
1558,10:57:11,9.9,0.04,1082,1071180,买盘
1559,10:57:06,9.86,-0.01,163,160718,中性盘
1560,10:57:00,9.87,-0.02,76,75012,中性盘
1561,10:56:57,9.89,0.03,5876,5811364,买盘
1562,10:56:51,9.86,-0.01,13,12818,卖盘
1563,10:56:45,9.87,0.01,15,14804,买盘
1564,10:56:41,9.86,--,362,356932,卖盘
1565,10:56:36,9.86,--,82,80852,卖盘
1566,10:56:30,9.86,-0.01,126,124236,卖盘
1567,10:56:27,9.87,-0.01,76,75012,卖盘
1568,10:56:21,9.88,0.01,235,232180,买盘
1569,10:56:15,9.87,-0.01,2,1973,中性盘
1570,10:56:12,9.88,0.01,619,611572,买盘
1571,10:56:06,9.87,--,292,288204,买盘
1572,10:56:00,9.87,0.01,39,38493,买盘
1573,10:55:57,9.86,-0.01,554,546244,卖盘
1574,10:55:51,9.87,--,190,187529,卖盘
1575,10:55:45,9.87,-0.01,65,64154,卖盘
1576,10:55:41,9.88,--,55,54340,买盘
1577,10:55:36,9.88,0.01,341,336908,买盘
1578,10:55:30,9.87,--,26,25661,买盘
1579,10:55:26,9.87,--,140,138180,买盘
1580,10:55:21,9.87,--,228,225035,卖盘
1581,10:55:15,9.87,-0.01,57,56258,卖盘
1582,10:55:11,9.88,0.01,138,136344,买盘
1583,10:55:06,9.87,--,362,357294,买盘
1584,10:55:00,9.87,0.01,210,207269,买盘
1585,10:54:56,9.86,-0.01,55,54230,卖盘
1586,10:54:51,9.87,--,130,128309,买盘
1587,10:54:45,9.87,0.01,63,62180,买盘
1588,10:54:41,9.86,--,358,352988,卖盘
1589,10:54:36,9.86,--,717,706962,卖盘
1590,10:54:30,9.86,-0.01,39,38454,卖盘
1591,10:54:26,9.87,0.01,353,348411,买盘
1592,10:54:21,9.86,0.01,184,181424,买盘
1593,10:54:15,9.85,-0.01,6,5910,卖盘
1594,10:54:11,9.86,--,145,142970,买盘
1595,10:54:06,9.86,-0.01,113,111418,卖盘
1596,10:54:00,9.87,0.01,136,134232,买盘
1597,10:53:56,9.86,--,23,22678,卖盘
1598,10:53:51,9.86,0.01,153,150858,买盘
1599,10:53:45,9.85,-0.01,130,128050,卖盘
1600,10:53:41,9.86,--,706,696116,买盘
1601,10:53:36,9.86,0.01,82,80852,买盘
1602,10:53:30,9.85,--,22,21670,卖盘
1603,10:53:21,9.85,--,362,356570,卖盘
1604,10:53:15,9.85,--,82,80770,卖盘
1605,10:53:11,9.85,-0.01,20,19700,卖盘
1606,10:53:06,9.86,0.01,229,226148,买盘
1607,10:53:00,9.85,0.01,834,821490,买盘
1608,10:52:56,9.84,--,15,14760,卖盘
1609,10:52:51,9.84,--,119,117096,卖盘
1610,10:52:45,9.84,-0.01,75,73800,卖盘
1611,10:52:41,9.85,0.01,63,62055,买盘
1612,10:52:36,9.84,--,425,418200,卖盘
1613,10:52:30,9.84,-0.01,83,81672,卖盘
1614,10:52:26,9.85,0.01,12,11820,买盘
1615,10:52:21,9.84,--,92,90528,卖盘
1616,10:52:15,9.84,--,78,76752,卖盘
1617,10:52:11,9.84,--,100,98400,卖盘
1618,10:52:06,9.84,--,111,109224,买盘
1619,10:52:00,9.84,--,261,256824,买盘
1620,10:51:56,9.84,0.01,440,432960,买盘
1621,10:51:51,9.83,--,146,143518,卖盘
1622,10:51:45,9.83,--,265,260495,卖盘
1623,10:51:36,9.83,--,87,85521,买盘
1624,10:51:30,9.83,--,565,555395,买盘
1625,10:51:26,9.83,--,95,93385,买盘
1626,10:51:21,9.83,0.01,12,11796,买盘
1627,10:51:15,9.82,--,4,3928,卖盘
1628,10:51:11,9.82,--,8,7856,卖盘
1629,10:51:06,9.82,0.02,341,335353,买盘
1630,10:51:00,9.8,--,216,211680,卖盘
1631,10:50:51,9.8,--,82,80360,卖盘
1632,10:50:45,9.8,--,45,44805,买盘
1633,10:50:36,9.8,--,3,2940,买盘
1634,10:50:30,9.8,0.01,47,46060,买盘
1635,10:50:21,9.79,-0.01,1,978,中性盘
1636,10:50:15,9.8,--,180,176400,买盘
1637,10:50:11,9.8,--,15,14700,买盘
1638,10:50:06,9.8,0.01,144,141120,买盘
1639,10:50:00,9.79,--,27,26432,卖盘
1640,10:49:45,9.79,--,1,978,卖盘
1641,10:49:39,9.79,--,59,57760,买盘
1642,10:49:36,9.79,0.01,11,10768,买盘
1643,10:49:30,9.78,-0.01,20,19560,卖盘
1644,10:49:24,9.79,-0.01,205,200694,卖盘
1645,10:49:20,9.8,0.01,30,29400,买盘
1646,10:49:15,9.79,0.01,1,978,买盘
1647,10:49:09,9.78,-0.02,10,9780,卖盘
1648,10:49:05,9.8,--,50,49000,买盘
1649,10:49:00,9.8,--,5,4900,买盘
1650,10:48:54,9.8,--,32,31360,买盘
1651,10:48:50,9.8,0.02,7,6860,买盘
1652,10:48:45,9.78,-0.02,333,325674,卖盘
1653,10:48:39,9.8,--,10,9800,买盘
1654,10:48:35,9.8,--,29,28420,买盘
1655,10:48:30,9.8,--,19,18620,买盘
1656,10:48:24,9.8,--,1,980,买盘
1657,10:48:20,9.8,--,709,694820,买盘
1658,10:48:15,9.8,--,856,839742,卖盘
1659,10:48:09,9.8,--,50,49000,卖盘
1660,10:48:05,9.8,--,25,24500,卖盘
1661,10:48:00,9.8,0.02,351,344097,买盘
1662,10:47:50,9.78,-0.02,267,261125,卖盘
1663,10:47:45,9.8,0.01,2100,2058000,买盘
1664,10:47:39,9.79,0.01,24,23495,买盘
1665,10:47:35,9.78,-0.01,20,19560,卖盘
1666,10:47:30,9.79,--,123,120416,卖盘
1667,10:47:24,9.79,0.01,4,3915,买盘
1668,10:47:20,9.78,-0.01,45,44010,卖盘
1669,10:47:15,9.79,0.01,26,25453,买盘
1670,10:47:09,9.78,-0.01,316,309048,卖盘
1671,10:47:05,9.79,0.01,253,248098,买盘
1672,10:47:00,9.78,-0.01,61,59657,卖盘
1673,10:46:54,9.79,0.01,32,31327,买盘
1674,10:46:50,9.78,-0.01,165,161370,卖盘
1675,10:46:45,9.79,--,50,48949,买盘
1676,10:46:39,9.79,--,37,36223,买盘
1677,10:46:35,9.79,--,73,71467,买盘
1678,10:46:30,9.79,-0.01,164,161417,卖盘
1679,10:46:24,9.8,--,25,24500,买盘
1680,10:46:20,9.8,--,85,83300,买盘
1681,10:46:15,9.8,-0.01,43,42140,买盘
1682,10:46:09,9.81,--,31,30411,买盘
1683,10:46:05,9.81,--,17,16677,买盘
1684,10:46:00,9.81,--,134,131454,卖盘
1685,10:45:54,9.81,--,617,605277,买盘
1686,10:45:50,9.81,0.01,104,102024,买盘
1687,10:45:45,9.8,--,450,441000,买盘
1688,10:45:39,9.8,-0.01,882,864850,卖盘
1689,10:45:35,9.81,0.01,70,68670,买盘
1690,10:45:30,9.8,--,52,51450,卖盘
1691,10:45:24,9.8,-0.01,121,118580,卖盘
1692,10:45:20,9.81,0.01,157,154017,买盘
1693,10:45:15,9.8,--,332,325360,买盘
1694,10:45:09,9.8,--,720,705717,买盘
1695,10:45:00,9.8,-0.01,175,171500,卖盘
1696,10:44:54,9.81,0.01,81,79461,买盘
1697,10:44:50,9.8,-0.01,106,103880,卖盘
1698,10:44:45,9.81,--,94,92214,买盘
1699,10:44:39,9.81,--,78,76518,买盘
1700,10:44:35,9.81,--,218,213858,买盘
1701,10:44:30,9.81,--,23,22563,卖盘
1702,10:44:24,9.81,0.01,163,159903,买盘
1703,10:44:20,9.8,-0.01,41,40180,卖盘
1704,10:44:15,9.81,0.01,22,21582,买盘
1705,10:44:09,9.8,-0.01,11,10780,卖盘
1706,10:44:05,9.81,0.01,50,49050,买盘
1707,10:44:00,9.8,-0.01,63,61740,买盘
1708,10:43:54,9.81,0.01,86,84366,买盘
1709,10:43:50,9.8,-0.02,31,30380,卖盘
1710,10:43:45,9.82,0.02,22,21604,买盘
1711,10:43:39,9.8,0.01,61,59780,卖盘
1712,10:43:35,9.79,-0.02,3,2936,卖盘
1713,10:43:30,9.81,0.01,100,98100,买盘
1714,10:43:24,9.8,--,13,12740,买盘
1715,10:43:20,9.8,0.01,24,23520,买盘
1716,10:43:15,9.79,--,681,666699,买盘
1717,10:43:09,9.79,0.01,6,5873,买盘
1718,10:43:05,9.78,-0.01,5,4890,卖盘
1719,10:43:00,9.79,0.01,10,9790,买盘
1720,10:42:54,9.78,--,3,2934,卖盘
1721,10:42:50,9.78,--,84,82152,买盘
1722,10:42:45,9.78,--,5,4890,买盘
1723,10:42:39,9.78,--,17,16626,买盘
1724,10:42:35,9.78,0.03,25,24450,买盘
1725,10:42:30,9.75,-0.03,219,213525,卖盘
1726,10:42:24,9.78,-0.04,67,65525,卖盘
1727,10:42:18,9.82,0.04,1087,1067434,买盘
1728,10:42:14,9.78,--,154,150612,买盘
1729,10:42:09,9.78,0.02,36,35208,买盘
1730,10:42:03,9.76,-0.02,22,21472,卖盘
1731,10:41:45,9.78,-0.01,12,11736,卖盘
1732,10:41:39,9.79,0.01,11,10768,买盘
1733,10:41:33,9.78,-0.01,5,4890,卖盘
1734,10:41:24,9.79,0.04,64,62655,买盘
1735,10:41:18,9.75,--,0,0,卖盘
1736,10:41:14,9.75,-0.04,20,19500,卖盘
1737,10:41:09,9.79,0.02,111,108668,买盘
1738,10:40:59,9.77,0.02,57,55689,买盘
1739,10:40:54,9.75,--,78,76050,卖盘
1740,10:40:44,9.75,--,0,0,卖盘
1741,10:40:39,9.75,-0.03,724,706455,卖盘
1742,10:40:33,9.78,-0.02,100,97800,卖盘
1743,10:40:29,9.8,--,5,4900,买盘
1744,10:40:24,9.8,--,15,14700,买盘
1745,10:40:18,9.8,--,65,63700,卖盘
1746,10:40:14,9.8,--,107,104860,卖盘
1747,10:40:09,9.8,--,34,33320,卖盘
1748,10:40:03,9.8,--,0,0,卖盘
1749,10:39:59,9.8,-0.01,120,117600,卖盘
1750,10:39:54,9.81,--,55,53955,卖盘
1751,10:39:48,9.81,0.01,421,413001,买盘
1752,10:39:44,9.8,-0.01,25,24500,卖盘
1753,10:39:39,9.81,0.01,102,100062,买盘
1754,10:39:33,9.8,-0.01,100,98000,卖盘
1755,10:39:29,9.81,0.01,50,49050,买盘
1756,10:39:24,9.8,--,97,95060,卖盘
1757,10:39:18,9.8,--,78,76440,卖盘
1758,10:39:14,9.8,--,1,980,卖盘
1759,10:39:09,9.8,--,10,9800,卖盘
1760,10:39:03,9.8,-0.01,80,78400,卖盘
1761,10:38:59,9.81,--,20,19620,买盘
1762,10:38:48,9.81,-0.01,35,34335,卖盘
1763,10:38:39,9.82,0.01,20,19640,买盘
1764,10:38:32,9.81,-0.01,75,73575,卖盘
1765,10:38:29,9.82,--,43,42226,买盘
1766,10:38:24,9.82,--,17,16694,买盘
1767,10:38:18,9.82,--,39,38298,买盘
1768,10:38:14,9.82,0.01,136,133552,买盘
1769,10:38:09,9.81,0.01,139,136359,买盘
1770,10:38:03,9.8,--,91,89180,卖盘
1771,10:37:59,9.8,--,1,980,卖盘
1772,10:37:53,9.8,--,125,122500,卖盘
1773,10:37:48,9.8,--,115,112700,买盘
1774,10:37:44,9.8,--,217,212660,买盘
1775,10:37:39,9.8,0.02,184,180320,买盘
1776,10:37:33,9.78,-0.02,21,20538,中性盘
1777,10:37:29,9.8,0.02,23,22540,买盘
1778,10:37:24,9.78,--,32,31295,卖盘
1779,10:37:18,9.78,0.01,2,1955,中性盘
1780,10:37:14,9.77,-0.03,3,2931,卖盘
1781,10:37:09,9.8,0.03,2758,2702840,买盘
1782,10:37:03,9.77,0.01,579,565683,买盘
1783,10:36:59,9.76,--,8,7808,卖盘
1784,10:36:54,9.76,--,26,25376,卖盘
1785,10:36:44,9.76,--,25,24400,卖盘
1786,10:36:39,9.76,-0.01,2,1952,卖盘
1787,10:36:33,9.77,0.01,81,79137,买盘
1788,10:36:29,9.76,-0.01,12,11712,卖盘
1789,10:36:23,9.77,0.01,10,9770,买盘
1790,10:36:14,9.76,-0.01,7,6832,卖盘
1791,10:36:09,9.77,--,21,20517,买盘
1792,10:36:02,9.77,--,60,58620,买盘
1793,10:35:59,9.77,--,5,4885,买盘
1794,10:35:48,9.77,--,106,103562,买盘
1795,10:35:44,9.77,--,15,14655,卖盘
1796,10:35:32,9.77,-0.01,17,16609,卖盘
1797,10:35:29,9.78,0.01,11,10758,买盘
1798,10:35:24,9.77,--,13,12701,买盘
1799,10:35:18,9.77,0.01,14,13678,买盘
1800,10:35:13,9.76,--,19,18544,卖盘
1801,10:35:08,9.76,--,2,1952,卖盘
1802,10:35:03,9.76,--,234,228384,买盘
1803,10:34:59,9.76,--,30,29280,买盘
1804,10:34:53,9.76,--,1,976,买盘
1805,10:34:48,9.76,--,22,21472,买盘
1806,10:34:39,9.76,--,39,38064,买盘
1807,10:34:33,9.76,0.01,123,120048,买盘
1808,10:34:27,9.75,--,26,25350,买盘
1809,10:34:23,9.75,0.01,34,33150,买盘
1810,10:34:18,9.74,--,1,974,卖盘
1811,10:34:08,9.74,--,196,190904,买盘
1812,10:34:03,9.74,0.01,20,19480,买盘
1813,10:33:57,9.73,--,23,22379,卖盘
1814,10:33:53,9.73,--,60,58380,买盘
1815,10:33:48,9.73,--,121,117733,卖盘
1816,10:33:38,9.73,--,85,82705,买盘
1817,10:33:32,9.73,0.01,20,19460,买盘
1818,10:33:27,9.72,--,0,0,卖盘
1819,10:33:23,9.72,-0.01,28,27216,卖盘
1820,10:33:18,9.73,--,39,37947,卖盘
1821,10:33:12,9.73,0.01,10,9730,买盘
1822,10:33:08,9.72,--,24,23328,卖盘
1823,10:33:02,9.72,0.01,185,179820,买盘
1824,10:32:56,9.71,--,10,9710,卖盘
1825,10:32:53,9.71,--,4,3884,卖盘
1826,10:32:47,9.71,-0.02,184,178664,卖盘
1827,10:32:41,9.73,0.02,801,779373,买盘
1828,10:32:38,9.71,-0.01,300,291300,卖盘
1829,10:32:33,9.72,0.01,1,972,中性盘
1830,10:32:27,9.71,-0.02,154,149534,卖盘
1831,10:32:23,9.73,--,3,2919,买盘
1832,10:32:17,9.73,0.01,116,112868,买盘
1833,10:32:12,9.72,--,96,93312,卖盘
1834,10:32:08,9.72,--,8,7776,卖盘
1835,10:32:03,9.72,-0.01,80,77760,卖盘
1836,10:31:56,9.73,--,79,76867,卖盘
1837,10:31:53,9.73,-0.01,2,1946,卖盘
1838,10:31:47,9.74,0.01,108,105192,买盘
1839,10:31:41,9.73,--,44,42812,卖盘
1840,10:31:38,9.73,--,106,103138,卖盘
1841,10:31:32,9.73,--,69,67137,卖盘
1842,10:31:26,9.73,--,75,72975,买盘
1843,10:31:23,9.73,0.01,3,2919,买盘
1844,10:31:17,9.72,-0.01,35,34020,卖盘
1845,10:31:11,9.73,-0.01,171,166383,卖盘
1846,10:31:08,9.74,0.01,54,52596,买盘
1847,10:31:02,9.73,--,277,269521,卖盘
1848,10:30:56,9.73,--,246,239358,卖盘
1849,10:30:53,9.73,--,49,47677,卖盘
1850,10:30:47,9.73,--,259,252007,卖盘
1851,10:30:41,9.73,-0.01,7,6811,卖盘
1852,10:30:38,9.74,-0.01,119,115906,卖盘
1853,10:30:32,9.75,--,139,135525,买盘
1854,10:30:23,9.75,--,7,6825,卖盘
1855,10:30:17,9.75,--,35,34125,卖盘
1856,10:30:11,9.75,--,29,28275,卖盘
1857,10:30:08,9.75,--,14,13650,卖盘
1858,10:30:02,9.75,--,5,4875,卖盘
1859,10:29:47,9.75,--,0,0,卖盘
1860,10:29:38,9.75,-0.02,1,975,卖盘
1861,10:29:32,9.77,0.02,35,34195,买盘
1862,10:29:23,9.75,--,5,4875,卖盘
1863,10:29:17,9.75,-0.02,283,275925,卖盘
1864,10:29:11,9.77,--,20,19540,卖盘
1865,10:29:08,9.77,--,69,67413,卖盘
1866,10:28:56,9.77,--,7,6839,卖盘
1867,10:28:47,9.77,--,55,53735,卖盘
1868,10:28:32,9.77,-0.01,277,270629,卖盘
1869,10:28:22,9.78,--,46,44988,买盘
1870,10:28:17,9.78,--,10,9780,买盘
1871,10:28:11,9.78,0.01,10,9780,买盘
1872,10:28:08,9.77,-0.02,13,12701,卖盘
1873,10:28:02,9.79,0.01,50,48949,买盘
1874,10:27:56,9.78,--,2,1955,买盘
1875,10:27:47,9.78,0.01,17,16626,中性盘
1876,10:27:41,9.77,--,9,8793,卖盘
1877,10:27:37,9.77,-0.02,3,2931,卖盘
1878,10:27:32,9.79,0.02,415,406284,买盘
1879,10:27:17,9.77,--,20,19540,卖盘
1880,10:27:11,9.77,--,155,151435,买盘
1881,10:27:05,9.77,--,4,3908,买盘
1882,10:27:02,9.77,0.01,31,30287,买盘
1883,10:26:56,9.76,-0.01,1,976,卖盘
1884,10:26:41,9.77,--,21,20517,卖盘
1885,10:26:35,9.77,--,1,977,卖盘
1886,10:26:26,9.77,--,5,4885,卖盘
1887,10:26:20,9.77,--,13,12701,买盘
1888,10:26:17,9.77,0.01,17,16609,买盘
1889,10:26:11,9.76,-0.01,56,54656,卖盘
1890,10:26:02,9.77,0.01,40,39080,买盘
1891,10:25:56,9.76,--,4,3904,卖盘
1892,10:25:50,9.76,-0.01,1,976,卖盘
1893,10:25:41,9.77,--,6,5862,买盘
1894,10:25:35,9.77,-0.02,12,11724,卖盘
1895,10:25:26,9.79,0.02,11,10768,买盘
1896,10:25:20,9.77,-0.02,34,33218,卖盘
1897,10:25:17,9.79,0.02,14,13705,买盘
1898,10:25:11,9.77,--,5,4885,卖盘
1899,10:25:05,9.77,--,3,2931,卖盘
1900,10:24:56,9.77,--,2,1954,卖盘
1901,10:24:50,9.77,--,32,31264,卖盘
1902,10:24:47,9.77,0.01,58,56666,买盘
1903,10:24:41,9.76,--,33,32208,卖盘
1904,10:24:35,9.76,-0.01,10,9760,卖盘
1905,10:24:32,9.77,--,1,977,买盘
1906,10:24:20,9.77,--,10,9770,买盘
1907,10:24:17,9.77,--,8,7816,买盘
1908,10:24:11,9.77,--,5,4885,买盘
1909,10:24:05,9.77,--,10,9770,买盘
1910,10:23:50,9.77,--,10,9770,买盘
1911,10:23:47,9.77,--,0,0,买盘
1912,10:23:41,9.77,--,9,8793,买盘
1913,10:23:35,9.77,--,7,6839,买盘
1914,10:23:26,9.77,-0.03,78,76206,卖盘
1915,10:23:20,9.8,0.01,100,98000,买盘
1916,10:23:17,9.79,-0.01,3,2936,买盘
1917,10:23:11,9.8,0.01,20,19619,买盘
1918,10:23:02,9.79,--,60,58739,卖盘
1919,10:22:56,9.79,-0.01,31,30348,卖盘
1920,10:22:50,9.8,--,104,101920,买盘
1921,10:22:47,9.8,0.01,14,13720,买盘
1922,10:22:41,9.79,--,123,121376,卖盘
1923,10:22:35,9.79,-0.01,16,15663,卖盘
1924,10:22:32,9.8,0.01,34,33320,买盘
1925,10:22:26,9.79,-0.01,27,26432,卖盘
1926,10:22:17,9.8,0.01,73,71540,买盘
1927,10:22:11,9.79,0.01,293,286847,买盘
1928,10:22:05,9.78,0.03,203,198534,中性盘
1929,10:21:56,9.75,-0.03,20,19500,卖盘
1930,10:21:50,9.78,--,66,64547,买盘
1931,10:21:46,9.78,0.02,8,7823,买盘
1932,10:21:41,9.76,0.01,5,4880,中性盘
1933,10:21:35,9.75,--,104,101400,卖盘
1934,10:21:26,9.75,--,302,294450,买盘
1935,10:21:16,9.75,--,10,9750,买盘
1936,10:21:11,9.75,--,7,6825,买盘
1937,10:21:05,9.75,0.01,54,52650,买盘
1938,10:21:01,9.74,--,4,3896,卖盘
1939,10:20:56,9.74,--,80,77920,卖盘
1940,10:20:50,9.74,--,19,18506,卖盘
1941,10:20:46,9.74,--,10,9740,卖盘
1942,10:20:41,9.74,--,9,8766,卖盘
1943,10:20:35,9.74,--,154,149996,买盘
1944,10:20:31,9.74,--,7,6818,买盘
1945,10:20:26,9.74,-0.01,103,100322,卖盘
1946,10:20:16,9.75,--,62,60450,买盘
1947,10:20:05,9.75,--,0,0,买盘
1948,10:20:01,9.75,--,105,102375,买盘
1949,10:19:56,9.75,0.02,298,290550,买盘
1950,10:19:50,9.73,--,157,152761,买盘
1951,10:19:44,9.73,-0.02,285,277305,卖盘
1952,10:19:35,9.75,--,0,0,买盘
1953,10:19:29,9.75,--,41,39975,买盘
1954,10:19:26,9.75,--,43,41925,买盘
1955,10:19:20,9.75,-0.05,1204,1173900,卖盘
1956,10:19:14,9.8,--,180,176400,买盘
1957,10:19:11,9.8,--,17,16660,卖盘
1958,10:19:05,9.8,--,15,14700,卖盘
1959,10:18:59,9.8,-0.02,370,362600,卖盘
1960,10:18:56,9.82,0.02,119,116858,买盘
1961,10:18:50,9.8,0.04,97,95060,买盘
1962,10:18:44,9.76,-0.03,216,210816,卖盘
1963,10:18:35,9.79,0.03,3,2936,卖盘
1964,10:18:29,9.76,--,974,950624,卖盘
1965,10:18:20,9.76,0.01,488,476288,买盘
1966,10:18:14,9.75,0.02,753,734175,买盘
1967,10:18:11,9.73,--,207,201411,卖盘
1968,10:18:05,9.73,0.02,261,253953,买盘
1969,10:17:59,9.71,-0.02,5,4855,卖盘
1970,10:17:56,9.73,0.02,6,5838,买盘
1971,10:17:44,9.71,-0.02,5,4855,卖盘
1972,10:17:26,9.73,--,30,29190,买盘
1973,10:17:20,9.73,--,141,137193,卖盘
1974,10:17:14,9.73,--,8,7784,卖盘
1975,10:17:11,9.73,--,5,4865,卖盘
1976,10:17:05,9.73,--,168,163464,卖盘
1977,10:16:59,9.73,--,37,36001,卖盘
1978,10:16:50,9.73,--,30,29190,卖盘
1979,10:16:41,9.73,--,62,60326,卖盘
1980,10:16:35,9.73,--,18,17514,卖盘
1981,10:16:29,9.73,-0.01,219,213087,卖盘
1982,10:16:26,9.74,0.01,64,62336,买盘
1983,10:16:20,9.73,-0.01,5,4865,卖盘
1984,10:16:14,9.74,0.01,105,102270,买盘
1985,10:15:59,9.73,--,698,679154,买盘
1986,10:15:56,9.73,0.02,5,4865,买盘
1987,10:15:40,9.71,-0.02,2,1942,卖盘
1988,10:15:20,9.73,0.02,12,11676,买盘
1989,10:15:10,9.71,-0.02,2,1942,卖盘
1990,10:15:05,9.73,0.03,13,12649,买盘
1991,10:14:55,9.7,--,0,0,卖盘
1992,10:14:44,9.7,-0.03,2,1939,卖盘
1993,10:14:40,9.73,--,55,53515,买盘
1994,10:14:35,9.73,0.03,100,97300,买盘
1995,10:14:29,9.7,-0.03,5,4850,卖盘
1996,10:14:20,9.73,--,10,9730,买盘
1997,10:14:14,9.73,--,1,973,买盘
1998,10:14:10,9.73,-0.01,5,4865,中性盘
1999,10:14:05,9.74,0.01,1030,1003220,买盘
2000,10:13:59,9.73,--,13,12649,卖盘
2001,10:13:55,9.73,--,5,4865,卖盘
2002,10:13:44,9.73,--,20,19460,卖盘
2003,10:13:40,9.73,--,36,35028,卖盘
2004,10:13:29,9.73,-0.02,3,2919,卖盘
2005,10:13:25,9.75,0.02,45,43875,买盘
2006,10:13:14,9.73,--,24,23352,卖盘
2007,10:13:10,9.73,-0.01,50,48650,卖盘
2008,10:12:59,9.74,--,18,17532,买盘
2009,10:12:55,9.74,0.01,30,29220,买盘
2010,10:12:50,9.73,--,40,38920,卖盘
2011,10:12:44,9.73,--,0,0,卖盘
2012,10:12:38,9.73,-0.01,58,56434,卖盘
2013,10:12:35,9.74,0.01,47,45778,买盘
2014,10:12:29,9.73,--,2,1946,卖盘
2015,10:12:23,9.73,-0.01,963,936999,卖盘
2016,10:12:05,9.74,0.01,514,500636,买盘
2017,10:11:59,9.73,-0.01,40,38920,卖盘
2018,10:11:53,9.74,--,20,19480,买盘
2019,10:11:44,9.74,0.01,19,18506,买盘
2020,10:11:38,9.73,0.01,37,36001,买盘
2021,10:11:29,9.72,-0.01,17,16524,卖盘
2022,10:11:23,9.73,0.01,2,1946,买盘
2023,10:11:20,9.72,-0.01,20,19440,卖盘
2024,10:11:14,9.73,0.01,9,8757,买盘
2025,10:11:08,9.72,--,41,39852,卖盘
2026,10:10:59,9.72,--,199,193428,买盘
2027,10:10:53,9.72,--,34,33048,买盘
2028,10:10:50,9.72,--,100,97200,买盘
2029,10:10:44,9.72,--,277,269244,卖盘
2030,10:10:38,9.72,-0.01,16,15552,卖盘
2031,10:10:29,9.73,--,40,38920,买盘
2032,10:10:23,9.73,0.01,124,120652,买盘
2033,10:10:20,9.72,-0.01,12,11664,卖盘
2034,10:10:14,9.73,0.01,22,21406,买盘
2035,10:10:05,9.72,--,18,17496,卖盘
2036,10:09:59,9.72,-0.01,137,133164,卖盘
2037,10:09:53,9.73,0.01,10,9730,买盘
2038,10:09:50,9.72,--,49,47628,卖盘
2039,10:09:44,9.72,-0.01,107,104004,卖盘
2040,10:09:29,9.73,--,10,9730,卖盘
2041,10:09:14,9.73,-0.01,6,5838,卖盘
2042,10:08:53,9.74,--,0,0,买盘
2043,10:08:49,9.74,--,50,48700,卖盘
2044,10:08:44,9.74,--,30,29220,卖盘
2045,10:08:38,9.74,-0.01,35,34090,卖盘
2046,10:08:34,9.75,0.01,2,1950,买盘
2047,10:08:29,9.74,-0.01,24,23376,卖盘
2048,10:08:23,9.75,--,32,31200,买盘
2049,10:08:19,9.75,--,38,37050,买盘
2050,10:08:08,9.75,0.04,15,14625,买盘
2051,10:08:04,9.71,-0.04,522,506862,卖盘
2052,10:07:59,9.75,--,4,3900,买盘
2053,10:07:53,9.75,--,27,26325,卖盘
2054,10:07:49,9.75,-0.01,12,11700,卖盘
2055,10:07:44,9.76,0.01,114,111264,买盘
2056,10:07:38,9.75,-0.01,38,37050,卖盘
2057,10:07:34,9.76,--,2,1952,买盘
2058,10:07:29,9.76,0.01,9,8784,买盘
2059,10:07:23,9.75,--,86,83850,买盘
2060,10:07:19,9.75,-0.01,94,91650,卖盘
2061,10:07:14,9.76,0.01,43,41968,买盘
2062,10:07:08,9.75,--,155,151125,卖盘
2063,10:07:04,9.75,-0.01,733,714675,卖盘
2064,10:06:53,9.76,-0.01,44,42944,卖盘
2065,10:06:49,9.77,0.01,12,11724,买盘
2066,10:06:44,9.76,--,42,40992,卖盘
2067,10:06:34,9.76,--,26,25376,卖盘
2068,10:06:29,9.76,0.01,100,97600,买盘
2069,10:06:19,9.75,--,28,27300,卖盘
2070,10:06:08,9.75,0.03,507,494325,买盘
2071,10:06:04,9.72,--,12,11664,卖盘
2072,10:05:59,9.72,-0.01,14,13608,卖盘
2073,10:05:53,9.73,0.01,46,44758,买盘
2074,10:05:49,9.72,0.01,24,23328,买盘
2075,10:05:38,9.71,--,0,9,卖盘
2076,10:05:32,9.71,-0.01,11,10681,卖盘
2077,10:05:23,9.72,0.01,10,9720,买盘
2078,10:05:17,9.71,-0.01,25,24275,卖盘
2079,10:05:14,9.72,0.02,19,18468,买盘
2080,10:05:08,9.7,--,132,128311,买盘
2081,10:05:02,9.7,--,96,93120,买盘
2082,10:04:59,9.7,--,8,7759,买盘
2083,10:04:53,9.7,--,15,14549,买盘
2084,10:04:47,9.7,-0.02,854,828379,卖盘
2085,10:04:28,9.72,0.01,10,9720,买盘
2086,10:04:17,9.71,--,7,6797,卖盘
2087,10:04:14,9.71,--,17,16507,买盘
2088,10:04:08,9.71,0.01,23,22333,买盘
2089,10:04:02,9.7,--,18,17460,卖盘
2090,10:03:59,9.7,0.01,564,547080,买盘
2091,10:03:53,9.69,0.01,175,169575,买盘
2092,10:03:47,9.68,--,45,43560,卖盘
2093,10:03:43,9.68,--,54,52272,卖盘
2094,10:03:38,9.68,--,55,53240,卖盘
2095,10:03:32,9.68,-0.01,22,21296,卖盘
2096,10:03:28,9.69,0.01,10,9690,买盘
2097,10:03:23,9.68,--,88,85184,卖盘
2098,10:03:17,9.68,--,2,1936,卖盘
2099,10:03:13,9.68,--,26,25168,卖盘
2100,10:03:08,9.68,-0.01,67,64856,卖盘
2101,10:03:02,9.69,--,57,55233,买盘
2102,10:02:53,9.69,--,325,314925,买盘
2103,10:02:47,9.69,--,242,234498,买盘
2104,10:02:43,9.69,--,119,115311,卖盘
2105,10:02:38,9.69,--,312,302328,卖盘
2106,10:02:32,9.69,--,15,14535,卖盘
2107,10:02:23,9.69,-0.01,1,969,卖盘
2108,10:02:17,9.7,--,0,0,买盘
2109,10:02:13,9.7,-0.01,5,4850,买盘
2110,10:02:08,9.71,-0.01,212,205852,卖盘
2111,10:01:58,9.72,--,50,48600,卖盘
2112,10:01:53,9.72,0.04,508,493776,买盘
2113,10:01:47,9.68,-0.04,634,613712,卖盘
2114,10:01:43,9.72,0.02,20,19440,买盘
2115,10:01:38,9.7,--,69,66930,买盘
2116,10:01:32,9.7,-0.04,24,23280,卖盘
2117,10:01:23,9.74,0.02,60,58440,买盘
2118,10:01:17,9.72,-0.03,10,9720,卖盘
2119,10:01:13,9.75,--,10,9750,买盘
2120,10:01:08,9.75,0.06,200,195000,买盘
2121,10:01:02,9.69,--,0,0,卖盘
2122,10:00:58,9.69,-0.04,64,62016,卖盘
2123,10:00:53,9.73,0.01,1,973,中性盘
2124,10:00:43,9.72,--,5,4860,卖盘
2125,10:00:38,9.72,--,0,0,卖盘
2126,10:00:32,9.72,-0.02,1,972,中性盘
2127,10:00:28,9.74,-0.03,239,232786,中性盘
2128,10:00:23,9.77,0.07,360,351720,买盘
2129,10:00:17,9.7,-0.05,12,11640,卖盘
2130,10:00:13,9.75,--,73,71175,卖盘
2131,10:00:08,9.75,--,6,5850,卖盘
2132,10:00:02,9.75,0.04,721,702975,买盘
2133,09:59:58,9.71,--,30,29130,买盘
2134,09:59:53,9.71,0.01,6,5826,买盘
2135,09:59:47,9.7,--,41,39770,卖盘
2136,09:59:43,9.7,--,26,25219,卖盘
2137,09:59:32,9.7,0.01,663,643110,买盘
2138,09:59:28,9.69,--,0,0,买盘
2139,09:59:23,9.69,0.03,10,9690,买盘
2140,09:59:17,9.66,-0.03,59,56994,卖盘
2141,09:59:13,9.69,--,118,114342,卖盘
2142,09:59:08,9.69,--,157,152133,卖盘
2143,09:59:02,9.69,0.01,803,778591,买盘
2144,09:58:58,9.68,--,610,590480,卖盘
2145,09:58:53,9.68,--,20,19360,卖盘
2146,09:58:47,9.68,--,75,72600,卖盘
2147,09:58:43,9.68,--,195,188760,买盘
2148,09:58:38,9.68,-0.01,5,4840,中性盘
2149,09:58:32,9.69,0.01,70,67830,买盘
2150,09:58:28,9.68,--,1,968,买盘
2151,09:58:23,9.68,--,41,40172,卖盘
2152,09:58:17,9.68,--,79,76472,卖盘
2153,09:58:02,9.68,-0.02,31,30008,卖盘
2154,09:57:56,9.7,--,4,3879,买盘
2155,09:57:47,9.7,0.02,66,64019,买盘
2156,09:57:41,9.68,--,0,0,卖盘
2157,09:57:37,9.68,-0.02,69,66792,卖盘
2158,09:57:32,9.7,0.01,156,151805,买盘
2159,09:57:26,9.69,--,4,3876,卖盘
2160,09:57:22,9.69,--,21,20349,买盘
2161,09:57:17,9.69,0.01,27,26163,买盘
2162,09:57:11,9.68,-0.01,148,143264,卖盘
2163,09:57:07,9.69,-0.01,70,67830,卖盘
2164,09:57:02,9.7,0.01,408,395760,买盘
2165,09:56:56,9.69,--,228,220932,卖盘
2166,09:56:52,9.69,--,228,220932,买盘
2167,09:56:47,9.69,0.01,10,9690,买盘
2168,09:56:41,9.68,-0.01,68,65824,卖盘
2169,09:56:37,9.69,--,20,19380,买盘
2170,09:56:32,9.69,0.01,12,11628,买盘
2171,09:56:26,9.68,-0.01,14,13552,卖盘
2172,09:56:22,9.69,--,149,144381,买盘
2173,09:56:17,9.69,--,21,20349,买盘
2174,09:56:11,9.69,--,18,17442,买盘
2175,09:56:07,9.69,0.01,20,19380,买盘
2176,09:56:02,9.68,-0.01,154,149072,卖盘
2177,09:55:56,9.69,--,34,32946,买盘
2178,09:55:52,9.69,--,4,3876,买盘
2179,09:55:47,9.69,--,6,5814,买盘
2180,09:55:41,9.69,-0.01,186,180234,卖盘
2181,09:55:37,9.7,0.02,323,313310,买盘
2182,09:55:32,9.68,--,1,968,卖盘
2183,09:55:26,9.68,--,167,162023,卖盘
2184,09:55:22,9.68,-0.01,187,181016,卖盘
2185,09:55:17,9.69,0.01,19,18411,买盘
2186,09:55:11,9.68,--,99,95832,买盘
2187,09:55:07,9.68,--,66,63888,买盘
2188,09:55:02,9.68,--,12,11616,买盘
2189,09:54:56,9.68,--,42,40656,卖盘
2190,09:54:52,9.68,--,79,76472,卖盘
2191,09:54:41,9.68,0.01,175,169400,买盘
2192,09:54:37,9.67,0.01,101,97667,买盘
2193,09:54:32,9.66,-0.02,11,10626,卖盘
2194,09:54:26,9.68,0.02,905,876040,买盘
2195,09:54:22,9.66,--,343,331338,买盘
2196,09:54:17,9.66,--,311,300426,买盘
2197,09:54:11,9.66,--,196,189336,买盘
2198,09:54:07,9.66,--,12,11592,买盘
2199,09:54:02,9.66,0.01,88,85008,买盘
2200,09:53:56,9.65,--,191,184315,买盘
2201,09:53:52,9.65,--,501,483465,卖盘
2202,09:53:47,9.65,-0.01,106,102290,卖盘
2203,09:53:41,9.66,0.01,180,173880,买盘
2204,09:53:37,9.65,-0.01,39,37635,卖盘
2205,09:53:32,9.66,--,70,67620,买盘
2206,09:53:26,9.66,-0.02,451,435666,卖盘
2207,09:53:22,9.68,-0.01,190,183920,卖盘
2208,09:53:17,9.69,--,27,26163,买盘
2209,09:53:11,9.69,--,30,29070,买盘
2210,09:53:07,9.69,--,69,66861,卖盘
2211,09:53:02,9.69,--,11,10659,卖盘
2212,09:52:56,9.69,-0.01,221,214149,卖盘
2213,09:52:52,9.7,0.01,15,14549,买盘
2214,09:52:41,9.69,-0.01,1067,1033923,卖盘
2215,09:52:37,9.7,-0.03,1460,1416219,卖盘
2216,09:52:32,9.73,--,108,105084,卖盘
2217,09:52:26,9.73,-0.01,116,112868,卖盘
2218,09:52:22,9.74,0.01,10,9740,买盘
2219,09:52:17,9.73,-0.01,15,14595,卖盘
2220,09:52:11,9.74,--,277,269798,买盘
2221,09:52:07,9.74,--,26,25324,买盘
2222,09:52:02,9.74,--,50,48700,卖盘
2223,09:51:56,9.74,--,73,71102,卖盘
2224,09:51:52,9.74,--,32,31168,卖盘
2225,09:51:47,9.74,--,260,253240,卖盘
2226,09:51:41,9.74,--,433,421742,卖盘
2227,09:51:37,9.74,-0.01,23,22402,卖盘
2228,09:51:32,9.75,--,35,34125,买盘
2229,09:51:26,9.75,--,10,9750,买盘
2230,09:51:22,9.75,--,40,39000,卖盘
2231,09:51:17,9.75,--,5,4875,卖盘
2232,09:51:11,9.75,--,165,160875,卖盘
2233,09:51:07,9.75,--,53,51675,卖盘
2234,09:51:02,9.75,--,18,17550,卖盘
2235,09:50:56,9.75,--,177,172575,卖盘
2236,09:50:50,9.75,--,56,54600,买盘
2237,09:50:47,9.75,0.01,11,10725,买盘
2238,09:50:41,9.74,-0.01,76,74024,卖盘
2239,09:50:35,9.75,--,89,86775,卖盘
2240,09:50:26,9.75,0.01,40,39000,买盘
2241,09:50:20,9.74,--,88,85712,卖盘
2242,09:50:17,9.74,--,11,10714,卖盘
2243,09:50:11,9.74,-0.03,205,199670,卖盘
2244,09:50:05,9.77,0.01,106,103562,买盘
2245,09:50:01,9.76,--,16,15616,买盘
2246,09:49:56,9.76,--,182,177632,卖盘
2247,09:49:50,9.76,--,15,14640,卖盘
2248,09:49:46,9.76,0.01,63,61488,买盘
2249,09:49:41,9.75,-0.01,313,305175,卖盘
2250,09:49:35,9.76,0.01,60,58560,买盘
2251,09:49:31,9.75,--,10,9750,卖盘
2252,09:49:26,9.75,-0.01,23,22425,卖盘
2253,09:49:20,9.76,--,3,2928,买盘
2254,09:49:05,9.76,--,125,122000,卖盘
2255,09:49:01,9.76,--,14,13664,卖盘
2256,09:48:50,9.76,-0.02,30,29280,卖盘
2257,09:48:35,9.78,0.01,20,19560,买盘
2258,09:48:31,9.77,-0.01,31,30287,卖盘
2259,09:48:26,9.78,0.01,58,56723,买盘
2260,09:48:20,9.77,--,105,102585,卖盘
2261,09:48:16,9.77,--,84,82068,卖盘
2262,09:48:11,9.77,--,8,7816,卖盘
2263,09:48:05,9.77,--,56,54712,卖盘
2264,09:48:01,9.77,-0.01,112,109424,卖盘
2265,09:47:50,9.78,--,18,17604,买盘
2266,09:47:46,9.78,-0.01,13,12714,买盘
2267,09:47:41,9.79,--,0,0,买盘
2268,09:47:35,9.79,--,188,184051,买盘
2269,09:47:31,9.79,--,76,74404,买盘
2270,09:47:26,9.79,--,39,38181,买盘
2271,09:47:20,9.79,0.01,7,6852,买盘
2272,09:47:16,9.78,-0.01,63,61613,卖盘
2273,09:47:11,9.79,0.01,5,4895,买盘
2274,09:47:05,9.78,--,20,19560,卖盘
2275,09:46:50,9.78,--,15,14669,卖盘
2276,09:46:35,9.78,-0.01,79,77262,卖盘
2277,09:46:31,9.79,0.01,52,50907,买盘
2278,09:46:26,9.78,--,8,7823,买盘
2279,09:46:20,9.78,--,38,37164,卖盘
2280,09:46:16,9.78,--,40,39120,卖盘
2281,09:46:11,9.78,--,20,19560,卖盘
2282,09:46:05,9.78,--,12,11736,卖盘
2283,09:45:56,9.78,0.01,11,10758,买盘
2284,09:45:50,9.77,--,98,95746,卖盘
2285,09:45:46,9.77,-0.01,10,9770,卖盘
2286,09:45:35,9.78,--,18,17604,卖盘
2287,09:45:31,9.78,0.01,102,99756,卖盘
2288,09:45:26,9.77,-0.01,200,195400,卖盘
2289,09:45:20,9.78,-0.01,3,2934,卖盘
2290,09:45:16,9.79,--,39,38181,买盘
2291,09:45:05,9.79,-0.01,2,1957,中性盘
2292,09:45:01,9.8,--,10,9800,买盘
2293,09:44:50,9.8,--,234,229320,买盘
2294,09:44:46,9.8,0.01,56,54880,买盘
2295,09:44:35,9.79,-0.01,13,12726,卖盘
2296,09:44:31,9.8,0.01,16,15680,买盘
2297,09:44:26,9.79,--,4,3915,卖盘
2298,09:44:20,9.79,--,10,9790,卖盘
2299,09:44:16,9.79,--,13,12726,卖盘
2300,09:44:10,9.79,--,19,18601,买盘
2301,09:44:01,9.79,0.01,17,16643,买盘
2302,09:43:56,9.78,-0.01,50,48900,卖盘
2303,09:43:50,9.79,0.01,250,244749,买盘
2304,09:43:44,9.78,--,96,93888,卖盘
2305,09:43:35,9.78,-0.01,16,15647,卖盘
2306,09:43:29,9.79,0.01,51,49928,买盘
2307,09:43:20,9.78,--,30,29339,卖盘
2308,09:43:14,9.78,0.01,174,170172,买盘
2309,09:43:10,9.77,--,12,11724,卖盘
2310,09:43:05,9.77,-0.01,110,107470,卖盘
2311,09:42:59,9.78,0.01,14,13692,买盘
2312,09:42:50,9.77,--,30,29310,卖盘
2313,09:42:44,9.77,--,75,73275,卖盘
2314,09:42:40,9.77,0.01,102,99654,买盘
2315,09:42:35,9.76,-0.01,20,19520,卖盘
2316,09:42:29,9.77,--,1,977,买盘
2317,09:42:25,9.77,--,4,3908,买盘
2318,09:42:20,9.77,--,286,279422,买盘
2319,09:42:14,9.77,0.01,10,9770,买盘
2320,09:42:10,9.76,--,25,24400,卖盘
2321,09:42:05,9.76,-0.01,36,35136,卖盘
2322,09:41:59,9.77,0.01,10,9770,买盘
2323,09:41:55,9.76,--,24,23424,卖盘
2324,09:41:50,9.76,--,61,59536,卖盘
2325,09:41:44,9.76,--,15,14640,卖盘
2326,09:41:35,9.76,--,9,8784,卖盘
2327,09:41:29,9.76,--,108,105408,卖盘
2328,09:41:25,9.76,0.01,40,39040,买盘
2329,09:41:14,9.75,-0.01,49,47775,卖盘
2330,09:41:10,9.76,0.01,10,9760,买盘
2331,09:41:04,9.75,--,21,20475,卖盘
2332,09:40:55,9.75,--,166,162064,买盘
2333,09:40:44,9.75,--,5,4875,买盘
2334,09:40:40,9.75,-0.01,210,205510,卖盘
2335,09:40:29,9.76,0.01,36,35136,买盘
2336,09:40:25,9.75,--,123,120139,卖盘
2337,09:40:19,9.75,--,1,975,卖盘
2338,09:40:14,9.75,--,280,273000,卖盘
2339,09:40:10,9.75,-0.02,145,141375,卖盘
2340,09:40:04,9.77,0.02,18,17586,买盘
2341,09:39:59,9.75,--,69,67275,卖盘
2342,09:39:55,9.75,--,74,72150,卖盘
2343,09:39:49,9.75,-0.02,163,158925,卖盘
2344,09:39:44,9.77,0.02,56,54712,买盘
2345,09:39:40,9.75,0.01,40,39000,卖盘
2346,09:39:29,9.74,--,339,330186,卖盘
2347,09:39:25,9.74,--,79,76946,卖盘
2348,09:39:19,9.74,-0.01,207,201618,卖盘
2349,09:39:14,9.75,--,40,39000,买盘
2350,09:39:10,9.75,0.01,38,37050,买盘
2351,09:39:04,9.74,-0.01,34,33116,卖盘
2352,09:38:59,9.75,--,185,180375,卖盘
2353,09:38:55,9.75,--,113,110175,卖盘
2354,09:38:49,9.75,--,22,21450,卖盘
2355,09:38:44,9.75,--,127,123825,买盘
2356,09:38:40,9.75,0.01,57,55575,买盘
2357,09:38:34,9.74,--,10,9740,卖盘
2358,09:38:29,9.74,-0.01,72,70128,卖盘
2359,09:38:25,9.75,0.01,15,14625,买盘
2360,09:38:19,9.74,--,10,9740,卖盘
2361,09:38:14,9.74,-0.01,20,19480,卖盘
2362,09:38:10,9.75,0.02,19,18525,买盘
2363,09:37:59,9.73,-0.01,662,645079,卖盘
2364,09:37:55,9.74,--,13,12662,买盘
2365,09:37:49,9.74,--,3,2922,买盘
2366,09:37:44,9.74,-0.01,7,6818,买盘
2367,09:37:39,9.75,0.02,20,19500,买盘
2368,09:37:34,9.73,-0.02,28,27244,卖盘
2369,09:37:25,9.75,--,6,5850,卖盘
2370,09:37:19,9.75,0.02,5,4875,买盘
2371,09:37:14,9.73,-0.03,123,119679,卖盘
2372,09:37:09,9.76,0.02,55,53680,买盘
2373,09:36:59,9.74,-0.02,780,759720,卖盘
2374,09:36:49,9.76,-0.02,933,910608,卖盘
2375,09:36:44,9.78,0.01,171,167238,买盘
2376,09:36:38,9.77,-0.01,187,182699,卖盘
2377,09:36:34,9.78,0.01,41,40098,买盘
2378,09:36:29,9.77,-0.01,18,17586,卖盘
2379,09:36:23,9.78,-0.01,29,28361,卖盘
2380,09:36:19,9.79,--,50,48949,买盘
2381,09:36:14,9.79,--,312,305448,买盘
2382,09:36:08,9.79,--,185,181114,卖盘
2383,09:36:04,9.79,--,20,19580,卖盘
2384,09:35:59,9.79,-0.01,33,32306,卖盘
2385,09:35:53,9.8,0.01,34,33320,买盘
2386,09:35:49,9.79,-0.01,51,49928,卖盘
2387,09:35:43,9.8,0.01,31,30380,买盘
2388,09:35:38,9.79,--,31,30348,卖盘
2389,09:35:34,9.79,--,44,43075,卖盘
2390,09:35:28,9.79,0.02,88,86151,买盘
2391,09:35:23,9.77,-0.01,18,17586,卖盘
2392,09:35:19,9.78,-0.01,47,45966,中性盘
2393,09:35:13,9.79,--,30,29369,买盘
2394,09:35:08,9.79,0.01,668,653972,买盘
2395,09:35:04,9.78,0.01,25,24450,买盘
2396,09:34:58,9.77,-0.01,119,116263,卖盘
2397,09:34:53,9.78,0.02,231,225917,买盘
2398,09:34:49,9.76,-0.01,800,780800,卖盘
2399,09:34:43,9.77,0.01,69,67413,买盘
2400,09:34:38,9.76,--,70,68320,卖盘
2401,09:34:34,9.76,--,26,25376,卖盘
2402,09:34:28,9.76,--,21,20496,卖盘
2403,09:34:23,9.76,--,164,160064,买盘
2404,09:34:19,9.76,0.02,20,19520,买盘
2405,09:34:13,9.74,--,15,14610,卖盘
2406,09:34:08,9.74,-0.02,39,37986,卖盘
2407,09:34:04,9.76,--,0,0,买盘
2408,09:33:58,9.76,0.02,634,618784,买盘
2409,09:33:53,9.74,--,120,116880,卖盘
2410,09:33:49,9.74,0.01,195,189930,买盘
2411,09:33:43,9.73,--,17,16541,卖盘
2412,09:33:38,9.73,--,307,298711,卖盘
2413,09:33:34,9.73,--,561,545853,买盘
2414,09:33:28,9.73,--,93,90489,买盘
2415,09:33:23,9.73,-0.01,237,230601,卖盘
2416,09:33:19,9.74,-0.01,276,268824,卖盘
2417,09:33:13,9.75,--,99,96525,买盘
2418,09:33:08,9.75,--,32,31200,买盘
2419,09:33:04,9.75,-0.01,242,235950,卖盘
2420,09:32:58,9.76,--,26,25376,买盘
2421,09:32:53,9.76,--,261,254736,买盘
2422,09:32:49,9.76,--,75,73200,买盘
2423,09:32:43,9.76,--,1,976,买盘
2424,09:32:38,9.76,--,114,111264,卖盘
2425,09:32:34,9.76,-0.01,22,21472,卖盘
2426,09:32:28,9.77,--,112,109424,买盘
2427,09:32:23,9.77,--,5,4885,买盘
2428,09:32:19,9.77,--,59,57643,卖盘
2429,09:32:13,9.77,--,34,33218,卖盘
2430,09:32:08,9.77,-0.01,7,6839,卖盘
2431,09:32:04,9.78,--,110,107580,卖盘
2432,09:31:58,9.78,--,27,26406,卖盘
2433,09:31:53,9.78,-0.01,15,14669,卖盘
2434,09:31:49,9.79,--,77,75383,卖盘
2435,09:31:43,9.79,-0.01,9,8811,卖盘
2436,09:31:34,9.8,--,185,181300,卖盘
2437,09:31:28,9.8,--,5,4900,卖盘
2438,09:31:23,9.8,--,49,48020,卖盘
2439,09:31:18,9.8,-0.01,147,144060,卖盘
2440,09:31:13,9.81,-0.01,50,49050,中性盘
2441,09:31:08,9.82,0.02,45,44190,买盘
2442,09:31:03,9.8,-0.03,20,19600,卖盘
2443,09:30:58,9.83,0.01,73,71759,买盘
2444,09:30:53,9.82,--,75,73650,买盘
2445,09:30:48,9.82,--,134,131588,卖盘
2446,09:30:43,9.82,-0.02,13,12766,卖盘
2447,09:30:38,9.84,0.01,37,36408,买盘
2448,09:30:33,9.83,-0.01,10,9830,卖盘
2449,09:30:28,9.84,-0.01,10,9840,买盘
2450,09:30:23,9.85,0.02,139,136915,买盘
2451,09:30:18,9.83,-0.02,715,702845,卖盘
2452,09:30:08,9.85,--,396,390060,买盘
2453,09:30:03,9.85,--,256,252160,卖盘
2454,09:28:44,9.85,--,0,0,卖盘
2455,09:25:07,9.85,9.85,783,771255,买盘
