,time,price,change,volume,amount,type
0,15:00:00,3.73,--,0,0,买盘
1,15:00:00,3.73,--,0,0,买盘
2,14:59:59,3.73,--,7,2611,买盘
3,14:59:57,3.73,--,91,33943,买盘
4,14:59:53,3.73,0.01,157,58561,买盘
5,14:59:47,3.72,-0.01,34,12648,卖盘
6,14:59:43,3.73,0.01,53,19769,买盘
7,14:59:38,3.72,-0.01,182,67704,卖盘
8,14:59:32,3.73,0.01,262,97726,买盘
9,14:59:27,3.72,-0.01,21,7812,卖盘
10,14:59:23,3.73,--,795,296535,买盘
11,14:59:16,3.73,0.01,304,113392,买盘
12,14:59:12,3.72,-0.01,213,79236,卖盘
13,14:59:08,3.73,0.01,1312,489376,买盘
14,14:59:02,3.72,-0.01,251,93372,卖盘
15,14:58:57,3.73,--,3,1119,买盘
16,14:58:52,3.73,--,175,65275,买盘
17,14:58:46,3.73,--,46,17158,买盘
18,14:58:41,3.73,0.01,1,373,买盘
19,14:58:38,3.72,-0.01,281,104532,卖盘
20,14:58:32,3.73,--,94,35062,买盘
21,14:58:27,3.73,--,92,34316,买盘
22,14:58:23,3.73,0.01,193,71989,买盘
23,14:58:16,3.72,-0.01,44,16368,卖盘
24,14:58:13,3.73,--,42,15666,买盘
25,14:58:08,3.73,--,192,71616,买盘
26,14:58:02,3.73,--,72,26990,卖盘
27,14:57:57,3.73,--,18,6952,买盘
28,14:57:52,3.73,--,291,108543,买盘
29,14:57:46,3.73,--,52,19396,买盘
30,14:57:42,3.73,--,5,1865,买盘
31,14:57:37,3.73,--,61,22887,卖盘
32,14:57:31,3.73,-0.01,373,139129,卖盘
33,14:57:28,3.74,0.01,28,10472,买盘
34,14:57:22,3.73,--,1134,422982,卖盘
35,14:57:16,3.73,--,1362,508026,卖盘
36,14:57:12,3.73,-0.01,50,18650,卖盘
37,14:57:08,3.74,0.01,50,18700,买盘
38,14:57:01,3.73,--,491,183143,卖盘
39,14:56:53,3.73,-0.01,711,265203,卖盘
40,14:56:47,3.74,0.01,78,29172,买盘
41,14:56:41,3.73,--,9,3357,卖盘
42,14:56:37,3.73,--,251,93623,卖盘
43,14:56:31,3.73,--,282,105186,卖盘
44,14:56:26,3.73,--,288,107424,卖盘
45,14:56:22,3.73,--,351,130923,卖盘
46,14:56:17,3.73,-0.01,1964,732572,卖盘
47,14:56:11,3.74,0.01,88,32912,买盘
48,14:56:07,3.73,--,418,155914,卖盘
49,14:56:01,3.73,-0.01,751,280123,卖盘
50,14:55:52,3.74,--,772,288728,买盘
51,14:55:46,3.74,0.01,3648,1364352,买盘
52,14:55:40,3.73,--,202,75346,卖盘
53,14:55:37,3.73,--,302,112739,卖盘
54,14:55:31,3.73,--,1133,422609,卖盘
55,14:55:25,3.73,--,12,4476,卖盘
56,14:55:22,3.73,--,150,55950,卖盘
57,14:55:17,3.73,--,232,86536,卖盘
58,14:55:07,3.73,--,517,192841,卖盘
59,14:55:02,3.73,--,103,38419,卖盘
60,14:54:56,3.73,--,109,40657,卖盘
61,14:54:52,3.73,--,279,104067,卖盘
62,14:54:47,3.73,--,112,41776,卖盘
63,14:54:41,3.73,--,35,13055,卖盘
64,14:54:37,3.73,--,60,22380,卖盘
65,14:54:31,3.73,--,210,78330,卖盘
66,14:54:26,3.73,--,3,1119,卖盘
67,14:54:22,3.73,--,512,190976,卖盘
68,14:54:17,3.73,--,200,74600,卖盘
69,14:54:11,3.73,--,13,4849,卖盘
70,14:54:07,3.73,--,969,361437,卖盘
71,14:54:02,3.73,--,1402,522946,卖盘
72,14:53:55,3.73,--,87,32451,卖盘
73,14:53:52,3.73,--,422,157406,卖盘
74,14:53:46,3.73,--,1144,426898,卖盘
75,14:53:40,3.73,--,31,11563,卖盘
76,14:53:37,3.73,-0.01,110,41030,卖盘
77,14:53:31,3.74,0.01,292,109208,买盘
78,14:53:25,3.73,-0.01,89,33197,卖盘
79,14:53:22,3.74,0.01,109,40766,买盘
80,14:53:16,3.73,-0.01,211,78703,卖盘
81,14:53:10,3.74,0.01,2,748,买盘
82,14:53:07,3.73,--,37,13801,卖盘
83,14:53:01,3.73,--,90,33570,卖盘
84,14:52:55,3.73,-0.01,35,13055,卖盘
85,14:52:52,3.74,--,152,56848,买盘
86,14:52:46,3.74,--,14,5236,买盘
87,14:52:37,3.74,--,187,69938,买盘
88,14:52:32,3.74,0.01,365,136510,买盘
89,14:52:25,3.73,--,72,26856,卖盘
90,14:52:22,3.73,--,31,11563,卖盘
91,14:52:17,3.73,-0.01,91,33943,卖盘
92,14:52:10,3.74,0.01,26,9724,买盘
93,14:52:07,3.73,-0.01,309,115257,卖盘
94,14:52:01,3.74,0.01,24,8976,买盘
95,14:51:55,3.73,-0.01,47,17531,卖盘
96,14:51:46,3.74,--,41,15334,买盘
97,14:51:40,3.74,--,11,4114,买盘
98,14:51:37,3.74,0.01,51,19074,买盘
99,14:51:32,3.73,-0.01,57,21261,卖盘
100,14:51:25,3.74,--,135,50490,买盘
101,14:51:16,3.74,0.01,64,23936,买盘
102,14:51:06,3.73,-0.01,27,10071,卖盘
103,14:51:01,3.74,0.01,19,7106,买盘
104,14:50:55,3.73,-0.01,156,58188,卖盘
105,14:50:46,3.74,0.01,477,178398,买盘
106,14:50:40,3.73,-0.01,30,11190,卖盘
107,14:50:34,3.74,0.01,12,4488,买盘
108,14:50:31,3.73,--,60,22380,卖盘
109,14:50:25,3.73,--,239,89147,卖盘
110,14:50:21,3.73,--,5,1865,卖盘
111,14:50:16,3.73,--,110,41030,卖盘
112,14:50:10,3.73,-0.01,31,11563,卖盘
113,14:50:05,3.74,--,17,6358,买盘
114,14:50:01,3.74,0.01,24,8976,买盘
115,14:49:55,3.73,--,66,24618,卖盘
116,14:49:50,3.73,-0.01,46,17158,卖盘
117,14:49:46,3.74,0.01,36,13464,买盘
118,14:49:40,3.73,-0.01,109,40657,卖盘
119,14:49:35,3.74,--,1,374,买盘
120,14:49:25,3.74,0.01,19,7106,买盘
121,14:49:21,3.73,-0.01,20,7460,卖盘
122,14:49:16,3.74,0.01,29,10846,买盘
123,14:49:10,3.73,--,12,4476,卖盘
124,14:49:05,3.73,--,13,4849,卖盘
125,14:49:01,3.73,--,825,307725,卖盘
126,14:48:55,3.73,-0.01,307,114511,卖盘
127,14:48:49,3.74,0.01,37,13838,买盘
128,14:48:46,3.73,--,19,7087,卖盘
129,14:48:40,3.73,--,534,199182,卖盘
130,14:48:34,3.73,-0.01,153,57069,卖盘
131,14:48:31,3.74,0.01,220,82280,买盘
132,14:48:25,3.73,--,64,23872,卖盘
133,14:48:16,3.73,-0.01,4,1492,卖盘
134,14:48:10,3.74,0.01,7,2618,买盘
135,14:48:04,3.73,--,124,46252,卖盘
136,14:48:01,3.73,--,1452,541596,卖盘
137,14:47:55,3.73,--,130,48490,卖盘
138,14:47:49,3.73,--,2,746,卖盘
139,14:47:46,3.73,--,146,54603,卖盘
140,14:47:40,3.73,-0.01,50,18650,卖盘
141,14:47:34,3.74,0.01,145,54230,买盘
142,14:47:25,3.73,-0.01,2,746,卖盘
143,14:47:19,3.74,--,96,35904,买盘
144,14:47:16,3.74,0.01,12,4488,买盘
145,14:47:10,3.73,--,31,11563,卖盘
146,14:47:04,3.73,-0.01,63,23499,卖盘
147,14:47:01,3.74,0.01,300,112200,买盘
148,14:46:55,3.73,-0.01,29,10817,卖盘
149,14:46:49,3.74,0.01,20,7480,买盘
150,14:46:46,3.73,--,602,224546,卖盘
151,14:46:40,3.73,-0.01,42,15666,卖盘
152,14:46:34,3.74,0.01,41,15334,买盘
153,14:46:25,3.73,-0.01,330,123090,卖盘
154,14:46:19,3.74,--,14,5236,买盘
155,14:46:16,3.74,0.01,6,2244,买盘
156,14:46:10,3.73,--,27,10071,卖盘
157,14:46:04,3.73,--,5,1865,卖盘
158,14:46:01,3.73,--,34,12682,卖盘
159,14:45:55,3.73,--,3,1119,卖盘
160,14:45:46,3.73,--,288,107424,卖盘
161,14:45:40,3.73,-0.01,126,46998,卖盘
162,14:45:34,3.74,--,1,374,买盘
163,14:45:31,3.74,0.01,33,12342,买盘
164,14:45:25,3.73,--,90,33570,卖盘
165,14:45:19,3.73,-0.01,2,746,卖盘
166,14:45:10,3.74,--,1,374,买盘
167,14:45:04,3.74,--,8,2992,买盘
168,14:45:01,3.74,--,2,748,买盘
169,14:44:55,3.74,--,8,2992,买盘
170,14:44:49,3.74,0.01,22,8228,买盘
171,14:44:46,3.73,-0.01,228,85044,卖盘
172,14:44:40,3.74,--,3,1122,买盘
173,14:44:34,3.74,0.01,15,5610,买盘
174,14:44:31,3.73,-0.01,96,35808,卖盘
175,14:44:25,3.74,--,10,3740,买盘
176,14:44:19,3.74,0.01,80,29920,买盘
177,14:44:15,3.73,--,109,40802,卖盘
178,14:44:10,3.73,--,190,71015,卖盘
179,14:44:04,3.73,-0.01,305,113910,卖盘
180,14:43:55,3.74,0.01,8,2992,买盘
181,14:43:49,3.73,--,148,55204,卖盘
182,14:43:44,3.73,-0.01,178,66394,卖盘
183,14:43:40,3.74,--,15,5610,买盘
184,14:43:34,3.74,0.01,167,62458,买盘
185,14:43:25,3.73,--,330,123090,卖盘
186,14:43:19,3.73,--,634,236482,卖盘
187,14:43:10,3.73,-0.01,20,7460,卖盘
188,14:43:04,3.74,0.01,132,49368,买盘
189,14:42:59,3.73,-0.01,18,6714,卖盘
190,14:42:55,3.74,--,34,12716,买盘
191,14:42:49,3.74,0.01,10272,3841858,买盘
192,14:42:43,3.73,--,22,8206,卖盘
193,14:42:40,3.73,-0.01,76,28348,卖盘
194,14:42:34,3.74,--,25,9350,买盘
195,14:42:29,3.74,0.01,23,8602,买盘
196,14:42:25,3.73,-0.01,14,5222,卖盘
197,14:42:19,3.74,--,8,2992,买盘
198,14:42:15,3.74,--,7,2618,买盘
199,14:42:10,3.74,--,41,15334,买盘
200,14:42:04,3.74,0.01,7,2618,买盘
201,14:41:58,3.73,--,9,3357,卖盘
202,14:41:49,3.73,--,2,746,卖盘
203,14:41:44,3.73,-0.01,4,1492,卖盘
204,14:41:40,3.74,--,10,3740,买盘
205,14:41:34,3.74,--,101,37774,买盘
206,14:41:28,3.74,0.01,629,235246,买盘
207,14:41:25,3.73,--,76,28348,卖盘
208,14:41:19,3.73,-0.01,120,44760,卖盘
209,14:41:13,3.74,0.01,22,8228,买盘
210,14:41:10,3.73,--,288,107424,卖盘
211,14:41:04,3.73,--,104,38792,卖盘
212,14:40:58,3.73,-0.01,92,34316,卖盘
213,14:40:55,3.74,0.01,359,134352,买盘
214,14:40:43,3.73,--,2,746,卖盘
215,14:40:40,3.73,-0.01,252,93996,卖盘
216,14:40:34,3.74,--,226,84524,买盘
217,14:40:28,3.74,0.01,105,39270,买盘
218,14:40:25,3.73,--,9056,3377888,卖盘
219,14:40:19,3.73,-0.01,321,120009,卖盘
220,14:40:13,3.74,0.01,152,56848,买盘
221,14:40:10,3.73,--,155,57815,卖盘
222,14:40:04,3.73,--,107,39911,卖盘
223,14:39:58,3.73,--,641,239093,卖盘
224,14:39:55,3.73,-0.01,67,25136,卖盘
225,14:39:49,3.74,0.01,91,34034,买盘
226,14:39:43,3.73,--,2,746,卖盘
227,14:39:40,3.73,-0.01,19,7087,卖盘
228,14:39:34,3.74,0.01,7,2618,买盘
229,14:39:28,3.73,--,100,37300,卖盘
230,14:39:25,3.73,--,3,1119,卖盘
231,14:39:19,3.73,--,271,101217,卖盘
232,14:39:10,3.73,--,201,74973,卖盘
233,14:39:04,3.73,--,3,1119,卖盘
234,14:38:55,3.73,--,100,37300,卖盘
235,14:38:49,3.73,-0.01,32,11936,卖盘
236,14:38:40,3.74,--,11,4114,买盘
237,14:38:34,3.74,0.01,7,2618,买盘
238,14:38:28,3.73,--,50,18650,卖盘
239,14:38:25,3.73,-0.01,23,8579,卖盘
240,14:38:13,3.74,--,68,25432,买盘
241,14:38:10,3.74,0.01,976,365024,买盘
242,14:38:04,3.73,--,4,1492,卖盘
243,14:37:58,3.73,-0.01,100,37300,卖盘
244,14:37:55,3.74,--,2,748,买盘
245,14:37:49,3.74,0.01,234,87516,买盘
246,14:37:43,3.73,--,2,746,卖盘
247,14:37:40,3.73,--,184,68632,卖盘
248,14:37:34,3.73,--,182,67886,卖盘
249,14:37:28,3.73,--,144,53712,卖盘
250,14:37:25,3.73,-0.01,94,35062,卖盘
251,14:37:19,3.74,--,211,78914,买盘
252,14:37:13,3.74,0.01,30,11320,买盘
253,14:37:10,3.73,--,319,119117,卖盘
254,14:37:04,3.73,-0.01,49,18277,卖盘
255,14:36:58,3.74,0.01,144,53885,买盘
256,14:36:55,3.73,-0.01,128,47773,卖盘
257,14:36:49,3.74,0.01,119,44506,买盘
258,14:36:43,3.73,--,270,100710,卖盘
259,14:36:39,3.73,-0.01,54,20142,卖盘
260,14:36:34,3.74,0.01,150,56100,买盘
261,14:36:28,3.73,-0.01,423,157779,卖盘
262,14:36:24,3.74,0.01,1425,532950,买盘
263,14:36:19,3.73,-0.01,54,20142,卖盘
264,14:36:13,3.74,--,169,63206,买盘
265,14:36:09,3.74,--,70,26180,买盘
266,14:36:04,3.74,--,207,77418,买盘
267,14:35:58,3.74,--,149,56025,买盘
268,14:35:54,3.74,0.01,20,7480,买盘
269,14:35:49,3.73,--,173,64529,卖盘
270,14:35:43,3.73,--,2096,781808,卖盘
271,14:35:39,3.73,-0.01,60,22380,卖盘
272,14:35:34,3.74,--,267,99858,卖盘
273,14:35:28,3.74,--,159,59466,买盘
274,14:35:22,3.74,--,5,1870,买盘
275,14:35:19,3.74,--,9,3366,买盘
276,14:35:13,3.74,--,79,29546,买盘
277,14:35:08,3.74,--,350,130900,卖盘
278,14:35:04,3.74,--,1714,641036,卖盘
279,14:34:58,3.74,-0.01,218,81532,卖盘
280,14:34:52,3.75,0.01,5,1875,买盘
281,14:34:43,3.74,-0.01,64,23936,卖盘
282,14:34:38,3.75,--,27,10125,买盘
283,14:34:34,3.75,--,171,64125,买盘
284,14:34:28,3.75,0.01,6,2250,买盘
285,14:34:19,3.74,--,28,10472,卖盘
286,14:34:13,3.74,--,87,32538,卖盘
287,14:34:07,3.74,--,284,106216,卖盘
288,14:34:04,3.74,--,148,55352,卖盘
289,14:33:58,3.74,0.01,24,8976,买盘
290,14:33:53,3.73,-0.01,100,37300,卖盘
291,14:33:48,3.74,--,837,313038,卖盘
292,14:33:43,3.74,--,1997,746878,买盘
293,14:33:37,3.74,--,20,7480,买盘
294,14:33:34,3.74,--,62,23188,买盘
295,14:33:28,3.74,--,169,63206,买盘
296,14:33:22,3.74,-0.01,796,297704,卖盘
297,14:33:19,3.75,0.01,1204,451500,买盘
298,14:33:13,3.74,--,60,22440,买盘
299,14:33:04,3.74,--,127,47498,卖盘
300,14:32:58,3.74,--,19,7106,卖盘
301,14:32:52,3.74,--,29,10846,买盘
302,14:32:49,3.74,0.01,36,13464,买盘
303,14:32:43,3.73,-0.01,268,99964,卖盘
304,14:32:37,3.74,-0.01,4,1496,卖盘
305,14:32:34,3.75,--,1,375,买盘
306,14:32:28,3.75,0.01,4,1500,买盘
307,14:32:19,3.74,--,301,112574,买盘
308,14:32:13,3.74,--,90,33660,买盘
309,14:32:07,3.74,--,100,37400,买盘
310,14:32:04,3.74,--,37,13838,买盘
311,14:31:58,3.74,-0.01,620,232093,卖盘
312,14:31:52,3.75,0.01,3,1125,买盘
313,14:31:49,3.74,--,330,123420,卖盘
314,14:31:43,3.74,--,102,38148,卖盘
315,14:31:34,3.74,--,213,79822,买盘
316,14:31:28,3.74,--,13,4862,买盘
317,14:31:22,3.74,--,56,20944,买盘
318,14:31:18,3.74,--,1861,696227,卖盘
319,14:31:13,3.74,--,418,156332,卖盘
320,14:31:04,3.74,0.01,2767,1035018,买盘
321,14:30:58,3.73,-0.01,252,93996,卖盘
322,14:30:52,3.74,0.01,29,10846,买盘
323,14:30:49,3.73,--,338,126074,卖盘
324,14:30:43,3.73,-0.01,132,49236,卖盘
325,14:30:33,3.74,0.01,23,8602,买盘
326,14:30:28,3.73,--,2,746,卖盘
327,14:30:22,3.73,--,327,121971,卖盘
328,14:30:18,3.73,--,359,133907,卖盘
329,14:30:13,3.73,-0.01,132,49236,卖盘
330,14:30:07,3.74,0.01,11,4114,买盘
331,14:30:04,3.73,-0.01,57,21261,卖盘
332,14:29:52,3.74,0.01,1000,374000,买盘
333,14:29:48,3.73,-0.01,353,131669,卖盘
334,14:29:43,3.74,--,1,374,买盘
335,14:29:37,3.74,--,4,1496,买盘
336,14:29:34,3.74,--,207,77418,买盘
337,14:29:27,3.74,--,18,6732,买盘
338,14:29:21,3.74,--,39,14586,买盘
339,14:29:18,3.74,--,31,11594,买盘
340,14:29:13,3.74,--,1592,595770,卖盘
341,14:29:06,3.74,--,307,114818,卖盘
342,14:29:03,3.74,--,4,1496,卖盘
343,14:28:58,3.74,-0.01,4552,1702448,卖盘
344,14:28:51,3.75,0.01,523,196125,买盘
345,14:28:46,3.74,-0.01,40,14960,卖盘
346,14:28:43,3.75,0.01,9,3375,买盘
347,14:28:37,3.74,-0.01,172,64328,卖盘
348,14:28:28,3.75,0.01,2,750,买盘
349,14:28:21,3.74,--,824,308176,卖盘
350,14:28:18,3.74,--,537,200838,卖盘
351,14:28:12,3.74,--,249,93126,卖盘
352,14:28:06,3.74,--,301,112574,卖盘
353,14:28:01,3.74,--,290,108460,卖盘
354,14:27:51,3.74,--,420,157080,卖盘
355,14:27:47,3.74,--,5,1870,卖盘
356,14:27:43,3.74,-0.01,38,14212,卖盘
357,14:27:37,3.75,--,27,10125,买盘
358,14:27:28,3.75,0.01,3036,1138500,买盘
359,14:27:21,3.74,--,457,170918,卖盘
360,14:27:15,3.74,--,48,17952,卖盘
361,14:27:13,3.74,-0.01,662,247588,卖盘
362,14:27:07,3.75,0.01,8,3000,买盘
363,14:27:03,3.74,-0.01,131,48994,卖盘
364,14:26:52,3.75,--,2030,761250,买盘
365,14:26:46,3.75,0.01,3,1125,买盘
366,14:26:42,3.74,-0.01,100,37400,卖盘
367,14:26:37,3.75,--,21,7875,买盘
368,14:26:32,3.75,0.01,10,3750,买盘
369,14:26:21,3.74,--,3,1122,卖盘
370,14:26:17,3.74,--,85,31790,卖盘
371,14:26:12,3.74,-0.01,19,7106,卖盘
372,14:26:06,3.75,--,1,375,买盘
373,14:26:00,3.75,--,9,3375,买盘
374,14:25:57,3.75,0.01,7,2625,买盘
375,14:25:51,3.74,--,3,1122,卖盘
376,14:25:45,3.74,-0.01,79,29546,卖盘
377,14:25:42,3.75,--,20,7500,买盘
378,14:25:37,3.75,0.01,2,750,买盘
379,14:25:21,3.74,--,7,2618,卖盘
380,14:25:16,3.74,--,1,374,卖盘
381,14:25:07,3.74,--,1432,535568,卖盘
382,14:24:51,3.74,-0.01,1740,650760,卖盘
383,14:24:42,3.75,--,63,23625,买盘
384,14:24:37,3.75,--,1,375,买盘
385,14:24:27,3.75,0.01,1004,376785,买盘
386,14:24:22,3.74,-0.01,994,371756,卖盘
387,14:24:12,3.75,0.01,11,4125,买盘
388,14:24:06,3.74,--,2,748,卖盘
389,14:24:01,3.74,--,1,374,卖盘
390,14:23:57,3.74,-0.01,5,1870,卖盘
391,14:23:45,3.75,--,10,3750,买盘
392,14:23:42,3.75,--,1,375,买盘
393,14:23:37,3.75,--,1,375,买盘
394,14:23:30,3.75,--,60,22500,买盘
395,14:23:27,3.75,--,3,1125,买盘
396,14:23:21,3.75,--,10,3750,买盘
397,14:23:16,3.75,0.01,5,1875,买盘
398,14:23:12,3.74,--,112,41888,卖盘
399,14:23:07,3.74,--,151,56474,卖盘
400,14:23:00,3.74,-0.01,73,27302,卖盘
401,14:22:57,3.75,0.01,10,3750,买盘
402,14:22:45,3.74,--,22,8228,卖盘
403,14:22:36,3.74,--,19,7106,卖盘
404,14:22:30,3.74,-0.01,18,6732,卖盘
405,14:22:27,3.75,0.01,1133,424875,买盘
406,14:22:21,3.74,-0.01,12,4488,卖盘
407,14:22:15,3.75,0.01,10,3750,买盘
408,14:22:12,3.74,--,100,37400,卖盘
409,14:22:06,3.74,-0.01,1043,390082,卖盘
410,14:22:00,3.75,0.01,10,3750,买盘
411,14:21:57,3.74,--,500,187000,卖盘
412,14:21:42,3.74,-0.01,173,64702,卖盘
413,14:21:36,3.75,0.01,27,10125,买盘
414,14:21:27,3.74,-0.01,17,6358,卖盘
415,14:21:07,3.75,--,11,4125,买盘
416,14:20:51,3.75,0.01,1149,430875,买盘
417,14:20:40,3.74,-0.01,50,18700,卖盘
418,14:20:36,3.75,0.01,17,6375,买盘
419,14:20:30,3.74,--,1008,376992,卖盘
420,14:20:24,3.74,-0.01,1016,379984,卖盘
421,14:20:21,3.75,0.01,96,36000,买盘
422,14:20:15,3.74,--,79,29546,卖盘
423,14:20:11,3.74,-0.01,5,1870,卖盘
424,14:20:06,3.75,--,8,3000,买盘
425,14:20:00,3.75,--,2,750,买盘
426,14:19:54,3.75,0.01,1,375,买盘
427,14:19:52,3.74,-0.01,1,374,卖盘
428,14:19:45,3.75,0.01,2,750,买盘
429,14:19:40,3.74,-0.01,160,59840,卖盘
430,14:19:36,3.75,0.01,102,38250,买盘
431,14:19:30,3.74,--,257,96118,卖盘
432,14:19:21,3.74,--,37,13838,卖盘
433,14:19:16,3.74,--,1389,519530,卖盘
434,14:19:10,3.74,-0.01,804,300789,卖盘
435,14:19:06,3.75,--,424,159000,买盘
436,14:19:01,3.75,0.01,12,4500,买盘
437,14:18:56,3.74,--,1000,374000,卖盘
438,14:18:51,3.74,-0.01,12,4488,卖盘
439,14:18:45,3.75,--,1,375,买盘
440,14:18:37,3.75,--,840,315000,买盘
441,14:18:21,3.75,--,1,375,买盘
442,14:18:15,3.75,--,15,5625,买盘
443,14:18:06,3.75,--,9,3375,买盘
444,14:18:01,3.75,--,42,15750,买盘
445,14:17:45,3.75,--,1,375,买盘
446,14:17:36,3.75,0.01,70,26250,买盘
447,14:17:30,3.74,-0.01,2229,833836,卖盘
448,14:17:24,3.75,--,2,750,买盘
449,14:17:21,3.75,--,163,61125,买盘
450,14:17:16,3.75,--,198,74478,卖盘
451,14:17:06,3.75,--,415,155625,卖盘
452,14:17:00,3.75,--,71,26625,卖盘
453,14:16:54,3.75,-0.01,166,62250,卖盘
454,14:16:45,3.76,--,10,3760,买盘
455,14:16:39,3.76,--,6,2256,买盘
456,14:16:36,3.76,0.01,2,752,买盘
457,14:16:25,3.75,--,71,26625,卖盘
458,14:16:21,3.75,-0.01,148,55500,卖盘
459,14:16:15,3.76,--,1,376,买盘
460,14:16:06,3.76,--,3,1128,买盘
461,14:16:00,3.76,0.01,5,1880,买盘
462,14:15:51,3.75,--,1,375,卖盘
463,14:15:46,3.75,-0.01,62,23250,卖盘
464,14:15:36,3.76,0.01,1,376,买盘
465,14:15:31,3.75,--,68,25646,买盘
466,14:15:15,3.75,--,48,18228,卖盘
467,14:15:09,3.75,--,126,47396,买盘
468,14:15:06,3.75,--,302,113250,买盘
469,14:15:00,3.75,--,68,25500,买盘
470,14:14:51,3.75,--,118,44250,买盘
471,14:14:45,3.75,--,16,6000,买盘
472,14:14:39,3.75,--,159,59625,买盘
473,14:14:36,3.75,--,189,70875,买盘
474,14:14:31,3.75,--,210,78750,买盘
475,14:14:24,3.75,--,42,15750,买盘
476,14:14:21,3.75,--,1000,375000,买盘
477,14:14:15,3.75,--,5,1875,买盘
478,14:14:06,3.75,--,7,2625,买盘
479,14:14:00,3.75,--,2,750,买盘
480,14:13:45,3.75,--,4,1500,买盘
481,14:13:40,3.75,--,30,11250,买盘
482,14:13:36,3.75,--,7,2625,买盘
483,14:13:24,3.75,--,10,3750,买盘
484,14:13:20,3.75,--,10,3750,买盘
485,14:13:15,3.75,--,389,145875,买盘
486,14:13:09,3.75,--,148,55500,买盘
487,14:13:03,3.75,0.01,87,32625,买盘
488,14:12:54,3.74,-0.01,126,47124,卖盘
489,14:12:48,3.75,--,41,15375,买盘
490,14:12:45,3.75,--,91,34125,买盘
491,14:12:39,3.75,--,23,8625,买盘
492,14:12:33,3.75,0.01,1,375,买盘
493,14:12:31,3.74,-0.01,54,20196,卖盘
494,14:12:24,3.75,--,1262,473250,买盘
495,14:12:19,3.75,0.01,14,5250,买盘
496,14:12:10,3.74,-0.01,41,15334,卖盘
497,14:12:03,3.75,--,1,375,买盘
498,14:12:01,3.75,0.01,68,25500,买盘
499,14:11:54,3.74,-0.01,100,37400,卖盘
500,14:11:39,3.75,--,92,34500,买盘
501,14:11:33,3.75,--,11,4125,买盘
502,14:11:30,3.75,--,46,17250,买盘
503,14:11:24,3.75,0.01,156,58500,买盘
504,14:11:19,3.74,--,9,3366,卖盘
505,14:11:15,3.74,-0.01,486,181951,卖盘
506,14:11:09,3.75,0.01,40,15000,买盘
507,14:11:03,3.74,--,39,14586,卖盘
508,14:11:00,3.74,--,144,53856,卖盘
509,14:10:54,3.74,-0.01,159,59466,卖盘
510,14:10:48,3.75,0.01,91,34125,买盘
511,14:10:45,3.74,-0.01,615,230010,卖盘
512,14:10:39,3.75,--,3,1125,买盘
513,14:10:33,3.75,--,1,375,买盘
514,14:10:30,3.75,--,778,291750,买盘
515,14:10:24,3.75,--,5,1875,买盘
516,14:10:15,3.75,0.01,11,4125,买盘
517,14:10:09,3.74,--,1,374,卖盘
518,14:10:03,3.74,--,2,748,卖盘
519,14:10:00,3.74,-0.01,25,9350,卖盘
520,14:09:54,3.75,--,242,90750,买盘
521,14:09:48,3.75,--,1200,450000,买盘
522,14:09:45,3.75,0.01,57,21375,买盘
523,14:09:33,3.74,-0.01,201,75174,卖盘
524,14:09:30,3.75,--,1167,437625,买盘
525,14:09:24,3.75,--,9,3375,买盘
526,14:09:09,3.75,--,10,3750,买盘
527,14:09:03,3.75,--,11,4125,买盘
528,14:08:54,3.75,--,59,22125,买盘
529,14:08:39,3.75,--,16,6000,买盘
530,14:08:34,3.75,0.01,1,375,买盘
531,14:08:09,3.74,-0.01,1,374,卖盘
532,14:08:04,3.75,--,4,1500,买盘
533,14:08:00,3.75,0.01,73,27375,买盘
534,14:07:54,3.74,-0.01,7,2618,卖盘
535,14:07:45,3.75,--,1,375,买盘
536,14:07:33,3.75,--,11,4125,买盘
537,14:07:30,3.75,0.01,7373,2764875,买盘
538,14:07:24,3.74,-0.01,323,120802,卖盘
539,14:07:15,3.75,0.01,1,375,买盘
540,14:07:09,3.74,-0.01,40,14960,卖盘
541,14:07:03,3.75,--,1,375,买盘
542,14:07:00,3.75,--,102,38250,买盘
543,14:06:48,3.75,--,4,1500,买盘
544,14:06:45,3.75,--,1,375,买盘
545,14:06:33,3.75,--,30,11250,买盘
546,14:06:30,3.75,--,2703,1013625,买盘
547,14:06:24,3.75,--,304,114000,买盘
548,14:06:18,3.75,--,4808,1803000,卖盘
549,14:06:15,3.75,-0.01,30,11250,卖盘
550,14:06:09,3.76,--,71,26696,买盘
551,14:06:03,3.76,0.01,309,116184,买盘
552,14:05:48,3.75,-0.01,10,3750,卖盘
553,14:05:42,3.76,--,213,80088,买盘
554,14:05:39,3.76,--,1,376,买盘
555,14:05:33,3.76,0.01,3,1128,买盘
556,14:05:24,3.75,-0.01,1,375,卖盘
557,14:05:18,3.76,--,103,38728,买盘
558,14:05:09,3.76,--,26,9776,买盘
559,14:05:03,3.76,--,3,1128,买盘
560,14:04:54,3.76,--,31,11656,买盘
561,14:04:48,3.76,--,239,89864,买盘
562,14:04:42,3.76,--,1,376,买盘
563,14:04:39,3.76,--,9,3384,买盘
564,14:04:33,3.76,0.01,1,376,买盘
565,14:04:24,3.75,-0.01,18,6750,卖盘
566,14:04:15,3.76,--,5,1880,买盘
567,14:04:09,3.76,--,46,17296,买盘
568,14:04:04,3.76,--,12,4512,买盘
569,14:03:58,3.76,0.01,3,1128,买盘
570,14:03:54,3.75,--,214,80250,卖盘
571,14:03:48,3.75,--,3,1125,卖盘
572,14:03:40,3.75,-0.01,12,4500,卖盘
573,14:03:33,3.76,--,9,3384,买盘
574,14:03:09,3.76,0.01,34,12784,买盘
575,14:03:03,3.75,-0.01,55,20625,卖盘
576,14:02:57,3.76,--,2,752,买盘
577,14:02:54,3.76,0.01,2,752,买盘
578,14:02:42,3.75,-0.01,20,7500,卖盘
579,14:02:33,3.76,--,23,8648,买盘
580,14:02:27,3.76,--,10,3760,买盘
581,14:02:24,3.76,--,3,1128,买盘
582,14:02:18,3.76,--,595,223720,买盘
583,14:02:09,3.76,--,3,1128,买盘
584,14:02:03,3.76,--,4,1504,买盘
585,14:01:54,3.76,--,15,5640,买盘
586,14:01:48,3.76,0.01,62,23312,买盘
587,14:01:42,3.75,--,6,2250,卖盘
588,14:01:33,3.75,-0.01,114,42750,卖盘
589,14:01:24,3.76,--,127,47752,买盘
590,14:01:18,3.76,0.01,10,3760,买盘
591,14:01:09,3.75,--,314,117750,卖盘
592,14:01:03,3.75,-0.01,8,3000,卖盘
593,14:00:54,3.76,0.01,13,4888,买盘
594,14:00:48,3.75,-0.01,37,13875,卖盘
595,14:00:39,3.76,--,10,3760,买盘
596,14:00:33,3.76,--,57,21432,买盘
597,14:00:24,3.76,--,69,25944,买盘
598,14:00:18,3.76,0.01,2,752,买盘
599,14:00:03,3.75,-0.01,7926,2972250,卖盘
600,13:59:54,3.76,--,1525,573400,卖盘
601,13:59:47,3.76,--,60,22560,卖盘
602,13:59:39,3.76,-0.01,39,14664,卖盘
603,13:59:33,3.77,0.01,13,4901,买盘
604,13:59:24,3.76,-0.01,28,10528,卖盘
605,13:59:18,3.77,--,52,19604,买盘
606,13:59:12,3.77,0.01,5,1885,买盘
607,13:59:09,3.76,-0.01,130,48880,卖盘
608,13:59:03,3.77,0.01,8,3016,买盘
609,13:58:54,3.76,--,31,11656,卖盘
610,13:58:48,3.76,-0.01,65,24440,卖盘
611,13:58:33,3.77,0.01,97,36569,买盘
612,13:58:28,3.76,--,90,33840,买盘
613,13:58:22,3.76,--,1,376,买盘
614,13:58:18,3.76,--,159,59784,卖盘
615,13:58:12,3.76,--,10,3760,买盘
616,13:58:07,3.76,--,23,8648,卖盘
617,13:58:03,3.76,--,204,76704,买盘
618,13:57:57,3.76,--,49,18424,买盘
619,13:57:51,3.76,--,3,1128,买盘
620,13:57:48,3.76,0.01,5,1880,买盘
621,13:57:42,3.75,-0.01,8,3000,卖盘
622,13:57:33,3.76,-0.01,116,43616,中性盘
623,13:57:27,3.77,--,54,20358,买盘
624,13:57:22,3.77,--,246,92843,买盘
625,13:57:18,3.77,0.01,11091,4181582,买盘
626,13:57:12,3.76,--,189,71064,买盘
627,13:57:07,3.76,0.01,56,21056,买盘
628,13:57:03,3.75,--,239,89625,卖盘
629,13:56:51,3.75,-0.01,4,1500,卖盘
630,13:56:33,3.76,0.01,10,3760,买盘
631,13:56:27,3.75,--,112,42000,卖盘
632,13:56:18,3.75,-0.01,1,375,卖盘
633,13:56:12,3.76,--,3,1128,买盘
634,13:56:06,3.76,--,117,43992,买盘
635,13:56:03,3.76,0.01,4,1504,买盘
636,13:55:57,3.75,-0.01,8,3000,卖盘
637,13:55:48,3.76,--,17,6392,买盘
638,13:55:42,3.76,0.01,374,140624,买盘
639,13:55:36,3.75,-0.01,25,9375,卖盘
640,13:55:33,3.76,--,5,1880,买盘
641,13:55:18,3.76,--,37,13912,买盘
642,13:55:12,3.76,0.01,355,133480,买盘
643,13:55:06,3.75,-0.01,100,37500,卖盘
644,13:55:03,3.76,0.01,102,38352,买盘
645,13:54:57,3.75,-0.01,86,32250,卖盘
646,13:54:51,3.76,--,66,24816,买盘
647,13:54:48,3.76,0.01,310,116560,买盘
648,13:54:36,3.75,-0.01,200,75000,卖盘
649,13:54:33,3.76,--,38,14288,买盘
650,13:54:27,3.76,0.01,3,1128,买盘
651,13:54:12,3.75,-0.01,108,40500,卖盘
652,13:54:03,3.76,--,6,2256,买盘
653,13:53:57,3.76,--,56,21056,买盘
654,13:53:51,3.76,0.01,50,18800,买盘
655,13:53:48,3.75,-0.01,229,85875,卖盘
656,13:53:42,3.76,--,2,752,买盘
657,13:53:33,3.76,--,5,1880,买盘
658,13:53:21,3.76,--,46,17296,买盘
659,13:53:18,3.76,--,84,31584,买盘
660,13:53:12,3.76,--,20,7520,买盘
661,13:53:06,3.76,--,85,31960,买盘
662,13:53:03,3.76,--,1,376,买盘
663,13:52:57,3.76,--,2,752,买盘
664,13:52:48,3.76,--,15,5640,买盘
665,13:52:42,3.76,--,2000,752000,买盘
666,13:52:36,3.76,--,240,90240,买盘
667,13:52:33,3.76,0.01,87,32711,买盘
668,13:52:27,3.75,--,10188,3820500,买盘
669,13:52:21,3.75,-0.01,317,118875,卖盘
670,13:52:18,3.76,0.02,9,3384,买盘
671,13:52:12,3.74,-0.02,160,59840,卖盘
672,13:52:03,3.76,0.02,1,376,买盘
673,13:51:57,3.74,-0.02,41,15334,卖盘
674,13:51:51,3.76,0.01,89,33464,买盘
675,13:51:47,3.75,--,136,51000,买盘
676,13:51:42,3.75,--,42,15750,买盘
677,13:51:36,3.75,--,5,1875,买盘
678,13:51:33,3.75,--,3110,1166250,买盘
679,13:51:27,3.75,--,20,7500,买盘
680,13:51:18,3.75,--,3260,1222500,买盘
681,13:51:12,3.75,--,118,44250,买盘
682,13:51:06,3.75,--,3045,1141875,买盘
683,13:51:00,3.75,0.01,296,111000,买盘
684,13:50:57,3.74,-0.01,80,29920,卖盘
685,13:50:51,3.75,--,1,375,买盘
686,13:50:42,3.75,--,5,1875,买盘
687,13:50:36,3.75,--,18,6750,买盘
688,13:50:27,3.75,--,330,123750,买盘
689,13:50:15,3.75,--,3,1125,买盘
690,13:50:12,3.75,--,14,5250,买盘
691,13:50:06,3.75,0.01,43,16125,买盘
692,13:50:02,3.74,-0.01,45,16830,卖盘
693,13:49:57,3.75,--,5,1875,买盘
694,13:49:51,3.75,0.01,313,117423,买盘
695,13:49:46,3.74,-0.01,4,1496,卖盘
696,13:49:36,3.75,0.01,40,15000,买盘
697,13:49:27,3.74,-0.01,11,4114,卖盘
698,13:49:21,3.75,0.01,10155,3808125,买盘
699,13:49:12,3.74,-0.01,280,104720,卖盘
700,13:49:06,3.75,--,486,182535,买盘
701,13:49:00,3.75,--,100,37500,买盘
702,13:48:57,3.75,0.01,54,20250,买盘
703,13:48:51,3.74,--,1963,734262,买盘
704,13:48:46,3.74,--,93,34782,买盘
705,13:48:42,3.74,--,11919,4457706,买盘
706,13:48:36,3.74,--,922,344828,买盘
707,13:48:32,3.74,0.01,287,107338,买盘
708,13:48:27,3.73,-0.01,125,46625,卖盘
709,13:48:21,3.74,--,948,354552,买盘
710,13:48:15,3.74,--,83,31042,买盘
711,13:48:12,3.74,--,569,212806,买盘
712,13:48:06,3.74,0.01,169,63206,买盘
713,13:48:00,3.73,-0.01,40,14920,卖盘
714,13:47:57,3.74,--,82,30668,买盘
715,13:47:51,3.74,--,371,138754,买盘
716,13:47:45,3.74,--,100,37400,买盘
717,13:47:42,3.74,--,228,85272,买盘
718,13:47:36,3.74,0.01,11,4114,买盘
719,13:47:27,3.73,--,112,41776,卖盘
720,13:47:21,3.73,-0.01,127,47371,卖盘
721,13:47:12,3.74,--,55,20570,买盘
722,13:47:06,3.74,--,624,233376,买盘
723,13:46:57,3.74,--,271,101354,买盘
724,13:46:51,3.74,0.01,103,38522,买盘
725,13:46:45,3.73,--,34,12682,卖盘
726,13:46:42,3.73,-0.01,273,101829,卖盘
727,13:46:36,3.74,--,24,8976,买盘
728,13:46:30,3.74,--,10,3740,买盘
729,13:46:27,3.74,--,100,37400,买盘
730,13:46:21,3.74,--,52,19448,买盘
731,13:46:15,3.74,--,26,9724,买盘
732,13:46:12,3.74,--,1900,710600,买盘
733,13:46:06,3.74,--,56,20944,买盘
734,13:46:00,3.74,--,12,4488,买盘
735,13:45:57,3.74,0.01,128,47872,买盘
736,13:45:45,3.73,-0.01,30,11190,卖盘
737,13:45:42,3.74,--,85,31790,买盘
738,13:45:36,3.74,--,63,23562,买盘
739,13:45:29,3.74,--,346,129404,买盘
740,13:45:27,3.74,--,100,37400,买盘
741,13:45:21,3.74,--,570,213180,买盘
742,13:45:12,3.74,--,509,190366,买盘
743,13:45:06,3.74,0.01,57,21318,买盘
744,13:44:57,3.73,--,41,15293,卖盘
745,13:44:51,3.73,-0.01,370,138010,卖盘
746,13:44:45,3.74,--,15,5610,买盘
747,13:44:41,3.74,--,477,178398,买盘
748,13:44:36,3.74,--,502,187748,买盘
749,13:44:30,3.74,--,1,374,买盘
750,13:44:27,3.74,--,52,19448,买盘
751,13:44:21,3.74,--,134,50116,买盘
752,13:44:14,3.74,--,521,194854,买盘
753,13:44:12,3.74,--,101,37774,买盘
754,13:44:06,3.74,--,633,236742,买盘
755,13:44:00,3.74,--,10,3740,买盘
756,13:43:56,3.74,--,600,224400,买盘
757,13:43:51,3.74,--,4,1496,买盘
758,13:43:35,3.74,--,1,374,买盘
759,13:43:29,3.74,--,629,235246,买盘
760,13:43:24,3.74,--,53,19822,买盘
761,13:43:15,3.74,--,30,11220,买盘
762,13:43:11,3.74,--,36,13464,买盘
763,13:43:06,3.74,--,69,25806,买盘
764,13:43:00,3.74,0.01,73,27302,买盘
765,13:42:51,3.73,-0.01,6,2238,卖盘
766,13:42:36,3.74,--,11,4114,买盘
767,13:42:24,3.74,0.01,5,1870,买盘
768,13:42:21,3.73,--,72,26856,卖盘
769,13:42:14,3.73,-0.01,1759,656107,卖盘
770,13:42:09,3.74,--,7,2618,买盘
771,13:42:06,3.74,--,22,8228,买盘
772,13:41:45,3.74,--,102,38148,买盘
773,13:41:38,3.74,--,40,14960,买盘
774,13:41:35,3.74,--,20,7480,买盘
775,13:41:30,3.74,0.01,24,8976,买盘
776,13:41:26,3.73,-0.01,50,18650,卖盘
777,13:41:20,3.74,--,105,39270,买盘
778,13:41:14,3.74,--,185,69190,买盘
779,13:41:09,3.74,--,65,24310,买盘
780,13:41:06,3.74,0.01,12,4488,买盘
781,13:41:00,3.73,-0.01,6,2238,卖盘
782,13:40:54,3.74,0.01,2,748,买盘
783,13:40:51,3.73,-0.01,10,3730,卖盘
784,13:40:44,3.74,--,60,22440,买盘
785,13:40:38,3.74,--,500,187000,买盘
786,13:40:35,3.74,--,1,374,买盘
787,13:40:29,3.74,--,7,2618,买盘
788,13:40:20,3.74,--,62,23188,买盘
789,13:40:15,3.74,--,180,67320,买盘
790,13:40:06,3.74,--,12,4488,买盘
791,13:40:00,3.74,--,309,115566,买盘
792,13:39:51,3.74,--,29,10846,买盘
793,13:39:45,3.74,0.01,48,17952,买盘
794,13:39:39,3.73,-0.01,4,1492,卖盘
795,13:39:35,3.74,0.01,24,8976,买盘
796,13:39:24,3.73,-0.01,43,16039,卖盘
797,13:39:15,3.74,0.01,54,20196,买盘
798,13:39:09,3.73,-0.01,4,1492,卖盘
799,13:39:06,3.74,0.01,197,73678,买盘
800,13:38:59,3.73,-0.01,100,37300,卖盘
801,13:38:53,3.74,--,6,2244,买盘
802,13:38:51,3.74,0.01,60,22440,买盘
803,13:38:45,3.73,-0.01,1,373,卖盘
804,13:38:39,3.74,--,5,1870,买盘
805,13:38:36,3.74,--,103,38522,买盘
806,13:38:29,3.74,--,100,37400,买盘
807,13:38:21,3.74,--,10,3740,买盘
808,13:38:09,3.74,--,1,374,买盘
809,13:38:05,3.74,0.01,47,17578,买盘
810,13:37:54,3.73,--,20,7460,卖盘
811,13:37:51,3.73,-0.01,50,18650,卖盘
812,13:37:45,3.74,--,6,2244,买盘
813,13:37:35,3.74,0.01,5,1870,买盘
814,13:37:30,3.73,-0.01,487,181651,卖盘
815,13:37:24,3.74,--,10,3740,买盘
816,13:37:15,3.74,--,29,10846,买盘
817,13:37:06,3.74,0.01,1,374,买盘
818,13:37:00,3.73,-0.01,32,11936,卖盘
819,13:36:45,3.74,--,192,71808,买盘
820,13:36:38,3.74,--,88,32912,买盘
821,13:36:35,3.74,0.01,1,374,买盘
822,13:36:30,3.73,--,135,50355,卖盘
823,13:36:17,3.73,-0.01,11,4103,卖盘
824,13:36:15,3.74,--,501,187374,买盘
825,13:36:08,3.74,0.01,54,20196,买盘
826,13:36:03,3.73,-0.01,7,2611,卖盘
827,13:36:00,3.74,0.01,21,7854,买盘
828,13:35:54,3.73,-0.01,209,77957,卖盘
829,13:35:47,3.74,0.01,3,1122,买盘
830,13:35:38,3.73,--,51,19023,卖盘
831,13:35:30,3.73,--,277,103321,卖盘
832,13:35:24,3.73,-0.01,362,135026,卖盘
833,13:35:15,3.74,--,8,2992,买盘
834,13:35:08,3.74,--,2,748,买盘
835,13:35:00,3.74,--,8,2992,买盘
836,13:34:54,3.74,0.01,60,22440,买盘
837,13:34:49,3.73,--,2,746,卖盘
838,13:34:45,3.73,-0.01,65,24245,卖盘
839,13:34:39,3.74,0.01,1,374,买盘
840,13:34:30,3.73,-0.01,6,2238,卖盘
841,13:34:24,3.74,0.01,64,23936,买盘
842,13:34:18,3.73,-0.01,60,22380,卖盘
843,13:34:14,3.74,--,29,10846,买盘
844,13:34:09,3.74,0.01,3,1122,买盘
845,13:34:00,3.73,--,1,373,卖盘
846,13:33:54,3.73,-0.01,128,47744,卖盘
847,13:33:49,3.74,0.01,250,93500,买盘
848,13:33:44,3.73,--,1140,425220,卖盘
849,13:33:38,3.73,-0.01,301,112273,卖盘
850,13:33:30,3.74,--,43,16082,买盘
851,13:33:24,3.74,0.01,60,22440,买盘
852,13:33:18,3.73,-0.01,7318,2729614,卖盘
853,13:33:14,3.74,0.01,231,86394,买盘
854,13:33:09,3.73,--,130,48490,卖盘
855,13:32:59,3.73,--,500,186500,卖盘
856,13:32:54,3.73,--,261,97353,卖盘
857,13:32:48,3.73,--,2635,983108,卖盘
858,13:32:44,3.73,-0.01,982,366286,卖盘
859,13:32:39,3.74,0.01,103,38522,买盘
860,13:32:32,3.73,-0.01,14,5222,卖盘
861,13:32:23,3.74,--,144,53856,买盘
862,13:32:17,3.74,--,164,61336,买盘
863,13:32:14,3.74,--,825,308725,卖盘
864,13:32:08,3.74,--,381,142494,卖盘
865,13:32:03,3.74,--,10355,3872770,卖盘
866,13:31:59,3.74,--,552,206448,卖盘
867,13:31:54,3.74,-0.01,10030,3751220,卖盘
868,13:31:47,3.75,--,51,19125,买盘
869,13:31:44,3.75,--,7,2625,买盘
870,13:31:38,3.75,--,1,375,买盘
871,13:31:32,3.75,--,3,1125,买盘
872,13:31:29,3.75,0.01,2,750,买盘
873,13:31:23,3.74,-0.01,60,22440,卖盘
874,13:31:14,3.75,--,479,179722,买盘
875,13:31:09,3.75,0.01,6,2250,买盘
876,13:30:59,3.74,--,442,165308,卖盘
877,13:30:54,3.74,--,979,366392,卖盘
878,13:30:47,3.74,--,364,136360,卖盘
879,13:30:44,3.74,--,58,21692,卖盘
880,13:30:38,3.74,--,2087,780538,卖盘
881,13:30:32,3.74,--,110,41140,卖盘
882,13:30:29,3.74,--,1679,628035,卖盘
883,13:30:23,3.74,--,2158,807092,卖盘
884,13:30:17,3.74,--,58,21692,卖盘
885,13:30:14,3.74,--,1093,408782,卖盘
886,13:30:09,3.74,--,800,299200,卖盘
887,13:29:59,3.74,-0.01,178,66572,卖盘
888,13:29:53,3.75,0.01,11,4125,买盘
889,13:29:47,3.74,-0.01,1,374,卖盘
890,13:29:44,3.75,--,7,2625,买盘
891,13:29:38,3.75,0.01,13,4875,买盘
892,13:29:33,3.74,-0.01,178,66572,卖盘
893,13:29:29,3.75,--,20,7500,买盘
894,13:29:23,3.75,--,4,1500,买盘
895,13:29:08,3.75,0.01,886,332250,买盘
896,13:29:02,3.74,--,45,16830,卖盘
897,13:28:53,3.74,--,56,20944,卖盘
898,13:28:47,3.74,-0.01,1495,559130,卖盘
899,13:28:39,3.75,0.01,113,42375,买盘
900,13:28:32,3.74,--,71,26554,卖盘
901,13:28:23,3.74,--,20,7480,卖盘
902,13:28:08,3.74,-0.01,1003,375122,卖盘
903,13:28:02,3.75,0.01,14,5250,买盘
904,13:27:41,3.74,-0.01,5,1870,卖盘
905,13:27:38,3.75,--,1,375,买盘
906,13:27:32,3.75,--,241,90375,买盘
907,13:27:23,3.75,--,5,1875,买盘
908,13:27:17,3.75,0.01,2,750,买盘
909,13:27:12,3.74,-0.01,1,374,卖盘
910,13:27:08,3.75,--,3,1125,买盘
911,13:27:02,3.75,0.01,7,2625,买盘
912,13:26:48,3.74,--,68,25465,卖盘
913,13:26:41,3.74,-0.01,54,20196,卖盘
914,13:26:38,3.75,0.01,1,375,买盘
915,13:26:32,3.74,-0.01,54,20196,卖盘
916,13:26:27,3.75,0.01,77,28908,买盘
917,13:26:23,3.74,--,20,7480,卖盘
918,13:26:11,3.74,-0.01,92,34408,卖盘
919,13:26:08,3.75,0.01,1,375,买盘
920,13:26:02,3.74,-0.01,95,35530,卖盘
921,13:25:47,3.75,--,75,28125,买盘
922,13:25:38,3.75,--,54,20250,买盘
923,13:25:33,3.75,--,6,2250,买盘
924,13:25:26,3.75,--,1,375,买盘
925,13:25:18,3.75,--,36,13500,买盘
926,13:25:08,3.75,0.01,1,375,买盘
927,13:25:02,3.74,-0.01,2154,805596,卖盘
928,13:24:47,3.75,0.01,7,2625,买盘
929,13:24:41,3.74,-0.01,6,2244,卖盘
930,13:24:38,3.75,0.01,7,2625,买盘
931,13:24:23,3.74,--,51,19074,卖盘
932,13:24:17,3.74,--,61,22814,卖盘
933,13:24:11,3.74,-0.01,25,9350,卖盘
934,13:24:08,3.75,--,10,3750,买盘
935,13:23:56,3.75,--,10,3750,买盘
936,13:23:53,3.75,0.01,6,2250,买盘
937,13:23:41,3.74,--,3,1122,卖盘
938,13:23:38,3.74,-0.01,4,1496,卖盘
939,13:23:32,3.75,--,25,9375,买盘
940,13:23:27,3.75,--,7,2625,买盘
941,13:23:18,3.75,--,58,21750,买盘
942,13:23:08,3.75,--,1,375,买盘
943,13:23:03,3.75,--,15,5625,买盘
944,13:22:56,3.75,--,36,13500,买盘
945,13:22:53,3.75,--,7,2625,买盘
946,13:22:47,3.75,0.01,106,39750,买盘
947,13:22:41,3.74,--,91,34034,卖盘
948,13:22:38,3.74,-0.01,255,95370,卖盘
949,13:22:33,3.75,0.01,100,37500,买盘
950,13:22:23,3.74,-0.01,56,20944,卖盘
951,13:22:17,3.75,--,5,1875,买盘
952,13:22:12,3.75,--,3,1125,买盘
953,13:22:08,3.75,0.01,101,37875,买盘
954,13:22:03,3.74,--,20,7480,卖盘
955,13:21:53,3.74,-0.01,1200,448800,卖盘
956,13:21:47,3.75,--,12,4500,买盘
957,13:21:37,3.75,0.01,1,375,买盘
958,13:21:32,3.74,--,132,49368,卖盘
959,13:21:26,3.74,-0.01,41,15334,卖盘
960,13:21:21,3.75,--,2,750,买盘
961,13:21:17,3.75,--,255,95625,买盘
962,13:21:11,3.75,--,1,375,买盘
963,13:21:05,3.75,--,2,750,买盘
964,13:20:56,3.75,--,54,20250,买盘
965,13:20:50,3.75,--,100,37500,买盘
966,13:20:47,3.75,--,136,51000,买盘
967,13:20:42,3.75,--,527,197625,买盘
968,13:20:37,3.75,--,1,375,买盘
969,13:20:32,3.75,--,2,750,买盘
970,13:20:26,3.75,--,10,3750,买盘
971,13:20:11,3.75,--,110,41250,买盘
972,13:20:06,3.75,--,656,246000,买盘
973,13:20:03,3.75,--,15,5625,买盘
974,13:19:56,3.75,--,101,37875,买盘
975,13:19:52,3.75,--,200,75000,买盘
976,13:19:47,3.75,--,18,6750,买盘
977,13:19:41,3.75,--,125,46875,买盘
978,13:19:36,3.75,0.01,1,375,买盘
979,13:19:32,3.74,-0.01,150,56100,卖盘
980,13:19:26,3.75,--,420,157500,买盘
981,13:19:17,3.75,--,39,14625,买盘
982,13:19:07,3.75,--,3,1125,买盘
983,13:19:02,3.75,--,189,70875,买盘
984,13:18:56,3.75,0.01,68,25500,买盘
985,13:18:47,3.74,-0.01,42,15708,卖盘
986,13:18:41,3.75,--,37,13875,买盘
987,13:18:35,3.75,--,1,375,买盘
988,13:18:33,3.75,0.01,274,102750,买盘
989,13:18:20,3.74,-0.01,5,1870,卖盘
990,13:18:11,3.75,--,6,2250,买盘
991,13:18:06,3.75,--,2,750,买盘
992,13:18:02,3.75,--,39,14625,买盘
993,13:17:57,3.75,--,24,9000,买盘
994,13:17:50,3.75,--,33,12375,买盘
995,13:17:47,3.75,--,24,9000,买盘
996,13:17:41,3.75,--,5,1875,买盘
997,13:17:35,3.75,--,97,36375,买盘
998,13:17:32,3.75,0.01,85,31875,买盘
999,13:17:26,3.74,--,48,17952,卖盘
1000,13:17:20,3.74,--,20,7480,卖盘
1001,13:17:17,3.74,-0.01,307,114818,卖盘
1002,13:17:11,3.75,--,5,1875,买盘
1003,13:17:05,3.75,--,4,1500,买盘
1004,13:17:02,3.75,--,46,17250,买盘
1005,13:16:50,3.75,0.01,100,37500,买盘
1006,13:16:47,3.74,-0.01,152,57098,卖盘
1007,13:16:35,3.75,--,1,375,买盘
1008,13:16:32,3.75,--,10,3750,买盘
1009,13:16:26,3.75,--,55,20625,买盘
1010,13:16:20,3.75,--,32,12000,买盘
1011,13:16:17,3.75,--,235,88125,买盘
1012,13:16:11,3.75,--,186,69750,买盘
1013,13:16:05,3.75,--,1,375,买盘
1014,13:16:02,3.75,--,30,11250,买盘
1015,13:15:56,3.75,0.01,22,8250,买盘
1016,13:15:41,3.74,-0.01,65,24310,卖盘
1017,13:15:35,3.75,--,1,375,买盘
1018,13:15:32,3.75,--,18,6750,买盘
1019,13:15:26,3.75,--,225,84375,买盘
1020,13:15:20,3.75,--,6,2250,买盘
1021,13:15:16,3.75,--,84,31500,买盘
1022,13:15:06,3.75,--,33,12375,买盘
1023,13:14:50,3.75,--,13,4875,买盘
1024,13:14:47,3.75,--,7,2625,买盘
1025,13:14:42,3.75,--,15,5625,买盘
1026,13:14:35,3.75,--,2,750,买盘
1027,13:14:32,3.75,--,7,2625,买盘
1028,13:14:26,3.75,--,349,130875,买盘
1029,13:14:20,3.75,--,28,10500,买盘
1030,13:14:14,3.75,--,50,18750,买盘
1031,13:14:11,3.75,--,5,1875,买盘
1032,13:14:05,3.75,--,533,200130,买盘
1033,13:13:56,3.75,--,124,46500,买盘
1034,13:13:50,3.75,0.01,350,131250,买盘
1035,13:13:44,3.74,-0.01,1001,374374,卖盘
1036,13:13:41,3.75,--,52,19500,买盘
1037,13:13:35,3.75,--,3,1125,买盘
1038,13:13:26,3.75,--,25,9375,买盘
1039,13:13:20,3.75,0.01,27,10125,买盘
1040,13:13:14,3.74,-0.01,3,1122,卖盘
1041,13:13:05,3.75,--,12,4500,买盘
1042,13:13:01,3.75,--,29,10875,买盘
1043,13:12:56,3.75,--,2,750,买盘
1044,13:12:50,3.75,--,791,296760,买盘
1045,13:12:44,3.75,0.01,72,27000,买盘
1046,13:12:41,3.74,-0.01,20,7480,卖盘
1047,13:12:35,3.75,--,201,75375,买盘
1048,13:12:29,3.75,--,3,1125,买盘
1049,13:12:26,3.75,0.01,10,3750,买盘
1050,13:12:20,3.74,-0.01,4,1496,卖盘
1051,13:12:14,3.75,0.01,14,5250,买盘
1052,13:12:11,3.74,-0.01,10,3740,卖盘
1053,13:12:05,3.75,--,92,34500,买盘
1054,13:11:59,3.75,--,3,1125,买盘
1055,13:11:56,3.75,0.01,60,22500,买盘
1056,13:11:50,3.74,--,10,3740,卖盘
1057,13:11:47,3.74,--,10,3740,卖盘
1058,13:11:35,3.74,--,11,4114,卖盘
1059,13:11:29,3.74,--,8,2992,卖盘
1060,13:11:26,3.74,--,10,3740,卖盘
1061,13:11:20,3.74,--,12,4488,卖盘
1062,13:11:13,3.74,--,1,374,卖盘
1063,13:11:11,3.74,-0.01,13,4862,卖盘
1064,13:11:05,3.75,--,41,15375,买盘
1065,13:11:00,3.75,--,212,79500,买盘
1066,13:10:56,3.75,0.01,5,1875,买盘
1067,13:10:50,3.74,--,10,3740,卖盘
1068,13:10:44,3.74,--,10,3740,卖盘
1069,13:10:41,3.74,-0.01,11,4114,卖盘
1070,13:10:35,3.75,0.01,11,4125,买盘
1071,13:10:26,3.74,-0.01,15,5610,卖盘
1072,13:10:20,3.75,0.01,14,5250,买盘
1073,13:10:14,3.74,-0.01,10,3740,卖盘
1074,13:10:05,3.75,0.01,105,39375,买盘
1075,13:09:56,3.74,--,10,3740,卖盘
1076,13:09:50,3.74,--,10,3740,卖盘
1077,13:09:44,3.74,--,60,22440,卖盘
1078,13:09:41,3.74,-0.01,15,5610,卖盘
1079,13:09:35,3.75,0.01,6,2250,买盘
1080,13:09:29,3.74,-0.01,10,3740,卖盘
1081,13:09:26,3.75,0.01,3,1125,买盘
1082,13:09:20,3.74,--,10,3740,卖盘
1083,13:09:14,3.74,--,10,3740,卖盘
1084,13:09:11,3.74,-0.01,25,9350,卖盘
1085,13:09:05,3.75,0.01,189,70976,买盘
1086,13:08:59,3.74,--,20,7480,卖盘
1087,13:08:56,3.74,--,53,19822,卖盘
1088,13:08:50,3.74,--,215,80410,卖盘
1089,13:08:44,3.74,-0.01,59,22066,卖盘
1090,13:08:41,3.75,--,16,6000,买盘
1091,13:08:35,3.75,--,14,5250,买盘
1092,13:08:29,3.75,0.01,1,375,买盘
1093,13:08:26,3.74,-0.01,7,2618,卖盘
1094,13:08:20,3.75,0.01,10,3750,买盘
1095,13:08:14,3.74,--,10,3740,卖盘
1096,13:08:11,3.74,-0.01,266,99614,卖盘
1097,13:08:05,3.75,--,13,4875,买盘
1098,13:07:59,3.75,--,10,3750,买盘
1099,13:07:44,3.75,0.01,2,750,买盘
1100,13:07:41,3.74,-0.01,10,3740,卖盘
1101,13:07:35,3.75,--,201,75375,买盘
1102,13:07:26,3.75,0.01,25,9375,买盘
1103,13:07:20,3.74,--,285,106720,卖盘
1104,13:07:14,3.74,--,50,18700,卖盘
1105,13:07:08,3.74,-0.01,96,36184,卖盘
1106,13:07:05,3.75,0.01,16,6000,买盘
1107,13:06:59,3.74,--,6,2244,卖盘
1108,13:06:53,3.74,--,9,3366,卖盘
1109,13:06:44,3.74,--,184,68816,卖盘
1110,13:06:38,3.74,-0.01,300,112200,卖盘
1111,13:06:35,3.75,--,1,375,买盘
1112,13:06:29,3.75,--,205,76875,买盘
1113,13:06:23,3.75,--,1,375,买盘
1114,13:06:20,3.75,--,408,153000,买盘
1115,13:06:05,3.75,--,7,2625,买盘
1116,13:05:50,3.75,--,329,123375,买盘
1117,13:05:35,3.75,0.01,17,6375,买盘
1118,13:05:23,3.74,-0.01,100,37400,卖盘
1119,13:05:14,3.75,--,1,375,买盘
1120,13:05:05,3.75,0.01,161,60375,买盘
1121,13:04:50,3.74,-0.01,5,1870,卖盘
1122,13:04:38,3.75,--,143,53625,买盘
1123,13:04:35,3.75,0.01,733,274923,买盘
1124,13:04:29,3.74,--,100,37400,卖盘
1125,13:04:20,3.74,-0.01,6002,2244748,卖盘
1126,13:04:05,3.75,0.01,2,750,买盘
1127,13:03:50,3.74,--,143,53482,卖盘
1128,13:03:44,3.74,-0.01,45,16830,卖盘
1129,13:03:35,3.75,--,2,750,买盘
1130,13:03:29,3.75,0.01,54,20250,买盘
1131,13:03:20,3.74,--,167,62458,卖盘
1132,13:03:14,3.74,-0.01,570,213180,卖盘
1133,13:03:08,3.75,--,5,1875,买盘
1134,13:03:05,3.75,--,58,21750,买盘
1135,13:02:59,3.75,--,5,1875,买盘
1136,13:02:53,3.75,--,50,18750,买盘
1137,13:02:44,3.75,--,22,8250,买盘
1138,13:02:38,3.75,--,1,375,买盘
1139,13:02:35,3.75,0.01,4004,1501500,买盘
1140,13:02:20,3.74,-0.01,100,37400,卖盘
1141,13:02:08,3.75,--,65,24375,买盘
1142,13:02:05,3.75,0.01,6,2250,买盘
1143,13:01:59,3.74,-0.01,3,1122,卖盘
1144,13:01:50,3.75,--,26,9750,买盘
1145,13:01:44,3.75,0.01,190,71250,买盘
1146,13:01:38,3.74,-0.01,54,20196,卖盘
1147,13:01:35,3.75,0.01,434,162750,买盘
1148,13:01:22,3.74,-0.01,54,20196,卖盘
1149,13:01:20,3.75,0.01,17,6375,买盘
1150,13:01:14,3.74,--,123,46002,卖盘
1151,13:01:08,3.74,-0.01,137,51238,卖盘
1152,13:01:05,3.75,--,301,112875,买盘
1153,13:00:59,3.75,--,10,3750,买盘
1154,13:00:50,3.75,--,405,151875,买盘
1155,13:00:35,3.75,--,7,2625,买盘
1156,13:00:29,3.75,--,280,105000,买盘
1157,13:00:19,3.75,--,87,32625,买盘
1158,13:00:08,3.75,--,31,11625,买盘
1159,13:00:05,3.75,--,5963,2236125,买盘
1160,11:30:00,3.75,--,0,0,买盘
1161,11:30:00,3.75,--,0,0,买盘
1162,11:29:59,3.75,0.01,5,1875,买盘
1163,11:29:45,3.74,--,20,7480,卖盘
1164,11:29:39,3.74,-0.01,2,748,卖盘
1165,11:29:36,3.75,0.01,4,1500,买盘
1166,11:29:15,3.74,-0.01,10,3740,卖盘
1167,11:29:06,3.75,--,6,2250,买盘
1168,11:28:51,3.75,--,4,1500,买盘
1169,11:28:45,3.75,0.01,105,39375,买盘
1170,11:28:39,3.74,--,5,1870,卖盘
1171,11:28:36,3.74,-0.01,104,38896,卖盘
1172,11:28:24,3.75,--,287,107625,买盘
1173,11:28:21,3.75,--,6,2250,买盘
1174,11:28:14,3.75,--,21,7875,买盘
1175,11:28:06,3.75,--,1,375,买盘
1176,11:27:54,3.75,--,3,1125,买盘
1177,11:27:36,3.75,--,2,750,买盘
1178,11:27:09,3.75,--,100,37500,买盘
1179,11:27:05,3.75,0.01,75,28125,买盘
1180,11:27:00,3.74,--,20,7480,卖盘
1181,11:26:53,3.74,--,20,7480,卖盘
1182,11:26:39,3.74,-0.01,265,99240,卖盘
1183,11:26:36,3.75,--,1,375,买盘
1184,11:26:30,3.75,--,20,7500,买盘
1185,11:26:24,3.75,--,12,4500,买盘
1186,11:26:15,3.75,0.01,3,1125,买盘
1187,11:26:09,3.74,--,72,26928,卖盘
1188,11:26:06,3.74,-0.01,2,748,卖盘
1189,11:26:00,3.75,--,40,15000,买盘
1190,11:25:36,3.75,--,21,7875,买盘
1191,11:25:30,3.75,--,83,31125,买盘
1192,11:25:24,3.75,--,3,1125,买盘
1193,11:25:15,3.75,--,30,11250,买盘
1194,11:25:09,3.75,--,60,22500,买盘
1195,11:25:03,3.75,--,1,375,买盘
1196,11:24:45,3.75,0.01,96,36000,买盘
1197,11:24:39,3.74,-0.01,28,10472,卖盘
1198,11:24:35,3.75,--,8,3000,买盘
1199,11:24:30,3.75,--,134,50505,买盘
1200,11:24:24,3.75,0.01,100,37500,买盘
1201,11:24:15,3.74,-0.01,130,48620,卖盘
1202,11:24:09,3.75,--,1,375,买盘
1203,11:24:04,3.75,--,21,7875,买盘
1204,11:24:00,3.75,0.01,560,210000,买盘
1205,11:23:54,3.74,--,37,13838,卖盘
1206,11:23:49,3.74,--,28,10472,卖盘
1207,11:23:45,3.74,-0.01,87,32538,卖盘
1208,11:23:39,3.75,--,2,750,买盘
1209,11:23:33,3.75,--,1,375,买盘
1210,11:23:30,3.75,--,10047,3767625,买盘
1211,11:23:15,3.75,-0.01,694,260250,卖盘
1212,11:23:04,3.76,--,1,376,买盘
1213,11:23:00,3.76,0.01,5,1880,买盘
1214,11:22:54,3.75,-0.01,2,750,卖盘
1215,11:22:48,3.76,0.01,1,376,买盘
1216,11:22:39,3.75,-0.01,2500,937500,卖盘
1217,11:22:35,3.76,0.01,1,376,买盘
1218,11:22:24,3.75,-0.01,50,18750,卖盘
1219,11:22:17,3.76,--,4,1504,买盘
1220,11:22:09,3.76,0.01,30,11280,买盘
1221,11:22:03,3.75,-0.01,311,116625,卖盘
1222,11:22:00,3.76,--,104,39104,买盘
1223,11:21:54,3.76,--,68,25568,买盘
1224,11:21:48,3.76,--,31,11656,买盘
1225,11:21:39,3.76,--,157,59032,买盘
1226,11:21:32,3.76,0.01,2,752,买盘
1227,11:21:30,3.75,--,6,2250,卖盘
1228,11:21:23,3.75,--,10,3750,卖盘
1229,11:21:15,3.75,-0.01,2,750,卖盘
1230,11:21:08,3.76,--,18,6768,买盘
1231,11:21:03,3.76,--,1,376,买盘
1232,11:21:00,3.76,0.01,6,2256,买盘
1233,11:20:45,3.75,--,26,9750,卖盘
1234,11:20:39,3.75,--,37,13875,卖盘
1235,11:20:33,3.75,-0.01,8,3000,卖盘
1236,11:20:24,3.76,--,4,1504,买盘
1237,11:20:14,3.76,--,2,752,买盘
1238,11:20:03,3.76,--,1,376,买盘
1239,11:19:54,3.76,0.02,5,1880,买盘
1240,11:19:48,3.74,-0.02,114,42636,卖盘
1241,11:19:33,3.76,0.01,1,376,买盘
1242,11:19:29,3.75,--,6,2250,买盘
1243,11:19:24,3.75,--,321,120375,买盘
1244,11:19:09,3.75,--,2,750,买盘
1245,11:19:03,3.75,--,51,19125,买盘
1246,11:19:00,3.75,--,201,75375,买盘
1247,11:18:53,3.75,--,1,375,买盘
1248,11:18:48,3.75,0.01,12,4500,买盘
1249,11:18:45,3.74,-0.01,1,374,卖盘
1250,11:18:33,3.75,--,4,1500,买盘
1251,11:18:30,3.75,0.01,105,39375,买盘
1252,11:18:24,3.74,-0.01,65,24310,卖盘
1253,11:18:18,3.75,--,53,19875,买盘
1254,11:18:15,3.75,--,7,2625,买盘
1255,11:18:09,3.75,--,20,7500,买盘
1256,11:18:03,3.75,--,28,10500,买盘
1257,11:18:00,3.75,--,400,150000,买盘
1258,11:17:48,3.75,--,150,56250,买盘
1259,11:17:45,3.75,--,233,87375,买盘
1260,11:17:33,3.75,--,1,375,买盘
1261,11:17:30,3.75,--,179,67125,买盘
1262,11:17:24,3.75,--,8,3000,买盘
1263,11:17:18,3.75,--,300,112500,买盘
1264,11:17:09,3.75,-0.01,3479,1304625,卖盘
1265,11:17:03,3.76,0.01,634,238384,买盘
1266,11:16:57,3.75,-0.01,54,20250,卖盘
1267,11:16:54,3.76,--,56,21056,买盘
1268,11:16:48,3.76,--,121,45496,买盘
1269,11:16:33,3.76,0.01,519,195144,买盘
1270,11:16:12,3.75,--,400,150000,卖盘
1271,11:16:09,3.75,-0.01,113,42375,卖盘
1272,11:16:03,3.76,--,3,1128,买盘
1273,11:15:58,3.76,0.01,4,1504,买盘
1274,11:15:54,3.75,-0.01,5,1875,卖盘
1275,11:15:39,3.76,0.01,2,752,买盘
1276,11:15:33,3.75,-0.01,229,85875,卖盘
1277,11:15:24,3.76,0.01,1,376,买盘
1278,11:15:18,3.75,-0.01,1,375,卖盘
1279,11:15:09,3.76,--,2,752,买盘
1280,11:15:03,3.76,0.01,106,39856,买盘
1281,11:14:48,3.75,--,2062,773250,买盘
1282,11:14:44,3.75,--,1,375,买盘
1283,11:14:39,3.75,--,473,177375,买盘
1284,11:14:33,3.75,--,121,45375,买盘
1285,11:14:28,3.75,--,20,7500,买盘
1286,11:14:24,3.75,--,735,275625,买盘
1287,11:14:18,3.75,--,53,19875,买盘
1288,11:14:13,3.75,--,110,41250,买盘
1289,11:14:09,3.75,0.01,160,60000,买盘
1290,11:14:03,3.74,-0.01,48,17952,卖盘
1291,11:13:57,3.75,--,5,1875,买盘
1292,11:13:54,3.75,--,65,24375,买盘
1293,11:13:48,3.75,--,1012,379500,买盘
1294,11:13:42,3.75,--,5,1875,买盘
1295,11:13:39,3.75,--,185,69375,买盘
1296,11:13:33,3.75,--,5,1875,买盘
1297,11:13:27,3.75,--,73,27375,买盘
1298,11:13:12,3.75,--,50,18750,买盘
1299,11:13:09,3.75,--,206,77250,买盘
1300,11:13:03,3.75,--,38,14250,买盘
1301,11:12:57,3.75,--,50,18750,买盘
1302,11:12:47,3.75,--,76,28500,买盘
1303,11:12:39,3.75,--,39,14625,买盘
1304,11:12:33,3.75,--,7,2625,买盘
1305,11:12:18,3.75,0.01,5,1875,买盘
1306,11:12:12,3.74,-0.01,1,374,卖盘
1307,11:12:09,3.75,0.01,10,3750,买盘
1308,11:12:03,3.74,-0.01,113,42262,卖盘
1309,11:11:48,3.75,0.01,69,25875,买盘
1310,11:11:42,3.74,-0.01,82,30668,卖盘
1311,11:11:33,3.75,0.01,1,375,买盘
1312,11:11:27,3.74,-0.01,34,12716,卖盘
1313,11:11:24,3.75,--,11,4125,买盘
1314,11:11:18,3.75,0.01,4,1500,买盘
1315,11:11:12,3.74,--,27,10098,卖盘
1316,11:11:09,3.74,-0.01,140,52360,卖盘
1317,11:11:03,3.75,0.01,11,4125,买盘
1318,11:10:54,3.74,-0.01,33,12342,卖盘
1319,11:10:48,3.75,--,46,17250,买盘
1320,11:10:42,3.75,--,4,1500,买盘
1321,11:10:39,3.75,--,246,92250,买盘
1322,11:10:33,3.75,--,11,4125,买盘
1323,11:10:27,3.75,--,10,3750,买盘
1324,11:10:24,3.75,--,100,37500,买盘
1325,11:10:18,3.75,--,40,15000,买盘
1326,11:10:12,3.75,0.01,36,13500,买盘
1327,11:10:09,3.74,-0.01,1,374,卖盘
1328,11:10:03,3.75,0.01,2,750,买盘
1329,11:09:56,3.74,-0.01,2,748,卖盘
1330,11:09:48,3.75,--,100,37500,买盘
1331,11:09:42,3.75,0.01,6,2250,买盘
1332,11:09:39,3.74,-0.01,60,22440,卖盘
1333,11:09:33,3.75,0.01,98,36750,买盘
1334,11:09:27,3.74,--,43,16082,卖盘
1335,11:09:21,3.74,--,12,4488,卖盘
1336,11:09:18,3.74,--,51,19074,卖盘
1337,11:09:12,3.74,--,27,10098,卖盘
1338,11:09:06,3.74,-0.01,119,44506,卖盘
1339,11:09:03,3.75,0.01,1,375,买盘
1340,11:08:57,3.74,--,51,19074,卖盘
1341,11:08:48,3.74,-0.01,55,20570,卖盘
1342,11:08:42,3.75,0.01,30,11250,买盘
1343,11:08:36,3.74,-0.01,50,18700,卖盘
1344,11:08:33,3.75,0.01,101,37875,买盘
1345,11:08:27,3.74,--,50,18700,卖盘
1346,11:08:23,3.74,--,20,7480,卖盘
1347,11:08:18,3.74,-0.01,84,31416,卖盘
1348,11:08:12,3.75,0.01,2,750,买盘
1349,11:08:08,3.74,-0.01,50,18700,卖盘
1350,11:08:03,3.75,0.01,17,6375,买盘
1351,11:07:57,3.74,-0.01,256,95744,卖盘
1352,11:07:53,3.75,0.01,18,6750,买盘
1353,11:07:48,3.74,-0.01,110,41140,卖盘
1354,11:07:42,3.75,--,127,47625,买盘
1355,11:07:33,3.75,0.01,44,16500,买盘
1356,11:07:27,3.74,-0.01,502,187748,卖盘
1357,11:07:23,3.75,--,30,11250,买盘
1358,11:07:18,3.75,--,20,7500,买盘
1359,11:07:12,3.75,0.01,1,375,买盘
1360,11:07:07,3.74,-0.01,5,1870,卖盘
1361,11:07:03,3.75,0.01,12,4500,买盘
1362,11:06:57,3.74,-0.01,248,92752,卖盘
1363,11:06:53,3.75,--,7,2625,买盘
1364,11:06:42,3.75,0.01,137,51375,买盘
1365,11:06:33,3.74,--,129,48246,卖盘
1366,11:06:27,3.74,-0.01,245,91630,卖盘
1367,11:06:21,3.75,--,25,9375,买盘
1368,11:06:18,3.75,0.01,30,11250,买盘
1369,11:06:11,3.74,--,302,112948,卖盘
1370,11:06:06,3.74,-0.01,23,8602,卖盘
1371,11:06:03,3.75,0.01,20,7500,买盘
1372,11:05:57,3.74,-0.01,207,77418,卖盘
1373,11:05:51,3.75,--,1,375,买盘
1374,11:05:48,3.75,0.01,27,10125,买盘
1375,11:05:42,3.74,-0.01,90,33660,卖盘
1376,11:05:33,3.75,--,1,375,买盘
1377,11:05:27,3.75,0.01,83,31125,买盘
1378,11:05:20,3.74,--,200,74800,卖盘
1379,11:05:17,3.74,--,135,50490,卖盘
1380,11:05:12,3.74,--,114,42636,卖盘
1381,11:05:06,3.74,-0.01,1,374,卖盘
1382,11:05:02,3.75,--,27,10125,买盘
1383,11:04:57,3.75,--,21,7875,买盘
1384,11:04:51,3.75,0.01,100,37500,买盘
1385,11:04:48,3.74,-0.01,100,37400,卖盘
1386,11:04:42,3.75,0.01,5,1875,买盘
1387,11:04:32,3.74,--,89,33286,卖盘
1388,11:04:21,3.74,-0.01,100,37400,卖盘
1389,11:04:18,3.75,--,10,3750,买盘
1390,11:04:12,3.75,0.01,96,36000,买盘
1391,11:04:06,3.74,-0.01,46,17204,卖盘
1392,11:04:03,3.75,0.01,525,196875,买盘
1393,11:03:57,3.74,-0.01,80,29920,卖盘
1394,11:03:50,3.75,0.01,114,42750,买盘
1395,11:03:48,3.74,-0.01,168,62832,卖盘
1396,11:03:42,3.75,--,21,7875,买盘
1397,11:03:33,3.75,0.01,88,33000,买盘
1398,11:03:27,3.74,-0.01,116,43384,卖盘
1399,11:03:21,3.75,0.01,16,6000,买盘
1400,11:03:18,3.74,--,12,4488,卖盘
1401,11:03:12,3.74,--,109,40766,卖盘
1402,11:03:03,3.74,-0.01,29,10846,卖盘
1403,11:02:57,3.75,--,2,750,买盘
1404,11:02:51,3.75,0.01,303,113625,买盘
1405,11:02:48,3.74,--,84,31416,卖盘
1406,11:02:42,3.74,--,4000,1496000,卖盘
1407,11:02:36,3.74,-0.01,1201,449174,卖盘
1408,11:02:32,3.75,0.01,117,43875,买盘
1409,11:02:27,3.74,-0.01,280,104720,卖盘
1410,11:02:21,3.75,--,137,51375,买盘
1411,11:02:06,3.75,0.01,24,9000,买盘
1412,11:02:01,3.74,--,500,187000,卖盘
1413,11:01:50,3.74,--,496,185504,卖盘
1414,11:01:47,3.74,--,3000,1122000,卖盘
1415,11:01:41,3.74,--,469,175406,卖盘
1416,11:01:36,3.74,--,40,14960,卖盘
1417,11:01:30,3.74,-0.01,86,32164,卖盘
1418,11:01:27,3.75,0.01,11,4125,买盘
1419,11:01:21,3.74,-0.01,205,76670,卖盘
1420,11:01:12,3.75,0.01,490,183750,买盘
1421,11:01:06,3.74,--,263,98362,卖盘
1422,11:00:57,3.74,-0.01,29,10846,卖盘
1423,11:00:50,3.75,--,41,15375,买盘
1424,11:00:47,3.75,--,30,11250,买盘
1425,11:00:41,3.75,--,20,7500,买盘
1426,11:00:36,3.75,--,7117,2668946,卖盘
1427,11:00:31,3.75,--,232,87000,卖盘
1428,11:00:27,3.75,--,1730,648750,卖盘
1429,11:00:20,3.75,--,3720,1395000,卖盘
1430,11:00:17,3.75,--,2365,886875,卖盘
1431,11:00:12,3.75,--,3404,1276500,卖盘
1432,11:00:06,3.75,--,5525,2071875,卖盘
1433,11:00:02,3.75,--,96,36000,卖盘
1434,10:59:57,3.75,-0.01,37,13875,卖盘
1435,10:59:50,3.76,0.01,154,57904,买盘
1436,10:59:41,3.75,-0.01,104,39000,卖盘
1437,10:59:36,3.76,0.01,1,376,买盘
1438,10:59:27,3.75,-0.01,190,71250,卖盘
1439,10:59:20,3.76,--,244,91744,买盘
1440,10:59:12,3.76,--,75,28200,买盘
1441,10:59:06,3.76,--,29,10904,买盘
1442,10:59:00,3.76,0.01,3,1128,买盘
1443,10:58:51,3.75,--,13,4875,卖盘
1444,10:58:45,3.75,--,204,76500,卖盘
1445,10:58:41,3.75,--,78,29250,卖盘
1446,10:58:36,3.75,-0.01,17,6375,卖盘
1447,10:58:26,3.76,0.01,21,7896,买盘
1448,10:58:20,3.75,-0.01,113,42375,卖盘
1449,10:58:15,3.76,0.01,5,1880,买盘
1450,10:58:11,3.75,--,53,19875,卖盘
1451,10:58:05,3.75,--,89,33570,卖盘
1452,10:57:59,3.75,--,4006,1502250,卖盘
1453,10:57:51,3.75,--,182,68250,卖盘
1454,10:57:41,3.75,-0.01,50,18750,卖盘
1455,10:57:36,3.76,0.01,23,8648,买盘
1456,10:57:26,3.75,--,8,3000,卖盘
1457,10:57:20,3.75,--,59,22125,卖盘
1458,10:57:14,3.75,--,132,49500,卖盘
1459,10:57:11,3.75,--,143,53625,卖盘
1460,10:57:06,3.75,--,70,26250,卖盘
1461,10:57:00,3.75,-0.01,73,27375,卖盘
1462,10:56:56,3.76,0.01,4,1504,买盘
1463,10:56:44,3.75,--,35,13125,卖盘
1464,10:56:35,3.75,-0.01,38,14250,卖盘
1465,10:56:26,3.76,0.01,109,40984,买盘
1466,10:56:20,3.75,--,99,37125,卖盘
1467,10:56:11,3.75,-0.01,481,180375,卖盘
1468,10:56:06,3.76,0.01,1,376,买盘
1469,10:55:50,3.75,--,5,1875,卖盘
1470,10:55:44,3.75,--,29,10875,卖盘
1471,10:55:41,3.75,-0.01,46,17250,卖盘
1472,10:55:35,3.76,--,32,12032,买盘
1473,10:55:29,3.76,--,470,176720,买盘
1474,10:55:26,3.76,0.01,564,212064,买盘
1475,10:55:21,3.75,--,516,193500,卖盘
1476,10:55:15,3.75,--,150,56250,卖盘
1477,10:55:11,3.75,--,1000,375000,卖盘
1478,10:55:05,3.75,-0.01,63,23625,卖盘
1479,10:54:50,3.76,0.01,6,2256,买盘
1480,10:54:45,3.75,-0.01,159,59625,卖盘
1481,10:54:35,3.76,--,50,18800,买盘
1482,10:54:29,3.76,0.01,1,376,买盘
1483,10:54:25,3.75,-0.01,10,3750,卖盘
1484,10:54:20,3.76,0.01,85,31960,买盘
1485,10:54:10,3.75,-0.01,413,154875,卖盘
1486,10:54:05,3.76,0.01,108,40608,买盘
1487,10:54:00,3.75,-0.01,58,21750,卖盘
1488,10:53:56,3.76,--,2,752,买盘
1489,10:53:45,3.76,--,500,188000,买盘
1490,10:53:35,3.76,0.01,107,40232,买盘
1491,10:53:29,3.75,--,233,87375,卖盘
1492,10:53:25,3.75,--,47,17625,卖盘
1493,10:53:15,3.75,-0.01,36,13500,卖盘
1494,10:53:05,3.76,--,2,752,买盘
1495,10:52:59,3.76,0.01,1150,432400,买盘
1496,10:52:55,3.75,--,400,150000,卖盘
1497,10:52:50,3.75,--,547,205125,卖盘
1498,10:52:39,3.75,--,934,350250,卖盘
1499,10:52:35,3.75,-0.01,80,30000,卖盘
1500,10:52:29,3.76,--,5,1880,买盘
1501,10:52:26,3.76,--,390,146640,买盘
1502,10:52:20,3.76,--,36,13536,买盘
1503,10:52:14,3.76,0.01,75,28200,买盘
1504,10:52:10,3.75,--,2,750,卖盘
1505,10:52:05,3.75,--,31,11625,卖盘
1506,10:51:51,3.75,-0.01,4,1500,卖盘
1507,10:51:44,3.76,0.01,112,42112,买盘
1508,10:51:39,3.75,-0.01,65,24375,卖盘
1509,10:51:35,3.76,--,3351,1259976,买盘
1510,10:51:20,3.76,0.01,2,752,买盘
1511,10:51:14,3.75,--,1115,418125,卖盘
1512,10:51:06,3.75,--,27,10125,卖盘
1513,10:50:50,3.75,-0.01,168,63000,卖盘
1514,10:50:44,3.76,--,4,1504,买盘
1515,10:50:38,3.76,0.01,41,15416,买盘
1516,10:50:35,3.75,--,58,21750,卖盘
1517,10:50:29,3.75,--,87,32625,卖盘
1518,10:50:23,3.75,--,20,7500,卖盘
1519,10:50:20,3.75,--,123,46125,卖盘
1520,10:50:15,3.75,-0.01,227,85125,卖盘
1521,10:50:08,3.76,--,56,21056,买盘
1522,10:50:05,3.76,0.01,2,752,买盘
1523,10:49:59,3.75,--,45,16875,卖盘
1524,10:49:50,3.75,-0.01,13,4875,卖盘
1525,10:49:44,3.76,--,67,25192,买盘
1526,10:49:35,3.76,--,118,44368,买盘
1527,10:49:30,3.76,--,37,13912,买盘
1528,10:49:24,3.76,--,20,7520,买盘
1529,10:49:14,3.76,--,11,4136,买盘
1530,10:49:09,3.76,--,5,1880,买盘
1531,10:49:05,3.76,--,245,92120,买盘
1532,10:48:53,3.76,0.01,3,1128,买盘
1533,10:48:50,3.75,-0.01,5,1875,卖盘
1534,10:48:44,3.76,--,82,30832,买盘
1535,10:48:35,3.76,0.01,13,4888,买盘
1536,10:48:30,3.75,-0.01,203,76128,卖盘
1537,10:48:20,3.76,0.01,10,3760,买盘
1538,10:48:14,3.75,-0.01,131,49125,卖盘
1539,10:48:05,3.76,--,335,125960,买盘
1540,10:48:00,3.76,--,68,25568,买盘
1541,10:47:53,3.76,--,100,37600,买盘
1542,10:47:50,3.76,--,58,21808,买盘
1543,10:47:44,3.76,--,560,210560,买盘
1544,10:47:38,3.76,0.01,104,39104,买盘
1545,10:47:35,3.75,-0.01,81,30375,卖盘
1546,10:47:29,3.76,0.01,135,50760,买盘
1547,10:47:24,3.75,--,11,4125,卖盘
1548,10:47:20,3.75,-0.01,70,26250,卖盘
1549,10:47:05,3.76,--,24,9024,买盘
1550,10:46:59,3.76,0.01,67,25192,买盘
1551,10:46:53,3.75,--,7,2625,卖盘
1552,10:46:48,3.75,--,100,37500,卖盘
1553,10:46:35,3.75,-0.01,63,23625,卖盘
1554,10:46:30,3.76,0.01,65,24440,买盘
1555,10:46:18,3.75,--,2,750,卖盘
1556,10:46:14,3.75,--,161,60375,卖盘
1557,10:46:08,3.75,-0.01,11,4125,卖盘
1558,10:46:03,3.76,0.01,2,752,买盘
1559,10:45:59,3.75,-0.01,174,65250,卖盘
1560,10:45:53,3.76,0.01,442,166192,买盘
1561,10:45:45,3.75,--,175,65625,卖盘
1562,10:45:38,3.75,--,46,17250,卖盘
1563,10:45:35,3.75,--,67,25125,卖盘
1564,10:45:29,3.75,--,127,47625,卖盘
1565,10:45:23,3.75,--,321,120375,卖盘
1566,10:45:18,3.75,--,225,84375,卖盘
1567,10:45:14,3.75,--,11,4125,卖盘
1568,10:45:08,3.75,-0.01,695,260625,卖盘
1569,10:45:05,3.76,0.01,11,4136,买盘
1570,10:44:59,3.75,--,274,102937,卖盘
1571,10:44:44,3.75,-0.01,50,18750,卖盘
1572,10:44:33,3.76,0.01,5,1880,买盘
1573,10:44:30,3.75,--,50,18750,卖盘
1574,10:44:24,3.75,--,148,55500,卖盘
1575,10:44:14,3.75,--,381,142875,卖盘
1576,10:44:08,3.75,-0.01,210,78750,卖盘
1577,10:44:04,3.76,--,261,98136,买盘
1578,10:43:59,3.76,0.01,51,19176,买盘
1579,10:43:54,3.75,--,51,19125,卖盘
1580,10:43:47,3.75,--,73,27375,卖盘
1581,10:43:44,3.75,-0.01,460,172500,卖盘
1582,10:43:39,3.76,0.01,77,28952,买盘
1583,10:43:32,3.75,--,14,5250,卖盘
1584,10:43:29,3.75,--,18,6750,卖盘
1585,10:43:24,3.75,--,165,61875,卖盘
1586,10:43:15,3.75,--,1115,418125,卖盘
1587,10:43:08,3.75,-0.01,3,1125,卖盘
1588,10:43:02,3.76,0.01,1,376,买盘
1589,10:42:59,3.75,--,296,111000,卖盘
1590,10:42:53,3.75,--,40,15000,卖盘
1591,10:42:48,3.75,-0.01,201,75375,卖盘
1592,10:42:44,3.76,0.01,32,12032,买盘
1593,10:42:38,3.75,-0.01,30,11250,卖盘
1594,10:42:32,3.76,0.01,113,42488,买盘
1595,10:42:24,3.75,--,40,15000,卖盘
1596,10:42:14,3.75,-0.01,64,24000,卖盘
1597,10:42:08,3.76,--,10,3760,买盘
1598,10:42:02,3.76,--,87,32711,买盘
1599,10:41:59,3.76,--,61,22936,买盘
1600,10:41:53,3.76,--,293,110168,买盘
1601,10:41:48,3.76,0.01,2,752,买盘
1602,10:41:44,3.75,-0.01,57,21375,卖盘
1603,10:41:32,3.76,--,1,376,买盘
1604,10:41:29,3.76,0.01,56,21056,买盘
1605,10:41:18,3.75,--,79,29625,卖盘
1606,10:41:14,3.75,-0.01,366,137362,卖盘
1607,10:41:08,3.76,-0.01,960,360960,卖盘
1608,10:41:02,3.77,0.01,46,17342,买盘
1609,10:40:58,3.76,--,2228,837728,卖盘
1610,10:40:53,3.76,--,246,92496,卖盘
1611,10:40:44,3.76,--,1405,528280,卖盘
1612,10:40:38,3.76,-0.01,638,239888,卖盘
1613,10:40:32,3.77,0.01,2,754,买盘
1614,10:40:29,3.76,--,725,272600,卖盘
1615,10:40:23,3.76,--,2504,941504,卖盘
1616,10:40:17,3.76,--,61,22936,卖盘
1617,10:40:14,3.76,--,299,112424,卖盘
1618,10:40:08,3.76,--,530,199426,卖盘
1619,10:40:03,3.76,--,612,230112,卖盘
1620,10:39:59,3.76,--,1495,562120,卖盘
1621,10:39:54,3.76,--,25,9400,卖盘
1622,10:39:38,3.76,--,426,160176,卖盘
1623,10:39:33,3.76,-0.01,72,27072,卖盘
1624,10:39:29,3.77,--,2,754,买盘
1625,10:39:23,3.77,--,104,39208,买盘
1626,10:39:17,3.77,0.01,5,1885,买盘
1627,10:39:14,3.76,--,18,6768,卖盘
1628,10:39:09,3.76,--,500,188000,卖盘
1629,10:39:02,3.76,--,402,151152,卖盘
1630,10:38:53,3.76,-0.01,307,115432,卖盘
1631,10:38:47,3.77,0.01,12,4524,买盘
1632,10:38:44,3.76,--,44,16544,卖盘
1633,10:38:39,3.76,-0.01,16,6016,卖盘
1634,10:38:32,3.77,0.01,53,19981,买盘
1635,10:38:28,3.76,--,10,3760,卖盘
1636,10:38:17,3.76,--,12,4512,卖盘
1637,10:38:11,3.76,--,100,37600,卖盘
1638,10:38:08,3.76,-0.01,21,7896,卖盘
1639,10:38:02,3.77,0.01,1,377,买盘
1640,10:37:48,3.76,-0.01,5,1880,卖盘
1641,10:37:42,3.77,--,2,754,买盘
1642,10:37:32,3.77,0.01,13,4901,买盘
1643,10:37:23,3.76,--,112,42112,卖盘
1644,10:37:17,3.76,-0.01,100,37600,卖盘
1645,10:37:08,3.77,--,1,377,买盘
1646,10:37:02,3.77,0.01,1,377,买盘
1647,10:36:59,3.76,-0.01,1253,471128,卖盘
1648,10:36:53,3.77,--,102,38454,买盘
1649,10:36:47,3.77,--,76,28652,买盘
1650,10:36:43,3.77,0.01,5,1885,买盘
1651,10:36:38,3.76,-0.01,103,38728,卖盘
1652,10:36:32,3.77,--,3,1131,买盘
1653,10:36:23,3.77,0.01,12,4524,买盘
1654,10:36:17,3.76,--,20,7520,卖盘
1655,10:36:13,3.76,--,556,209202,卖盘
1656,10:36:08,3.76,--,30,11280,卖盘
1657,10:36:02,3.76,--,414,155664,卖盘
1658,10:35:56,3.76,--,10,3760,卖盘
1659,10:35:53,3.76,--,286,107536,卖盘
1660,10:35:47,3.76,-0.01,11,4136,卖盘
1661,10:35:38,3.77,--,1,377,买盘
1662,10:35:32,3.77,0.01,56,21112,买盘
1663,10:35:26,3.76,-0.01,20,7520,卖盘
1664,10:35:23,3.77,0.01,46,17342,买盘
1665,10:35:11,3.76,--,11,4136,卖盘
1666,10:35:08,3.76,--,3,1128,卖盘
1667,10:34:56,3.76,--,15,5640,卖盘
1668,10:34:53,3.76,--,42,15792,卖盘
1669,10:34:47,3.76,--,55,20680,卖盘
1670,10:34:41,3.76,--,12,4512,卖盘
1671,10:34:38,3.76,-0.01,32,12032,卖盘
1672,10:34:32,3.77,0.01,2,754,买盘
1673,10:34:23,3.76,-0.01,22,8272,卖盘
1674,10:34:17,3.77,0.01,21,7917,买盘
1675,10:34:11,3.76,-0.01,10,3760,卖盘
1676,10:34:08,3.77,0.01,47,17719,买盘
1677,10:34:02,3.76,--,294,110544,卖盘
1678,10:33:56,3.76,--,10,3760,卖盘
1679,10:33:53,3.76,--,40,15040,卖盘
1680,10:33:47,3.76,-0.01,278,104885,卖盘
1681,10:33:41,3.77,--,147,55419,买盘
1682,10:33:38,3.77,0.01,182,68614,买盘
1683,10:33:32,3.76,-0.01,128,48128,卖盘
1684,10:33:26,3.77,0.01,27,10179,买盘
1685,10:33:23,3.76,-0.01,43,16167,卖盘
1686,10:33:17,3.77,0.01,232,87464,买盘
1687,10:33:11,3.76,--,2,752,卖盘
1688,10:33:08,3.76,--,353,132728,卖盘
1689,10:33:02,3.76,--,223,83848,卖盘
1690,10:32:56,3.76,--,40,15040,卖盘
1691,10:32:53,3.76,--,60,22560,卖盘
1692,10:32:47,3.76,--,114,42864,卖盘
1693,10:32:41,3.76,-0.01,11,4136,卖盘
1694,10:32:38,3.77,0.01,123,46371,买盘
1695,10:32:33,3.76,--,10,3760,卖盘
1696,10:32:26,3.76,-0.01,268,100768,卖盘
1697,10:32:23,3.77,0.01,136,51272,买盘
1698,10:32:11,3.76,--,631,237256,卖盘
1699,10:32:02,3.76,--,407,153032,卖盘
1700,10:31:56,3.76,--,100,37600,卖盘
1701,10:31:53,3.76,--,422,158841,卖盘
1702,10:31:47,3.76,--,15,5640,卖盘
1703,10:31:41,3.76,--,58,21954,卖盘
1704,10:31:32,3.76,-0.01,45,16920,卖盘
1705,10:31:21,3.77,0.01,31,11687,买盘
1706,10:31:17,3.76,--,66,24816,卖盘
1707,10:31:11,3.76,--,32,12032,卖盘
1708,10:31:02,3.76,-0.01,123,46248,卖盘
1709,10:30:56,3.77,0.01,55,20735,买盘
1710,10:30:52,3.76,--,154,57904,卖盘
1711,10:30:47,3.76,--,787,295912,卖盘
1712,10:30:41,3.76,--,55,20680,卖盘
1713,10:30:38,3.76,--,280,105280,卖盘
1714,10:30:32,3.76,--,496,186496,卖盘
1715,10:30:26,3.76,--,500,188000,卖盘
1716,10:30:21,3.76,--,1028,386528,卖盘
1717,10:30:17,3.76,--,503,189128,卖盘
1718,10:30:11,3.76,--,387,145583,卖盘
1719,10:30:07,3.76,--,382,143632,卖盘
1720,10:30:02,3.76,--,344,129343,卖盘
1721,10:29:56,3.76,-0.01,286,107536,卖盘
1722,10:29:52,3.77,0.01,1210,456339,买盘
1723,10:29:47,3.76,--,40,15040,卖盘
1724,10:29:41,3.76,--,87,32711,卖盘
1725,10:29:26,3.76,--,20,7520,卖盘
1726,10:29:17,3.76,-0.01,1410,530160,卖盘
1727,10:29:11,3.77,--,307,115739,买盘
1728,10:29:07,3.77,--,23,8671,买盘
1729,10:29:01,3.77,0.01,21,7917,买盘
1730,10:28:56,3.76,--,54,20304,卖盘
1731,10:28:47,3.76,--,24,9024,卖盘
1732,10:28:41,3.76,-0.01,32,12032,卖盘
1733,10:28:35,3.77,0.01,1,377,买盘
1734,10:28:32,3.76,--,30,11280,卖盘
1735,10:28:26,3.76,--,54,20304,卖盘
1736,10:28:20,3.76,--,189,71064,卖盘
1737,10:28:17,3.76,--,120,45120,卖盘
1738,10:28:11,3.76,--,121,45496,卖盘
1739,10:28:01,3.76,--,20,7520,卖盘
1740,10:27:56,3.76,--,50,18800,卖盘
1741,10:27:50,3.76,--,165,62412,卖盘
1742,10:27:41,3.76,--,277,104324,卖盘
1743,10:27:32,3.76,-0.01,352,132352,卖盘
1744,10:27:26,3.77,--,42,15834,买盘
1745,10:27:20,3.77,--,270,101790,买盘
1746,10:27:17,3.77,--,52,19604,买盘
1747,10:27:11,3.77,0.01,33,12441,买盘
1748,10:27:05,3.76,--,6,2256,卖盘
1749,10:27:02,3.76,-0.01,146,54896,卖盘
1750,10:26:56,3.77,0.01,12,4524,买盘
1751,10:26:50,3.76,-0.01,5,1880,卖盘
1752,10:26:41,3.77,0.01,3,1131,买盘
1753,10:26:20,3.76,--,100,37600,卖盘
1754,10:26:17,3.76,-0.01,63,23688,卖盘
1755,10:26:11,3.77,0.01,1,377,买盘
1756,10:25:55,3.76,-0.01,1,376,卖盘
1757,10:25:50,3.77,0.01,807,304239,买盘
1758,10:25:47,3.76,-0.01,6204,2332801,卖盘
1759,10:25:41,3.77,--,271,102238,买盘
1760,10:25:35,3.77,0.01,2,754,买盘
1761,10:25:31,3.76,-0.01,1,376,卖盘
1762,10:25:20,3.77,--,199,75023,买盘
1763,10:25:17,3.77,0.01,20,7540,买盘
1764,10:25:11,3.76,-0.01,84,31584,卖盘
1765,10:25:01,3.77,--,937,353249,买盘
1766,10:24:56,3.77,--,22,8294,买盘
1767,10:24:50,3.77,0.01,106,40210,买盘
1768,10:24:47,3.76,-0.01,5,1880,卖盘
1769,10:24:41,3.77,0.01,3,1131,买盘
1770,10:24:31,3.76,--,55,20758,卖盘
1771,10:24:26,3.76,--,201,75576,卖盘
1772,10:24:20,3.76,-0.01,601,225976,卖盘
1773,10:24:17,3.77,--,18,6786,买盘
1774,10:24:11,3.77,--,1,377,买盘
1775,10:24:05,3.77,--,62,23374,买盘
1776,10:23:50,3.77,0.01,189,71569,买盘
1777,10:23:41,3.76,--,309,116413,卖盘
1778,10:23:26,3.76,-0.01,26,9776,卖盘
1779,10:23:20,3.77,--,56,21112,买盘
1780,10:23:16,3.77,0.01,2,754,买盘
1781,10:23:11,3.76,--,56,21056,卖盘
1782,10:23:05,3.76,--,2,752,卖盘
1783,10:22:56,3.76,--,210,78960,卖盘
1784,10:22:50,3.76,--,316,118816,卖盘
1785,10:22:46,3.76,-0.01,184,69552,卖盘
1786,10:22:41,3.77,0.01,5,1885,买盘
1787,10:22:35,3.76,--,104,39107,卖盘
1788,10:22:31,3.76,-0.01,6390,2402640,卖盘
1789,10:22:26,3.77,0.01,112,42224,买盘
1790,10:22:20,3.76,--,5000,1880000,卖盘
1791,10:22:11,3.76,-0.01,1106,415856,卖盘
1792,10:22:01,3.77,0.01,131,49387,买盘
1793,10:21:46,3.76,--,376,141669,卖盘
1794,10:21:41,3.76,--,281,105907,卖盘
1795,10:21:35,3.76,--,221,83096,卖盘
1796,10:21:26,3.76,-0.01,51,19176,卖盘
1797,10:21:11,3.77,0.01,1,377,买盘
1798,10:21:05,3.76,--,607,228232,卖盘
1799,10:20:50,3.76,-0.01,7,2632,卖盘
1800,10:20:44,3.77,--,3,1131,买盘
1801,10:20:41,3.77,--,428,161356,买盘
1802,10:20:35,3.77,--,1,377,买盘
1803,10:20:29,3.77,0.01,11,4147,买盘
1804,10:20:26,3.76,-0.01,19,7144,卖盘
1805,10:20:14,3.77,--,349,131573,买盘
1806,10:20:11,3.77,0.01,601,226577,买盘
1807,10:20:05,3.76,-0.01,55,20680,卖盘
1808,10:19:59,3.77,0.01,10,3770,买盘
1809,10:19:56,3.76,-0.01,20,7520,卖盘
1810,10:19:50,3.77,0.01,524,197668,买盘
1811,10:19:44,3.76,--,25,9400,卖盘
1812,10:19:41,3.76,--,332,124880,卖盘
1813,10:19:35,3.76,--,108,40608,卖盘
1814,10:19:29,3.76,-0.01,300,112800,卖盘
1815,10:19:26,3.77,--,318,119886,买盘
1816,10:19:20,3.77,--,484,182468,买盘
1817,10:19:14,3.77,0.01,59,22243,买盘
1818,10:19:11,3.76,-0.01,626,235376,卖盘
1819,10:18:59,3.77,--,2,754,买盘
1820,10:18:56,3.77,0.01,320,120640,买盘
1821,10:18:50,3.76,-0.01,84,31584,卖盘
1822,10:18:41,3.77,--,255,96135,卖盘
1823,10:18:35,3.77,--,10,3770,卖盘
1824,10:18:29,3.77,--,388,146276,买盘
1825,10:18:26,3.77,--,114,42978,卖盘
1826,10:18:20,3.77,--,544,205088,卖盘
1827,10:18:14,3.77,--,125,47125,买盘
1828,10:18:11,3.77,0.01,4,1508,买盘
1829,10:18:05,3.76,--,54,20304,卖盘
1830,10:17:59,3.76,-0.01,169,63544,卖盘
1831,10:17:56,3.77,0.01,214,80678,买盘
1832,10:17:50,3.76,--,171,64295,卖盘
1833,10:17:44,3.76,--,241,90616,卖盘
1834,10:17:40,3.76,-0.01,454,170873,卖盘
1835,10:17:35,3.77,--,147,55419,买盘
1836,10:17:29,3.77,--,104,39208,买盘
1837,10:17:24,3.77,--,19,7163,买盘
1838,10:17:19,3.77,--,2508,945516,卖盘
1839,10:17:14,3.77,-0.01,200,75400,卖盘
1840,10:17:10,3.78,0.01,52,19656,买盘
1841,10:17:05,3.77,--,192,72384,卖盘
1842,10:16:59,3.77,--,18,6786,卖盘
1843,10:16:53,3.77,--,54,20358,卖盘
1844,10:16:50,3.77,-0.01,583,219791,卖盘
1845,10:16:40,3.78,0.01,1,378,买盘
1846,10:16:35,3.77,-0.01,200,75400,卖盘
1847,10:16:28,3.78,--,23,8694,买盘
1848,10:16:20,3.78,0.01,1,378,买盘
1849,10:16:08,3.77,--,21,7917,卖盘
1850,10:16:04,3.77,--,1,377,卖盘
1851,10:15:59,3.77,--,196,73892,卖盘
1852,10:15:53,3.77,--,30,11310,卖盘
1853,10:15:50,3.77,-0.01,184,69368,卖盘
1854,10:15:44,3.78,--,337,127605,买盘
1855,10:15:38,3.78,0.01,355,134518,买盘
1856,10:15:29,3.77,--,125,47125,卖盘
1857,10:15:20,3.77,--,119,44863,卖盘
1858,10:15:08,3.77,-0.01,168,63336,卖盘
1859,10:15:05,3.78,0.01,99,37422,买盘
1860,10:14:59,3.77,-0.01,103,38831,卖盘
1861,10:14:50,3.78,--,4,1512,买盘
1862,10:14:38,3.78,0.01,1284,485352,买盘
1863,10:14:35,3.77,-0.01,106,39962,卖盘
1864,10:14:20,3.78,--,504,190512,买盘
1865,10:14:14,3.78,0.01,4,1512,买盘
1866,10:14:08,3.77,--,294,110838,卖盘
1867,10:14:05,3.77,--,124,46748,卖盘
1868,10:13:59,3.77,--,184,69368,卖盘
1869,10:13:53,3.77,-0.01,9,3393,卖盘
1870,10:13:50,3.78,--,1124,424872,买盘
1871,10:13:44,3.78,--,258,97565,买盘
1872,10:13:38,3.78,0.01,1,378,买盘
1873,10:13:35,3.77,-0.01,313,118129,卖盘
1874,10:13:29,3.78,--,3,1134,买盘
1875,10:13:20,3.78,0.01,504,190512,买盘
1876,10:13:14,3.77,-0.01,66,24882,卖盘
1877,10:13:08,3.78,--,1,378,买盘
1878,10:13:05,3.78,0.02,554,209412,买盘
1879,10:12:59,3.76,--,209,78584,卖盘
1880,10:12:53,3.76,-0.01,267,100392,卖盘
1881,10:12:49,3.77,--,128,48256,卖盘
1882,10:12:44,3.77,--,133,50141,卖盘
1883,10:12:38,3.77,--,52,19626,卖盘
1884,10:12:34,3.77,--,37,13949,卖盘
1885,10:12:29,3.77,--,236,88972,卖盘
1886,10:12:20,3.77,-0.01,6,2262,卖盘
1887,10:12:08,3.78,0.01,2,756,买盘
1888,10:12:05,3.77,-0.01,191,72007,卖盘
1889,10:11:58,3.78,0.01,1338,505764,买盘
1890,10:11:50,3.77,-0.01,71,26767,卖盘
1891,10:11:44,3.78,0.01,587,221886,买盘
1892,10:11:38,3.77,--,26,9802,卖盘
1893,10:11:35,3.77,--,1,377,卖盘
1894,10:11:28,3.77,--,423,159640,卖盘
1895,10:11:20,3.77,--,1,377,卖盘
1896,10:11:14,3.77,--,93,35061,买盘
1897,10:11:08,3.77,--,406,153062,买盘
1898,10:11:04,3.77,0.01,119,44863,中性盘
1899,10:10:59,3.76,-0.01,102,38352,卖盘
1900,10:10:50,3.77,-0.01,19,7163,卖盘
1901,10:10:44,3.78,--,0,0,买盘
1902,10:10:37,3.78,--,1,378,买盘
1903,10:10:35,3.78,0.01,1139,430542,买盘
1904,10:10:28,3.77,--,4,1508,买盘
1905,10:10:23,3.77,-0.01,296,111592,卖盘
1906,10:10:14,3.78,0.01,174,65885,买盘
1907,10:10:08,3.77,0.01,2,754,买盘
1908,10:10:04,3.76,-0.01,45,16920,卖盘
1909,10:09:58,3.77,0.01,21,7917,买盘
1910,10:09:53,3.76,-0.01,51,19176,卖盘
1911,10:09:49,3.77,--,18,6786,买盘
1912,10:09:43,3.77,--,6,2262,卖盘
1913,10:09:38,3.77,-0.01,176,66352,中性盘
1914,10:09:31,3.78,0.02,504,190512,买盘
1915,10:09:28,3.76,--,1330,500166,卖盘
1916,10:09:23,3.76,-0.01,534,200866,卖盘
1917,10:09:18,3.77,--,13,4901,买盘
1918,10:09:14,3.77,0.01,100,37700,买盘
1919,10:09:08,3.76,-0.01,11,4136,卖盘
1920,10:08:59,3.77,--,203,76531,买盘
1921,10:08:53,3.77,0.01,111,41847,买盘
1922,10:08:44,3.76,-0.02,63,23688,卖盘
1923,10:08:38,3.78,0.02,87,32886,买盘
1924,10:08:32,3.76,--,508,191008,卖盘
1925,10:08:29,3.76,-0.02,162,60912,卖盘
1926,10:08:22,3.78,0.01,283,106974,买盘
1927,10:08:19,3.77,--,5,1885,买盘
1928,10:08:13,3.77,--,427,160979,买盘
1929,10:08:08,3.77,--,111,41847,买盘
1930,10:08:02,3.77,--,45,16965,买盘
1931,10:07:58,3.77,--,1231,464087,买盘
1932,10:07:52,3.77,--,188,70876,买盘
1933,10:07:47,3.77,--,40,15080,买盘
1934,10:07:44,3.77,--,201,75777,买盘
1935,10:07:38,3.77,--,26,9802,卖盘
1936,10:07:32,3.77,-0.01,473,178652,卖盘
1937,10:07:28,3.78,--,50,18900,买盘
1938,10:07:23,3.78,0.01,304,115127,买盘
1939,10:07:18,3.77,--,2,754,卖盘
1940,10:07:13,3.77,-0.01,36,13572,卖盘
1941,10:07:08,3.78,0.01,1,378,买盘
1942,10:07:03,3.77,--,92,34684,卖盘
1943,10:06:58,3.77,-0.01,1474,555698,卖盘
1944,10:06:52,3.78,0.01,152,57456,买盘
1945,10:06:46,3.77,--,180,67860,卖盘
1946,10:06:42,3.77,-0.01,10,3770,卖盘
1947,10:06:38,3.78,0.01,231,87318,买盘
1948,10:06:32,3.77,--,65,24505,卖盘
1949,10:06:29,3.77,--,389,146822,买盘
1950,10:06:22,3.77,--,10,3770,买盘
1951,10:06:14,3.77,--,53,19981,买盘
1952,10:06:08,3.77,--,11,4147,买盘
1953,10:06:01,3.77,--,170,64090,买盘
1954,10:05:58,3.77,--,969,365520,卖盘
1955,10:05:53,3.77,-0.01,130,49010,卖盘
1956,10:05:43,3.78,--,1123,424494,买盘
1957,10:05:38,3.78,0.01,22,8316,买盘
1958,10:05:28,3.77,--,184,69386,卖盘
1959,10:05:23,3.77,--,249,94023,卖盘
1960,10:05:16,3.77,--,25,9425,卖盘
1961,10:05:13,3.77,-0.01,60,22620,卖盘
1962,10:05:08,3.78,0.01,38,14364,买盘
1963,10:05:02,3.77,--,24,9048,卖盘
1964,10:04:58,3.77,--,400,150800,买盘
1965,10:04:52,3.77,--,100,37700,买盘
1966,10:04:43,3.77,0.01,1133,427141,买盘
1967,10:04:38,3.76,--,182,68432,卖盘
1968,10:04:31,3.76,-0.01,304,114304,卖盘
1969,10:04:22,3.77,--,224,84448,买盘
1970,10:04:17,3.77,--,7,2639,买盘
1971,10:04:07,3.77,--,41,15457,买盘
1972,10:04:01,3.77,--,237,89349,买盘
1973,10:03:58,3.77,0.01,8,3016,买盘
1974,10:03:52,3.76,-0.01,4,1504,卖盘
1975,10:03:43,3.77,--,1241,467857,买盘
1976,10:03:37,3.77,--,1,377,买盘
1977,10:03:28,3.77,--,552,208228,买盘
1978,10:03:22,3.77,--,971,366112,买盘
1979,10:03:13,3.77,--,3,1131,买盘
1980,10:03:08,3.77,--,11,4147,买盘
1981,10:03:01,3.77,0.01,18,6786,买盘
1982,10:02:58,3.76,--,7,2632,卖盘
1983,10:02:53,3.76,--,164,61664,卖盘
1984,10:02:47,3.76,--,15,5640,卖盘
1985,10:02:43,3.76,-0.01,647,243272,卖盘
1986,10:02:37,3.77,--,186,70122,买盘
1987,10:02:31,3.77,0.01,6,2262,买盘
1988,10:02:17,3.76,-0.01,233,87608,卖盘
1989,10:02:12,3.77,--,552,208104,买盘
1990,10:02:07,3.77,0.01,242,91234,买盘
1991,10:01:57,3.76,--,100,37600,卖盘
1992,10:01:52,3.76,-0.01,2,752,卖盘
1993,10:01:38,3.77,--,164,62027,买盘
1994,10:01:32,3.77,0.01,32,12064,买盘
1995,10:01:27,3.76,--,38,14288,卖盘
1996,10:01:23,3.76,--,364,137209,卖盘
1997,10:01:16,3.76,--,1,376,卖盘
1998,10:01:07,3.76,-0.01,575,216200,卖盘
1999,10:01:02,3.77,--,2,754,买盘
2000,10:00:52,3.77,0.01,63,23751,买盘
2001,10:00:46,3.76,--,85,31960,卖盘
2002,10:00:43,3.76,-0.01,50,18800,卖盘
2003,10:00:37,3.77,0.01,466,175682,买盘
2004,10:00:31,3.76,--,1296,487296,卖盘
2005,10:00:28,3.76,-0.01,54,20304,卖盘
2006,10:00:22,3.77,0.01,235,88595,买盘
2007,10:00:16,3.76,-0.01,177,66552,卖盘
2008,10:00:07,3.77,0.01,398,150046,买盘
2009,10:00:01,3.76,-0.01,183,68808,卖盘
2010,09:59:55,3.77,--,482,181714,买盘
2011,09:59:47,3.77,--,175,66220,卖盘
2012,09:59:40,3.77,--,3,1131,卖盘
2013,09:59:37,3.77,--,24,9048,卖盘
2014,09:59:31,3.77,--,198,74653,卖盘
2015,09:59:25,3.77,-0.01,10,3770,卖盘
2016,09:59:23,3.78,0.01,60,22680,买盘
2017,09:59:17,3.77,--,1397,526831,卖盘
2018,09:59:10,3.77,--,264,99528,卖盘
2019,09:59:07,3.77,--,52,19604,卖盘
2020,09:59:02,3.77,--,1,377,卖盘
2021,09:58:52,3.77,--,23,8671,卖盘
2022,09:58:37,3.77,-0.01,416,156832,卖盘
2023,09:58:31,3.78,--,13,4914,买盘
2024,09:58:25,3.78,--,543,205254,买盘
2025,09:58:22,3.78,0.01,167,63126,买盘
2026,09:58:17,3.77,--,104,39208,卖盘
2027,09:58:11,3.77,--,27,10179,卖盘
2028,09:58:07,3.77,--,285,107445,卖盘
2029,09:58:02,3.77,--,63,23751,卖盘
2030,09:57:55,3.77,--,381,143637,卖盘
2031,09:57:52,3.77,--,161,60697,卖盘
2032,09:57:46,3.77,-0.01,31,11687,卖盘
2033,09:57:41,3.78,--,193,72954,买盘
2034,09:57:37,3.78,--,24,9072,买盘
2035,09:57:31,3.78,--,504,190512,买盘
2036,09:57:26,3.78,--,1125,425250,买盘
2037,09:57:22,3.78,0.01,319,120865,买盘
2038,09:57:16,3.77,-0.01,458,172929,卖盘
2039,09:57:07,3.78,--,48,18144,买盘
2040,09:57:01,3.78,0.01,119,44982,买盘
2041,09:56:56,3.77,--,57,21489,卖盘
2042,09:56:52,3.77,--,401,151177,卖盘
2043,09:56:46,3.77,--,667,251459,卖盘
2044,09:56:41,3.77,--,400,150800,卖盘
2045,09:56:37,3.77,--,404,152308,卖盘
2046,09:56:32,3.77,-0.01,72,27144,卖盘
2047,09:56:22,3.78,--,46,17388,买盘
2048,09:56:17,3.78,0.01,64,24192,买盘
2049,09:56:10,3.77,-0.01,40,15080,卖盘
2050,09:56:07,3.78,--,547,206766,买盘
2051,09:56:01,3.78,--,1415,534870,买盘
2052,09:55:55,3.78,--,360,136080,买盘
2053,09:55:52,3.78,--,7,2646,买盘
2054,09:55:46,3.78,0.01,377,142506,买盘
2055,09:55:40,3.77,--,408,153816,卖盘
2056,09:55:37,3.77,-0.01,19,7163,卖盘
2057,09:55:32,3.78,0.01,797,301266,买盘
2058,09:55:25,3.77,--,208,78416,卖盘
2059,09:55:19,3.77,-0.01,1327,500305,卖盘
2060,09:55:16,3.78,--,320,121103,买盘
2061,09:55:10,3.78,0.01,24,9072,买盘
2062,09:55:05,3.77,-0.01,19,7163,卖盘
2063,09:55:02,3.78,0.01,134,50652,买盘
2064,09:54:56,3.77,--,232,87464,卖盘
2065,09:54:50,3.77,--,191,72007,卖盘
2066,09:54:46,3.77,--,97,36569,卖盘
2067,09:54:40,3.77,-0.01,163,61451,卖盘
2068,09:54:32,3.78,0.01,159,60102,买盘
2069,09:54:25,3.77,0.01,3,1131,中性盘
2070,09:54:22,3.76,-0.02,10,3760,卖盘
2071,09:54:17,3.78,--,49,18522,买盘
2072,09:54:10,3.78,--,497,187866,买盘
2073,09:54:07,3.78,0.01,1139,430542,买盘
2074,09:54:01,3.77,--,67,25259,买盘
2075,09:53:56,3.77,--,52,19604,买盘
2076,09:53:46,3.77,--,20,7540,买盘
2077,09:53:40,3.77,0.01,256,96512,买盘
2078,09:53:37,3.76,-0.01,17,6392,卖盘
2079,09:53:32,3.77,--,899,339130,卖盘
2080,09:53:26,3.77,--,530,200024,卖盘
2081,09:53:19,3.77,-0.01,60,22620,卖盘
2082,09:53:16,3.78,0.01,271,102770,买盘
2083,09:53:10,3.77,-0.01,383,144391,卖盘
2084,09:53:07,3.78,0.01,49,18522,买盘
2085,09:53:01,3.77,--,826,311402,卖盘
2086,09:52:56,3.77,--,6,2262,卖盘
2087,09:52:46,3.77,-0.01,28,10556,卖盘
2088,09:52:40,3.78,--,107,40446,买盘
2089,09:52:31,3.78,--,477,180306,买盘
2090,09:52:25,3.78,0.01,1150,434700,买盘
2091,09:52:20,3.77,-0.01,2,754,卖盘
2092,09:52:17,3.78,--,50,18900,买盘
2093,09:52:11,3.78,--,13,4914,买盘
2094,09:52:04,3.78,--,28,10584,买盘
2095,09:52:01,3.78,--,60,22680,买盘
2096,09:51:56,3.78,0.01,174,65772,买盘
2097,09:51:49,3.77,-0.01,10,3770,卖盘
2098,09:51:46,3.78,--,132,49896,买盘
2099,09:51:40,3.78,0.02,454,171612,买盘
2100,09:51:34,3.76,-0.02,609,228984,卖盘
2101,09:51:31,3.78,0.02,1200,453600,买盘
2102,09:51:25,3.76,-0.02,228,85799,卖盘
2103,09:51:19,3.78,--,8,3024,买盘
2104,09:51:16,3.78,0.02,117,44226,买盘
2105,09:51:10,3.76,-0.01,272,102369,卖盘
2106,09:51:05,3.77,-0.01,20,7540,卖盘
2107,09:51:01,3.78,--,122,46116,买盘
2108,09:50:55,3.78,0.01,38,14364,买盘
2109,09:50:49,3.77,-0.01,63,23751,卖盘
2110,09:50:46,3.78,0.01,242,91476,买盘
2111,09:50:41,3.77,--,508,191516,卖盘
2112,09:50:34,3.77,-0.01,18,6786,卖盘
2113,09:50:31,3.78,--,680,257040,买盘
2114,09:50:25,3.78,0.01,1570,593460,买盘
2115,09:50:19,3.77,0.01,308,116116,买盘
2116,09:50:16,3.76,-0.01,710,266960,卖盘
2117,09:50:10,3.77,--,81,30537,买盘
2118,09:50:01,3.77,--,409,154193,买盘
2119,09:49:55,3.77,--,1,377,买盘
2120,09:49:49,3.77,--,1123,423371,买盘
2121,09:49:46,3.77,--,68,25636,买盘
2122,09:49:41,3.77,--,201,75777,买盘
2123,09:49:34,3.77,-0.01,82,31121,卖盘
2124,09:49:31,3.78,--,225,85050,买盘
2125,09:49:25,3.78,0.01,150,56700,买盘
2126,09:49:19,3.77,-0.01,43,16211,卖盘
2127,09:49:16,3.78,--,390,147420,买盘
2128,09:49:10,3.78,0.01,1050,397070,买盘
2129,09:49:04,3.77,--,298,112346,卖盘
2130,09:49:01,3.77,--,45,16965,卖盘
2131,09:48:55,3.77,--,106,39962,卖盘
2132,09:48:49,3.77,--,148,55796,卖盘
2133,09:48:46,3.77,--,22,8294,卖盘
2134,09:48:40,3.77,--,569,214513,卖盘
2135,09:48:34,3.77,-0.01,1,377,卖盘
2136,09:48:31,3.78,0.01,22,8316,买盘
2137,09:48:25,3.77,--,3,1131,卖盘
2138,09:48:19,3.77,-0.01,2,754,卖盘
2139,09:48:10,3.78,--,438,165564,买盘
2140,09:48:04,3.78,--,201,75978,买盘
2141,09:48:01,3.78,0.01,6,2268,买盘
2142,09:47:55,3.77,-0.01,320,120640,卖盘
2143,09:47:49,3.78,0.01,670,253260,买盘
2144,09:47:45,3.77,--,50,18850,卖盘
2145,09:47:40,3.77,0.01,38,14326,卖盘
2146,09:47:34,3.76,-0.01,609,228984,卖盘
2147,09:47:29,3.77,--,17,6409,卖盘
2148,09:47:25,3.77,--,60,22620,卖盘
2149,09:47:19,3.77,0.01,83,31291,卖盘
2150,09:47:15,3.76,--,0,0,卖盘
2151,09:47:10,3.76,-0.01,424,159593,卖盘
2152,09:47:04,3.77,--,795,299715,买盘
2153,09:46:58,3.77,--,100,37700,买盘
2154,09:46:55,3.77,0.01,203,76531,买盘
2155,09:46:49,3.76,-0.01,418,157168,卖盘
2156,09:46:43,3.77,--,99,37323,买盘
2157,09:46:41,3.77,0.01,382,144014,买盘
2158,09:46:34,3.76,--,34,12784,卖盘
2159,09:46:28,3.76,-0.01,1,376,卖盘
2160,09:46:25,3.77,--,10,3770,买盘
2161,09:46:19,3.77,0.01,1084,408668,买盘
2162,09:46:10,3.76,-0.01,90,33840,卖盘
2163,09:46:04,3.77,0.01,397,149669,买盘
2164,09:45:55,3.76,--,297,111672,卖盘
2165,09:45:49,3.76,-0.01,249,93624,卖盘
2166,09:45:44,3.77,-0.01,10,3770,卖盘
2167,09:45:40,3.78,0.01,5818,2199204,买盘
2168,09:45:34,3.77,--,96,36192,卖盘
2169,09:45:28,3.77,--,344,129688,卖盘
2170,09:45:25,3.77,--,500,188500,卖盘
2171,09:45:19,3.77,--,61,22997,卖盘
2172,09:45:10,3.77,-0.01,425,160394,卖盘
2173,09:45:04,3.78,--,35,13230,买盘
2174,09:44:58,3.78,--,67,25326,买盘
2175,09:44:55,3.78,--,437,165186,买盘
2176,09:44:49,3.78,--,9,3402,买盘
2177,09:44:40,3.78,--,47,17766,买盘
2178,09:44:35,3.78,--,1,378,买盘
2179,09:44:28,3.78,0.01,434,164052,买盘
2180,09:44:25,3.77,-0.01,1137,428649,卖盘
2181,09:44:19,3.78,0.01,483,182574,买盘
2182,09:44:13,3.77,--,30,11310,卖盘
2183,09:44:10,3.77,--,648,244296,卖盘
2184,09:44:04,3.77,-0.01,143,53911,卖盘
2185,09:43:58,3.78,0.01,1,378,买盘
2186,09:43:49,3.77,--,1,377,卖盘
2187,09:43:43,3.77,--,266,100282,卖盘
2188,09:43:40,3.77,--,79,29952,买盘
2189,09:43:34,3.77,--,328,123656,买盘
2190,09:43:28,3.77,--,1,377,买盘
2191,09:43:25,3.77,--,1077,406029,买盘
2192,09:43:20,3.77,--,10,3770,买盘
2193,09:43:13,3.77,--,39,14703,买盘
2194,09:43:10,3.77,--,621,234166,买盘
2195,09:43:04,3.77,0.01,427,161099,买盘
2196,09:42:58,3.76,-0.01,118,44368,卖盘
2197,09:42:55,3.77,--,201,75777,买盘
2198,09:42:49,3.77,--,29,10933,买盘
2199,09:42:43,3.77,--,1391,524407,买盘
2200,09:42:40,3.77,--,956,360412,买盘
2201,09:42:34,3.77,--,218,82186,买盘
2202,09:42:25,3.77,--,104,39208,买盘
2203,09:42:19,3.77,--,67,25259,买盘
2204,09:42:13,3.77,--,10,3770,买盘
2205,09:42:10,3.77,0.01,264,99528,买盘
2206,09:42:04,3.76,--,61,22936,卖盘
2207,09:41:58,3.76,-0.01,426,160176,卖盘
2208,09:41:55,3.77,--,119,44863,买盘
2209,09:41:49,3.77,--,202,76154,买盘
2210,09:41:43,3.77,--,10,3770,买盘
2211,09:41:40,3.77,--,1306,492362,买盘
2212,09:41:34,3.77,0.01,214,80678,买盘
2213,09:41:28,3.76,-0.01,828,311328,卖盘
2214,09:41:25,3.77,0.01,97,36569,买盘
2215,09:41:19,3.76,-0.01,33,12408,卖盘
2216,09:41:13,3.77,0.01,122,45994,买盘
2217,09:41:10,3.76,--,21,7896,卖盘
2218,09:41:04,3.76,-0.01,574,215993,卖盘
2219,09:40:54,3.77,--,94,35438,买盘
2220,09:40:49,3.77,--,368,138736,买盘
2221,09:40:43,3.77,--,26,9802,买盘
2222,09:40:39,3.77,0.01,11,4147,买盘
2223,09:40:34,3.76,-0.01,259,97384,卖盘
2224,09:40:28,3.77,--,1,377,买盘
2225,09:40:19,3.77,--,605,228085,买盘
2226,09:40:13,3.77,--,280,105560,买盘
2227,09:40:08,3.77,--,499,188123,买盘
2228,09:40:04,3.77,0.01,200,75400,买盘
2229,09:39:58,3.76,--,5,1880,卖盘
2230,09:39:49,3.76,-0.01,300,112800,卖盘
2231,09:39:43,3.77,--,50,18850,买盘
2232,09:39:39,3.77,0.01,1,377,买盘
2233,09:39:34,3.76,-0.01,309,116184,卖盘
2234,09:39:28,3.77,--,76,28652,买盘
2235,09:39:22,3.77,--,26,9802,买盘
2236,09:39:19,3.77,0.01,108,40716,买盘
2237,09:39:13,3.76,-0.01,105,39480,卖盘
2238,09:39:07,3.77,0.01,202,76154,买盘
2239,09:39:04,3.76,-0.01,719,270513,卖盘
2240,09:38:58,3.77,0.01,91,34307,买盘
2241,09:38:54,3.76,-0.01,275,103400,卖盘
2242,09:38:49,3.77,--,15,5655,买盘
2243,09:38:43,3.77,--,1,377,买盘
2244,09:38:38,3.77,0.01,2,754,买盘
2245,09:38:34,3.76,-0.01,128,48128,卖盘
2246,09:38:19,3.77,--,1000,377000,买盘
2247,09:38:13,3.77,--,375,141375,买盘
2248,09:38:09,3.77,--,28,10556,买盘
2249,09:38:04,3.77,--,37,13949,买盘
2250,09:37:58,3.77,0.01,100,37700,买盘
2251,09:37:52,3.76,-0.01,511,192136,卖盘
2252,09:37:49,3.77,--,65,24505,买盘
2253,09:37:43,3.77,--,452,170611,卖盘
2254,09:37:37,3.77,--,36,13572,卖盘
2255,09:37:34,3.77,-0.01,148,55796,卖盘
2256,09:37:28,3.78,0.01,21,7938,买盘
2257,09:37:22,3.77,--,157,59189,卖盘
2258,09:37:19,3.77,-0.01,476,179452,卖盘
2259,09:37:13,3.78,--,56,21168,买盘
2260,09:37:07,3.78,0.01,1,378,买盘
2261,09:37:04,3.77,--,528,199225,卖盘
2262,09:36:58,3.77,--,1898,715546,卖盘
2263,09:36:49,3.77,--,3,1131,卖盘
2264,09:36:43,3.77,-0.01,100,37700,卖盘
2265,09:36:37,3.78,0.01,7,2646,买盘
2266,09:36:34,3.77,--,154,58058,卖盘
2267,09:36:28,3.77,--,131,49387,卖盘
2268,09:36:22,3.77,-0.01,890,335530,卖盘
2269,09:36:13,3.78,--,18,6804,买盘
2270,09:36:07,3.78,--,1,378,买盘
2271,09:36:04,3.78,0.01,778,294084,买盘
2272,09:35:58,3.77,--,52,19604,卖盘
2273,09:35:52,3.77,--,100,37700,卖盘
2274,09:35:49,3.77,--,201,75777,卖盘
2275,09:35:43,3.77,-0.01,1911,720447,卖盘
2276,09:35:37,3.78,--,2,756,买盘
2277,09:35:34,3.78,0.01,222,83916,买盘
2278,09:35:28,3.77,--,76,28652,卖盘
2279,09:35:22,3.77,-0.01,5,1885,卖盘
2280,09:35:13,3.78,0.01,41,15498,买盘
2281,09:35:07,3.77,-0.01,11,4147,卖盘
2282,09:35:04,3.78,0.01,233,88104,买盘
2283,09:34:58,3.77,-0.01,250,94389,卖盘
2284,09:34:52,3.78,0.01,30,11340,买盘
2285,09:34:49,3.77,--,57,21489,卖盘
2286,09:34:43,3.77,-0.01,598,225446,卖盘
2287,09:34:37,3.78,--,393,148554,买盘
2288,09:34:34,3.78,0.01,149,56322,买盘
2289,09:34:28,3.77,--,140,52780,卖盘
2290,09:34:22,3.77,--,91,34307,卖盘
2291,09:34:19,3.77,--,10,3770,卖盘
2292,09:34:13,3.77,--,139,52403,买盘
2293,09:34:07,3.77,0.01,97,36569,买盘
2294,09:34:03,3.76,--,301,113176,卖盘
2295,09:33:58,3.76,--,87,32711,卖盘
2296,09:33:52,3.76,-0.01,366,137616,卖盘
2297,09:33:49,3.77,--,172,64844,买盘
2298,09:33:43,3.77,--,783,295191,买盘
2299,09:33:37,3.77,0.01,818,308386,买盘
2300,09:33:34,3.76,--,164,61664,卖盘
2301,09:33:28,3.76,--,547,205672,卖盘
2302,09:33:22,3.76,-0.01,4316,1622816,卖盘
2303,09:33:16,3.77,--,23,8671,买盘
2304,09:33:13,3.77,--,86,32422,买盘
2305,09:33:07,3.77,--,151,56927,买盘
2306,09:33:03,3.77,--,2,754,买盘
2307,09:32:58,3.77,--,574,216398,买盘
2308,09:32:52,3.77,--,32,12064,买盘
2309,09:32:43,3.77,0.01,105,39585,中性盘
2310,09:32:37,3.76,-0.01,10782,4054032,卖盘
2311,09:32:32,3.77,-0.01,334,125918,卖盘
2312,09:32:28,3.78,0.01,222,83916,买盘
2313,09:32:22,3.77,-0.01,172,65024,卖盘
2314,09:32:17,3.78,0.01,13,4914,买盘
2315,09:32:13,3.77,--,10203,3846531,卖盘
2316,09:32:07,3.77,--,119,44863,卖盘
2317,09:32:02,3.77,-0.01,131,49387,卖盘
2318,09:31:58,3.78,--,100,37800,买盘
2319,09:31:48,3.78,--,6,2268,买盘
2320,09:31:43,3.78,--,4,1512,买盘
2321,09:31:37,3.78,0.01,51,19278,买盘
2322,09:31:33,3.77,-0.01,128,48256,卖盘
2323,09:31:28,3.78,0.01,145,54810,买盘
2324,09:31:22,3.77,-0.01,326,122902,卖盘
2325,09:31:16,3.78,--,2680,1013040,买盘
2326,09:31:07,3.78,0.01,143,54054,买盘
2327,09:30:58,3.77,-0.01,331,124787,卖盘
2328,09:30:52,3.78,--,91,34398,买盘
2329,09:30:46,3.78,0.01,122,46116,买盘
2330,09:30:37,3.77,--,1382,521014,卖盘
2331,09:30:31,3.77,-0.01,21,7917,卖盘
2332,09:30:28,3.78,--,266,100548,买盘
2333,09:30:22,3.78,0.01,1964,742392,买盘
2334,09:30:13,3.77,--,26,9802,卖盘
2335,09:30:07,3.77,--,5966,2249215,买盘
2336,09:30:01,3.77,--,41,15457,买盘
2337,09:28:50,3.77,--,0,0,买盘
2338,09:25:02,3.77,3.77,13716,5170932,买盘
