,time,price,change,volume,amount,type
0,15:00:00,254.11,--,0,0,买盘
1,15:00:00,254.11,0.11,0,0,买盘
2,14:59:59,254.0,0.01,14,355600,买盘
3,14:59:58,253.99,-0.01,6,152394,卖盘
4,14:59:53,254.0,--,2,50800,买盘
5,14:59:47,254.0,--,1,25400,买盘
6,14:59:43,254.0,-0.01,42,1066800,卖盘
7,14:59:38,254.01,--,3,76203,卖盘
8,14:59:32,254.01,--,12,304812,卖盘
9,14:59:28,254.01,--,27,685827,卖盘
10,14:59:23,254.01,0.01,7,177807,卖盘
11,14:59:17,254.0,--,0,0,卖盘
12,14:59:13,254.0,0.4,11,279400,卖盘
13,14:59:08,253.6,--,25,634000,中性盘
14,14:59:02,253.6,-0.39,6,152160,中性盘
15,14:58:58,253.99,0.31,1,25399,买盘
16,14:58:53,253.68,-0.31,1,25368,中性盘
17,14:58:47,253.99,-0.01,3,76197,中性盘
18,14:58:43,254.0,0.01,3,76200,买盘
19,14:58:38,253.99,--,3,76197,卖盘
20,14:58:32,253.99,--,5,126995,卖盘
21,14:58:28,253.99,0.59,33,850612,买盘
22,14:58:23,253.4,-0.09,38,975843,卖盘
23,14:58:17,253.49,--,1,25349,卖盘
24,14:58:13,253.49,-0.41,1,33460,卖盘
25,14:58:08,253.9,0.5,39,994526,买盘
26,14:58:02,253.4,-0.09,5,126700,卖盘
27,14:57:58,253.49,0.04,8,202792,买盘
28,14:57:53,253.45,-0.01,1,25345,买盘
29,14:57:47,253.46,--,1,25346,卖盘
30,14:57:43,253.46,--,2,50692,买盘
31,14:57:38,253.46,0.07,11,278806,买盘
32,14:57:28,253.39,-0.08,2,50678,卖盘
33,14:57:23,253.47,-0.01,3,76041,中性盘
34,14:57:17,253.48,-0.01,1,25348,买盘
35,14:57:13,253.49,-0.04,3,76047,买盘
36,14:57:08,253.53,0.03,39,988767,买盘
37,14:56:58,253.5,--,7,177450,买盘
38,14:56:53,253.5,--,3,76050,买盘
39,14:56:47,253.5,0.01,6,154635,中性盘
40,14:56:41,253.49,0.01,0,3548,卖盘
41,14:56:38,253.48,--,1,25348,卖盘
42,14:56:32,253.48,0.25,5,147778,中性盘
43,14:56:26,253.23,-0.25,1,25323,卖盘
44,14:56:22,253.48,0.26,2,50696,买盘
45,14:56:17,253.22,--,0,0,中性盘
46,14:56:11,253.22,0.2,3,75966,卖盘
47,14:56:07,253.02,--,2,50604,卖盘
48,14:56:02,253.02,-0.46,12,303624,卖盘
49,14:55:52,253.48,0.25,18,458798,买盘
50,14:55:47,253.23,0.22,11,278553,买盘
51,14:55:41,253.01,-0.22,10,272997,卖盘
52,14:55:37,253.23,0.03,6,157255,买盘
53,14:55:32,253.2,-0.03,3,75960,买盘
54,14:55:26,253.23,--,0,0,买盘
55,14:55:22,253.23,--,25,633075,买盘
56,14:55:17,253.23,--,121,3081555,买盘
57,14:55:11,253.23,--,1,25323,买盘
58,14:55:07,253.23,0.01,50,1266150,买盘
59,14:55:02,253.22,-0.08,39,990343,卖盘
60,14:54:56,253.3,0.05,2,50660,卖盘
61,14:54:52,253.25,-0.06,18,455850,卖盘
62,14:54:47,253.31,-0.07,3,75993,中性盘
63,14:54:37,253.38,--,5,128970,买盘
64,14:54:32,253.38,0.08,23,582774,买盘
65,14:54:26,253.3,-0.01,7,197574,卖盘
66,14:54:22,253.31,--,8,202648,买盘
67,14:54:17,253.31,--,13,349314,卖盘
68,14:54:11,253.31,-0.07,1,25331,卖盘
69,14:54:07,253.38,0.07,5,126690,买盘
70,14:54:02,253.31,--,3,75993,卖盘
71,14:53:56,253.31,--,3,75993,卖盘
72,14:53:52,253.31,-0.19,86,2182518,卖盘
73,14:53:47,253.5,--,7,177450,买盘
74,14:53:41,253.5,--,3,76050,买盘
75,14:53:37,253.5,--,4,101400,卖盘
76,14:53:31,253.5,--,5,126750,卖盘
77,14:53:26,253.5,--,4,101400,卖盘
78,14:53:22,253.5,-0.15,6,152100,卖盘
79,14:53:17,253.65,-0.03,18,456570,卖盘
80,14:53:11,253.68,--,0,0,买盘
81,14:53:07,253.68,--,19,505076,卖盘
82,14:53:02,253.68,-0.02,2,53019,卖盘
83,14:52:56,253.7,--,1,25370,卖盘
84,14:52:52,253.7,-0.1,4,101480,卖盘
85,14:52:37,253.8,-0.1,10,253800,卖盘
86,14:52:32,253.9,--,0,23104,卖盘
87,14:52:26,253.9,-0.11,20,510085,卖盘
88,14:52:22,254.01,0.11,10,254010,买盘
89,14:52:17,253.9,-0.11,83,2128443,卖盘
90,14:52:11,254.01,0.01,1,25401,买盘
91,14:52:07,254.0,--,8,203200,卖盘
92,14:52:01,254.0,--,46,1168400,卖盘
93,14:51:56,254.0,--,3,76200,卖盘
94,14:51:52,254.0,--,11,279400,卖盘
95,14:51:47,254.0,--,2,50800,卖盘
96,14:51:41,254.0,-0.17,150,3810000,卖盘
97,14:51:37,254.17,0.16,7,177919,买盘
98,14:51:32,254.01,--,2,50802,卖盘
99,14:51:26,254.01,--,2,50802,卖盘
100,14:51:17,254.01,--,2,50802,卖盘
101,14:51:07,254.01,-0.09,1,25401,卖盘
102,14:51:02,254.1,0.1,7,177870,买盘
103,14:50:52,254.0,--,0,0,卖盘
104,14:50:46,254.0,-0.1,4,101600,卖盘
105,14:50:41,254.1,0.1,9,228690,买盘
106,14:50:37,254.0,-0.01,16,406400,卖盘
107,14:50:26,254.01,0.01,1,25401,买盘
108,14:50:21,254.0,--,3,76200,卖盘
109,14:50:11,254.0,--,1,25400,卖盘
110,14:50:07,254.0,--,12,304800,卖盘
111,14:50:02,254.0,--,3,76200,卖盘
112,14:49:51,254.0,--,8,203200,卖盘
113,14:49:47,254.0,--,28,711200,卖盘
114,14:49:41,254.0,-0.01,2,50800,卖盘
115,14:49:26,254.01,-0.18,3,76203,卖盘
116,14:49:21,254.19,0.18,28,711732,买盘
117,14:49:16,254.01,0.01,1,25401,卖盘
118,14:49:11,254.0,--,0,0,卖盘
119,14:49:06,254.0,-0.11,20,508000,卖盘
120,14:49:01,254.11,-0.09,7,177877,卖盘
121,14:48:55,254.2,--,24,610080,买盘
122,14:48:50,254.2,0.1,1,25420,买盘
123,14:48:46,254.1,0.09,22,559020,买盘
124,14:48:41,254.01,--,2,50802,卖盘
125,14:48:35,254.01,--,7,177807,卖盘
126,14:48:31,254.01,--,6,152406,卖盘
127,14:48:25,254.01,--,0,0,卖盘
128,14:48:16,254.01,--,0,0,卖盘
129,14:48:10,254.01,-0.1,2,50802,卖盘
130,14:48:05,254.11,0.1,57,1450205,买盘
131,14:48:01,254.01,-0.1,30,762030,卖盘
132,14:47:55,254.11,-0.04,8,203288,卖盘
133,14:47:50,254.15,--,0,4574,卖盘
134,14:47:46,254.15,-0.03,5,147915,卖盘
135,14:47:40,254.18,-0.02,9,228762,卖盘
136,14:47:35,254.2,--,0,0,中性盘
137,14:47:31,254.2,--,4,101680,卖盘
138,14:47:25,254.2,--,6,152520,卖盘
139,14:47:16,254.2,-0.1,5,127100,卖盘
140,14:47:10,254.3,--,1,25430,买盘
141,14:46:55,254.3,--,4,121809,卖盘
142,14:46:50,254.3,--,0,0,卖盘
143,14:46:46,254.3,--,0,0,卖盘
144,14:46:40,254.3,--,33,839190,卖盘
145,14:46:35,254.3,--,1,25430,卖盘
146,14:46:31,254.3,--,4,101720,卖盘
147,14:46:25,254.3,-0.2,1,25430,卖盘
148,14:46:10,254.5,--,1,25450,中性盘
149,14:46:05,254.5,0.2,1,25450,中性盘
150,14:46:01,254.3,-0.2,2,50860,卖盘
151,14:45:55,254.5,--,5,127250,卖盘
152,14:45:46,254.5,--,2,50900,卖盘
153,14:45:40,254.5,--,1,25450,卖盘
154,14:45:35,254.5,--,6,158044,买盘
155,14:45:31,254.5,--,0,0,买盘
156,14:45:25,254.5,-0.01,6,172805,卖盘
157,14:45:20,254.51,0.01,1,25451,中性盘
158,14:45:16,254.5,-0.02,7,178150,卖盘
159,14:45:10,254.52,0.01,101,2570652,中性盘
160,14:45:05,254.51,--,1,25451,卖盘
161,14:45:01,254.51,--,4,101804,卖盘
162,14:44:55,254.51,--,1,25451,卖盘
163,14:44:50,254.51,-0.08,1,25451,卖盘
164,14:44:40,254.59,0.08,1,25459,买盘
165,14:44:31,254.51,-0.09,1,25451,中性盘
166,14:44:25,254.6,0.1,3,76380,买盘
167,14:44:20,254.5,--,3,76350,卖盘
168,14:44:16,254.5,--,6,173569,卖盘
169,14:44:10,254.5,--,3,97219,卖盘
170,14:44:05,254.5,--,2,71514,卖盘
171,14:44:01,254.5,-0.2,3,76350,卖盘
172,14:43:55,254.7,--,1,25470,买盘
173,14:43:50,254.7,--,6,152820,买盘
174,14:43:46,254.7,--,3,93729,卖盘
175,14:43:40,254.7,--,8,203760,卖盘
176,14:43:35,254.7,--,5,127350,卖盘
177,14:43:31,254.7,--,4,101880,卖盘
178,14:43:25,254.7,--,11,280170,卖盘
179,14:43:20,254.7,-0.01,5,127350,卖盘
180,14:43:15,254.71,0.01,3,76413,中性盘
181,14:43:10,254.7,--,3,76410,卖盘
182,14:43:05,254.7,--,1,25470,卖盘
183,14:43:00,254.7,--,7,178290,卖盘
184,14:42:55,254.7,0.2,24,619430,买盘
185,14:42:50,254.5,-0.2,4,101800,卖盘
186,14:42:45,254.7,--,10,277368,卖盘
187,14:42:35,254.7,-0.03,1,25470,卖盘
188,14:42:30,254.73,0.03,2,50946,买盘
189,14:42:25,254.7,-0.03,10,254700,卖盘
190,14:42:20,254.73,0.03,1,25473,买盘
191,14:42:15,254.7,--,2,53741,卖盘
192,14:42:10,254.7,-0.05,5,127350,卖盘
193,14:42:05,254.75,0.05,1,25475,买盘
194,14:42:00,254.7,--,7,178290,卖盘
195,14:41:55,254.7,-0.05,7,178290,卖盘
196,14:41:49,254.75,0.05,1,25475,买盘
197,14:41:34,254.7,0.2,18,458460,买盘
198,14:41:29,254.5,--,6,152700,卖盘
199,14:41:25,254.5,--,1,25450,卖盘
200,14:41:19,254.5,0.4,26,681042,买盘
201,14:41:10,254.1,0.1,12,304920,买盘
202,14:41:04,254.0,--,2,50800,卖盘
203,14:40:55,254.0,--,4,101600,卖盘
204,14:40:49,254.0,--,1,25400,卖盘
205,14:40:34,254.0,--,1,27940,卖盘
206,14:40:25,254.0,0.62,52,1320800,买盘
207,14:40:19,253.38,--,24,608872,卖盘
208,14:40:14,253.38,-0.23,9,228042,卖盘
209,14:40:10,253.61,0.23,2,50722,买盘
210,14:40:04,253.38,--,12,304056,卖盘
211,14:39:55,253.38,-0.02,7,197889,卖盘
212,14:39:49,253.4,-0.21,1,25340,卖盘
213,14:39:44,253.61,--,1,25361,买盘
214,14:39:40,253.61,--,12,304332,买盘
215,14:39:34,253.61,0.26,2,50722,买盘
216,14:39:25,253.35,0.03,3,76005,中性盘
217,14:39:19,253.32,--,9,233307,卖盘
218,14:39:14,253.32,--,1,25332,买盘
219,14:39:10,253.32,--,1,25332,买盘
220,14:39:04,253.32,--,1,25332,买盘
221,14:38:59,253.32,0.01,4,101328,买盘
222,14:38:55,253.31,0.01,4,101324,中性盘
223,14:38:49,253.3,--,1,25330,卖盘
224,14:38:44,253.3,0.04,9,227970,买盘
225,14:38:40,253.26,--,1,25326,中性盘
226,14:38:34,253.26,-0.04,8,202608,卖盘
227,14:38:19,253.3,--,3,75990,中性盘
228,14:38:14,253.3,--,4,101320,卖盘
229,14:38:04,253.3,-0.01,4,101320,卖盘
230,14:37:59,253.31,--,5,126655,卖盘
231,14:37:55,253.31,-0.08,3,75993,卖盘
232,14:37:49,253.39,0.04,5,126695,买盘
233,14:37:44,253.35,--,0,0,中性盘
234,14:37:40,253.35,-0.03,6,152010,卖盘
235,14:37:34,253.38,-0.15,3,86655,卖盘
236,14:37:29,253.53,-0.02,2,50706,卖盘
237,14:37:25,253.55,-0.25,2,50710,中性盘
238,14:37:19,253.8,0.3,10,253800,买盘
239,14:37:14,253.5,--,0,0,卖盘
240,14:37:10,253.5,-0.05,31,800553,卖盘
241,14:37:04,253.55,--,0,0,卖盘
242,14:36:59,253.55,-0.25,4,101420,卖盘
243,14:36:55,253.8,0.29,6,152280,买盘
244,14:36:49,253.51,-0.02,3,76053,卖盘
245,14:36:44,253.53,--,4,101412,卖盘
246,14:36:39,253.53,--,2,50706,中性盘
247,14:36:29,253.53,--,2,50706,卖盘
248,14:36:24,253.53,0.02,3,76059,中性盘
249,14:36:19,253.51,--,0,0,卖盘
250,14:36:14,253.51,--,0,0,卖盘
251,14:36:09,253.51,--,2,50702,卖盘
252,14:36:04,253.51,-0.19,5,126755,卖盘
253,14:35:59,253.7,0.1,3,76110,中性盘
254,14:35:54,253.6,-0.1,4,101440,卖盘
255,14:35:49,253.7,-0.3,5,126850,卖盘
256,14:35:39,254.0,--,34,863600,卖盘
257,14:35:34,254.0,-0.1,2,62484,卖盘
258,14:35:24,254.1,0.1,7,191591,买盘
259,14:35:19,254.0,-0.1,0,11684,卖盘
260,14:34:58,254.1,-0.81,1,25410,卖盘
261,14:34:49,254.91,--,0,0,买盘
262,14:34:43,254.91,0.81,28,713748,买盘
263,14:34:39,254.1,0.1,9,228690,买盘
264,14:34:34,254.0,--,30,762000,卖盘
265,14:34:24,254.0,--,1,25400,卖盘
266,14:34:19,254.0,-0.28,12,304800,卖盘
267,14:34:13,254.28,--,0,0,买盘
268,14:34:09,254.28,0.18,6,152568,买盘
269,14:34:04,254.1,-0.08,3,76230,卖盘
270,14:33:54,254.18,0.08,1,25418,中性盘
271,14:33:49,254.1,--,5,127050,买盘
272,14:33:43,254.1,--,1,25410,买盘
273,14:33:23,254.1,0.1,1,25410,买盘
274,14:33:19,254.0,--,1,25400,卖盘
275,14:33:04,254.0,--,4,101600,卖盘
276,14:32:58,254.0,--,80,2045716,买盘
277,14:32:53,254.0,--,0,0,买盘
278,14:32:43,254.0,--,0,0,买盘
279,14:32:38,254.0,--,2,50800,买盘
280,14:32:28,254.0,0.78,34,863600,买盘
281,14:32:23,253.22,--,0,0,中性盘
282,14:32:19,253.22,--,1,25322,卖盘
283,14:32:13,253.22,0.09,1,25322,卖盘
284,14:32:08,253.13,--,0,0,卖盘
285,14:32:04,253.13,-0.87,3,75939,卖盘
286,14:31:58,254.0,-0.12,48,1244346,卖盘
287,14:31:53,254.12,0.12,7,177884,买盘
288,14:31:49,254.0,--,160,4064000,卖盘
289,14:31:43,254.0,--,203,5156200,卖盘
290,14:31:34,254.0,--,1,25400,卖盘
291,14:31:28,254.0,0.99,94,2387854,买盘
292,14:31:23,253.01,--,1,25301,卖盘
293,14:31:19,253.01,-0.11,52,1315652,卖盘
294,14:31:13,253.12,0.03,16,404992,买盘
295,14:31:08,253.09,-0.03,4,101236,卖盘
296,14:31:04,253.12,-0.08,5,126560,中性盘
297,14:30:58,253.2,--,19,481080,买盘
298,14:30:53,253.2,--,1,25320,买盘
299,14:30:49,253.2,-0.2,16,405120,卖盘
300,14:30:43,253.4,--,1,25340,买盘
301,14:30:38,253.4,0.05,9,228060,买盘
302,14:30:34,253.35,-0.15,2,50670,卖盘
303,14:30:28,253.5,--,0,0,买盘
304,14:30:23,253.5,--,2,50700,买盘
305,14:30:19,253.5,--,5,126750,买盘
306,14:30:13,253.5,-0.09,8,202800,卖盘
307,14:30:08,253.59,0.09,27,684693,买盘
308,14:30:04,253.5,-0.11,17,438808,卖盘
309,14:29:58,253.61,-0.06,5,126805,卖盘
310,14:29:53,253.67,--,0,0,中性盘
311,14:29:49,253.67,0.01,1,25367,卖盘
312,14:29:43,253.66,--,4,101464,卖盘
313,14:29:34,253.66,-0.34,28,710248,卖盘
314,14:29:28,254.0,0.34,61,1549400,买盘
315,14:29:23,253.66,-0.34,1,25366,卖盘
316,14:29:18,254.0,--,30,772414,卖盘
317,14:29:13,254.0,--,18,457200,卖盘
318,14:29:08,254.0,--,111,2835148,卖盘
319,14:29:03,254.0,--,33,839978,卖盘
320,14:28:58,254.0,--,33,845820,卖盘
321,14:28:48,254.0,--,1,25400,卖盘
322,14:28:43,254.0,--,3,91186,卖盘
323,14:28:38,254.0,--,1,25400,卖盘
324,14:28:33,254.0,--,1,25400,卖盘
325,14:28:28,254.0,--,2,50800,卖盘
326,14:28:22,254.0,--,7,177800,卖盘
327,14:28:18,254.0,0.34,68,1727454,买盘
328,14:28:13,253.66,0.06,9,228294,买盘
329,14:28:03,253.6,-0.06,8,202880,卖盘
330,14:27:58,253.66,0.06,2,50732,中性盘
331,14:27:52,253.6,--,5,126800,卖盘
332,14:27:48,253.6,-0.09,16,405760,卖盘
333,14:27:43,253.69,0.03,9,228321,中性盘
334,14:27:37,253.66,--,3,76098,卖盘
335,14:27:33,253.66,-0.04,10,277504,卖盘
336,14:27:28,253.7,--,3,76110,卖盘
337,14:27:22,253.7,0.04,13,329810,买盘
338,14:27:18,253.66,-0.06,15,380490,卖盘
339,14:27:13,253.72,0.03,2,50744,买盘
340,14:27:07,253.69,-0.03,1,25369,卖盘
341,14:27:03,253.72,-0.26,10,253720,卖盘
342,14:26:58,253.98,--,20,515325,买盘
343,14:26:48,253.98,0.08,23,584154,买盘
344,14:26:43,253.9,--,5,126950,卖盘
345,14:26:37,253.9,--,2,50780,卖盘
346,14:26:33,253.9,--,4,101560,卖盘
347,14:26:28,253.9,-0.08,6,152340,卖盘
348,14:26:22,253.98,--,2,50796,买盘
349,14:26:18,253.98,-0.02,1,25398,卖盘
350,14:26:07,254.0,--,2,50800,买盘
351,14:26:02,254.0,--,14,355600,买盘
352,14:25:42,254.0,0.02,4,101600,买盘
353,14:25:37,253.98,--,6,152388,卖盘
354,14:25:32,253.98,0.04,1,25398,中性盘
355,14:25:27,253.94,0.04,6,154903,买盘
356,14:25:22,253.9,--,7,177730,买盘
357,14:25:17,253.9,--,1,25390,买盘
358,14:25:07,253.9,--,4,101560,卖盘
359,14:25:02,253.9,--,1,25390,卖盘
360,14:24:57,253.9,-0.22,1,25390,卖盘
361,14:24:47,254.12,--,0,0,买盘
362,14:24:42,254.12,0.23,1,25412,买盘
363,14:24:27,253.89,--,5,126945,卖盘
364,14:24:22,253.89,--,2,50778,卖盘
365,14:24:17,253.89,--,2,50778,卖盘
366,14:24:12,253.89,0.23,41,1058975,买盘
367,14:24:07,253.66,--,7,177562,卖盘
368,14:23:57,253.66,-0.23,9,240977,卖盘
369,14:23:42,253.89,0.23,14,355446,买盘
370,14:23:37,253.66,--,4,107805,卖盘
371,14:23:32,253.66,--,0,0,卖盘
372,14:23:27,253.66,--,3,76098,卖盘
373,14:23:22,253.66,-0.24,1,25366,卖盘
374,14:23:17,253.9,--,9,228510,买盘
375,14:23:12,253.9,--,0,0,买盘
376,14:23:07,253.9,-0.1,2,50780,买盘
377,14:23:02,254.0,0.11,48,1219200,买盘
378,14:22:57,253.89,-0.01,6,152334,卖盘
379,14:22:52,253.9,--,2,72615,卖盘
380,14:22:47,253.9,--,2,50780,卖盘
381,14:22:42,253.9,-0.1,2,50780,卖盘
382,14:22:37,254.0,0.1,19,495300,买盘
383,14:22:27,253.9,--,27,685530,卖盘
384,14:22:22,253.9,--,5,126950,卖盘
385,14:22:17,253.9,--,8,203120,卖盘
386,14:22:12,253.9,-0.1,1,25390,卖盘
387,14:22:07,254.0,0.1,3,76200,买盘
388,14:22:02,253.9,-0.1,6,152340,卖盘
389,14:21:57,254.0,--,26,660400,卖盘
390,14:21:52,254.0,--,42,1079500,卖盘
391,14:21:42,254.0,--,3,76200,卖盘
392,14:21:36,254.0,--,4,101600,卖盘
393,14:21:27,254.0,--,3,76200,卖盘
394,14:21:22,254.0,-0.01,1,25400,卖盘
395,14:21:12,254.01,0.01,3,76203,买盘
396,14:21:07,254.0,-0.01,4,101600,卖盘
397,14:21:01,254.01,0.01,3,76203,买盘
398,14:20:57,254.0,--,16,419100,买盘
399,14:20:52,254.0,--,9,241300,卖盘
400,14:20:42,254.0,--,2,50800,卖盘
401,14:20:37,254.0,--,17,431800,卖盘
402,14:20:31,254.0,--,2,50800,卖盘
403,14:20:27,254.0,--,17,431800,卖盘
404,14:20:22,254.0,--,13,330200,卖盘
405,14:20:16,254.0,--,2,50800,卖盘
406,14:20:12,254.0,-0.01,12,304800,卖盘
407,14:20:07,254.01,0.01,9,228609,买盘
408,14:19:57,254.0,-0.01,5,127000,卖盘
409,14:19:52,254.01,-0.02,4,101604,卖盘
410,14:19:42,254.03,-0.09,4,101612,卖盘
411,14:19:37,254.12,-0.03,1,25412,卖盘
412,14:19:27,254.15,-0.05,1,25415,卖盘
413,14:19:22,254.2,-0.01,1,25420,卖盘
414,14:19:12,254.21,-0.01,10,254210,卖盘
415,14:19:07,254.22,-0.01,4,101688,买盘
416,14:18:57,254.23,0.01,12,305076,买盘
417,14:18:52,254.22,-0.01,10,254220,卖盘
418,14:18:46,254.23,--,4,101692,买盘
419,14:18:42,254.23,--,1,25423,买盘
420,14:18:37,254.23,-0.05,3,76269,卖盘
421,14:18:30,254.28,--,0,0,买盘
422,14:18:27,254.28,--,0,0,中性盘
423,14:18:22,254.28,--,0,0,中性盘
424,14:18:16,254.28,0.04,1,25428,买盘
425,14:18:12,254.24,--,0,0,中性盘
426,14:18:06,254.24,-0.04,2,50848,卖盘
427,14:18:01,254.28,--,1,25428,卖盘
428,14:17:56,254.28,0.06,1,25428,卖盘
429,14:17:51,254.22,-0.06,1,25422,中性盘
430,14:17:46,254.28,--,3,76284,买盘
431,14:17:36,254.28,--,7,177996,买盘
432,14:17:31,254.28,-0.01,3,76284,卖盘
433,14:17:26,254.29,--,2,50858,买盘
434,14:17:21,254.29,--,4,101716,买盘
435,14:17:16,254.29,0.01,2,50858,卖盘
436,14:17:11,254.28,--,0,0,卖盘
437,14:17:06,254.28,-0.02,6,152568,卖盘
438,14:17:00,254.3,0.02,17,432310,买盘
439,14:16:56,254.28,--,1,25428,卖盘
440,14:16:51,254.28,-0.01,3,76284,卖盘
441,14:16:46,254.29,-0.01,1,25429,卖盘
442,14:16:41,254.3,0.02,2,50860,买盘
443,14:16:36,254.28,--,3,76284,卖盘
444,14:16:26,254.28,--,1,25428,卖盘
445,14:16:21,254.28,-0.02,1,25428,卖盘
446,14:16:06,254.3,-0.01,2,50860,卖盘
447,14:16:01,254.31,-0.61,1,25431,卖盘
448,14:15:56,254.92,--,1,25492,卖盘
449,14:15:46,254.92,--,1,25492,卖盘
450,14:15:41,254.92,--,1,25492,卖盘
451,14:15:36,254.92,--,2,50984,买盘
452,14:15:31,254.92,0.64,1,25492,买盘
453,14:15:16,254.28,0.07,3,76284,卖盘
454,14:15:11,254.21,--,0,0,卖盘
455,14:15:06,254.21,--,4,101684,买盘
456,14:15:01,254.21,--,0,0,中性盘
457,14:14:56,254.21,--,1,25421,卖盘
458,14:14:51,254.21,0.01,2,50842,卖盘
459,14:14:40,254.2,-0.78,2,50840,卖盘
460,14:14:36,254.98,0.01,3,76494,买盘
461,14:14:31,254.97,0.87,8,203976,买盘
462,14:14:21,254.1,-0.02,2,50820,卖盘
463,14:14:16,254.12,--,7,196180,买盘
464,14:14:10,254.12,--,0,0,中性盘
465,14:14:06,254.12,--,3,76236,卖盘
466,14:14:00,254.12,--,2,50824,卖盘
467,14:13:55,254.12,0.04,5,127060,买盘
468,14:13:51,254.08,--,0,0,中性盘
469,14:13:46,254.08,-0.12,1,25408,卖盘
470,14:13:40,254.2,--,0,0,中性盘
471,14:13:36,254.2,-0.3,6,152520,卖盘
472,14:13:31,254.5,--,0,0,买盘
473,14:13:25,254.5,--,0,0,买盘
474,14:13:21,254.5,0.24,21,534450,买盘
475,14:13:16,254.26,--,0,0,中性盘
476,14:13:10,254.26,-0.24,2,50852,中性盘
477,14:13:06,254.5,--,8,203600,买盘
478,14:12:55,254.5,--,0,0,买盘
479,14:12:51,254.5,--,1,25450,买盘
480,14:12:46,254.5,0.47,3,78895,买盘
481,14:12:39,254.03,--,0,0,卖盘
482,14:12:36,254.03,-0.47,1,25403,中性盘
483,14:12:31,254.5,--,3,76350,卖盘
484,14:12:20,254.5,0.5,53,1348850,买盘
485,14:12:16,254.0,--,7,190500,卖盘
486,14:12:10,254.0,--,5,127000,卖盘
487,14:12:05,254.0,0.1,38,965200,买盘
488,14:12:01,253.9,--,3,76170,卖盘
489,14:11:51,253.9,--,3,88865,卖盘
490,14:11:46,253.9,--,2,50780,卖盘
491,14:11:40,253.9,--,1,25390,卖盘
492,14:11:36,253.9,-0.1,4,105114,卖盘
493,14:11:25,254.0,--,2,50800,买盘
494,14:11:21,254.0,--,21,544322,卖盘
495,14:11:16,254.0,-0.5,40,1041146,卖盘
496,14:11:10,254.5,0.14,2,50900,买盘
497,14:11:06,254.36,-0.16,43,1116386,卖盘
498,14:11:01,254.52,--,6,152712,卖盘
499,14:10:55,254.52,-0.08,46,1178936,卖盘
500,14:10:51,254.6,-0.4,82,2103759,卖盘
501,14:10:46,255.0,0.2,25,637500,买盘
502,14:10:39,254.8,0.2,4,101920,买盘
503,14:10:35,254.6,0.02,73,1879457,卖盘
504,14:10:31,254.58,-0.22,1,25458,中性盘
505,14:10:25,254.8,-0.2,1,25480,卖盘
506,14:10:20,255.0,-0.37,19,484500,卖盘
507,14:10:10,255.37,0.22,7,178759,买盘
508,14:10:05,255.15,--,4,102060,卖盘
509,14:10:00,255.15,--,12,306180,卖盘
510,14:09:54,255.15,0.15,11,280665,买盘
511,14:09:50,255.0,--,17,433500,卖盘
512,14:09:45,255.0,--,16,408000,卖盘
513,14:09:40,255.0,-0.12,23,586500,卖盘
514,14:09:35,255.12,0.12,6,153072,买盘
515,14:09:30,255.0,--,1,25500,卖盘
516,14:09:25,255.0,--,5,127500,卖盘
517,14:09:20,255.0,-0.12,2,51000,卖盘
518,14:09:15,255.12,-0.03,1,25512,买盘
519,14:09:09,255.15,0.15,166,4235490,买盘
520,14:09:05,255.0,--,6,153000,卖盘
521,14:09:00,255.0,0.45,3,76500,卖盘
522,14:08:55,254.55,--,10,254550,卖盘
523,14:08:50,254.55,-0.58,2,50910,卖盘
524,14:08:45,255.13,0.59,1,25513,中性盘
525,14:08:39,254.54,-0.64,1,25454,卖盘
526,14:08:35,255.18,--,0,0,买盘
527,14:08:30,255.18,0.59,9,229662,买盘
528,14:08:25,254.59,0.04,3,76377,中性盘
529,14:08:20,254.55,-0.63,1,25455,卖盘
530,14:08:15,255.18,--,0,0,买盘
531,14:08:10,255.18,--,7,178626,卖盘
532,14:08:04,255.18,-0.22,2,51036,卖盘
533,14:08:00,255.4,0.22,12,306480,买盘
534,14:07:54,255.18,--,1,25518,卖盘
535,14:07:49,255.18,-0.25,28,714504,卖盘
536,14:07:45,255.43,-0.07,2,51086,买盘
537,14:07:39,255.5,0.24,65,1660750,买盘
538,14:07:34,255.26,--,0,0,卖盘
539,14:07:30,255.26,-0.02,8,224373,卖盘
540,14:07:25,255.28,--,1,25528,卖盘
541,14:07:15,255.28,-0.18,3,81944,卖盘
542,14:07:10,255.46,--,1,25546,买盘
543,14:07:04,255.46,0.18,12,306552,买盘
544,14:07:00,255.28,0.02,2,51056,卖盘
545,14:06:55,255.26,--,1,25526,卖盘
546,14:06:49,255.26,--,0,0,卖盘
547,14:06:40,255.26,--,10,255260,卖盘
548,14:06:34,255.26,-0.19,5,127630,卖盘
549,14:06:30,255.45,0.19,24,613080,买盘
550,14:06:25,255.26,0.76,44,1123144,买盘
551,14:06:19,254.5,0.2,7,178150,买盘
552,14:06:15,254.3,--,12,305160,中性盘
553,14:06:09,254.3,-0.88,3,76290,买盘
554,14:06:04,255.18,0.89,8,204144,买盘
555,14:06:00,254.29,-0.02,17,432293,卖盘
556,14:05:55,254.31,-0.94,1,25431,卖盘
557,14:05:45,255.25,--,4,102100,买盘
558,14:05:40,255.25,-0.01,10,255250,卖盘
559,14:05:34,255.26,0.9,4,102104,买盘
560,14:05:30,254.36,--,7,178052,中性盘
561,14:05:25,254.36,-0.01,55,1398980,卖盘
562,14:05:19,254.37,--,1,25437,买盘
563,14:05:14,254.37,--,25,635925,卖盘
564,14:05:10,254.37,--,8,203496,卖盘
565,14:05:04,254.37,0.01,4,101748,卖盘
566,14:05:00,254.36,--,2,50872,中性盘
567,14:04:54,254.36,-0.02,9,228924,卖盘
568,14:04:48,254.38,-0.6,3,76314,买盘
569,14:04:44,254.98,0.18,2,50996,买盘
570,14:04:39,254.8,0.42,3,76440,中性盘
571,14:04:34,254.38,0.01,2,50876,买盘
572,14:04:30,254.37,--,5,127185,卖盘
573,14:04:24,254.37,-0.6,13,330681,中性盘
574,14:04:19,254.97,0.62,1,25497,买盘
575,14:04:15,254.35,--,8,203480,卖盘
576,14:04:10,254.35,0.03,1,25435,中性盘
577,14:04:04,254.32,-0.01,2,50864,卖盘
578,14:04:00,254.33,0.01,3,76299,中性盘
579,14:03:54,254.32,--,4,101728,卖盘
580,14:03:49,254.32,--,4,101728,买盘
581,14:03:44,254.32,-0.01,1,25432,买盘
582,14:03:40,254.33,0.01,8,203464,卖盘
583,14:03:33,254.32,-0.01,2,50864,卖盘
584,14:03:30,254.33,--,3,76299,卖盘
585,14:03:25,254.33,-0.12,17,432361,卖盘
586,14:03:19,254.45,0.12,3,76335,买盘
587,14:03:15,254.33,-0.12,3,76299,卖盘
588,14:03:09,254.45,0.12,16,407120,买盘
589,14:03:04,254.33,--,0,0,中性盘
590,14:02:59,254.33,-0.12,4,101732,卖盘
591,14:02:54,254.45,-0.55,6,152670,卖盘
592,14:02:49,255.0,--,3,76500,卖盘
593,14:02:44,255.0,-0.29,2,51000,卖盘
594,14:02:39,255.29,0.28,14,357406,买盘
595,14:02:34,255.01,--,3,76503,卖盘
596,14:02:29,255.01,--,8,204008,买盘
597,14:02:19,255.01,-0.19,5,127505,买盘
598,14:02:14,255.2,--,2,51040,买盘
599,14:02:09,255.2,0.19,8,204160,买盘
600,14:02:04,255.01,-0.24,14,357014,卖盘
601,14:01:59,255.25,-0.2,1,25525,买盘
602,14:01:54,255.45,0.2,2,51090,卖盘
603,14:01:49,255.25,-0.05,11,280775,卖盘
604,14:01:44,255.3,-0.2,1,25530,中性盘
605,14:01:39,255.5,0.05,17,434350,买盘
606,14:01:34,255.45,-0.08,8,204360,卖盘
607,14:01:28,255.53,0.03,10,255530,买盘
608,14:01:24,255.5,-0.03,54,1379700,卖盘
609,14:01:18,255.53,--,20,511060,卖盘
610,14:01:13,255.53,--,5,127765,卖盘
611,14:01:09,255.53,-0.05,6,153318,卖盘
612,14:00:58,255.58,-0.02,5,127790,卖盘
613,14:00:54,255.6,--,4,102240,中性盘
614,14:00:48,255.6,-0.05,6,153360,卖盘
615,14:00:42,255.65,--,0,0,中性盘
616,14:00:39,255.65,--,6,153390,卖盘
617,14:00:33,255.65,--,34,869210,买盘
618,14:00:18,255.65,0.06,35,894775,买盘
619,14:00:09,255.59,-0.06,5,127795,买盘
620,14:00:04,255.65,0.07,69,1763985,买盘
621,13:59:58,255.58,--,2,51116,卖盘
622,13:59:54,255.58,-0.02,2,51116,中性盘
623,13:59:48,255.6,-0.05,2,51120,中性盘
624,13:59:43,255.65,0.09,132,3374580,买盘
625,13:59:39,255.56,0.01,11,281116,买盘
626,13:59:34,255.55,--,11,281105,中性盘
627,13:59:27,255.55,0.03,16,408880,买盘
628,13:59:24,255.52,0.02,1,25552,中性盘
629,13:59:19,255.5,-0.05,8,204400,卖盘
630,13:59:12,255.55,--,0,0,买盘
631,13:59:09,255.55,0.05,17,434435,买盘
632,13:59:03,255.5,-0.02,1,25550,卖盘
633,13:58:57,255.52,0.02,2,51104,买盘
634,13:58:54,255.5,--,3,76650,卖盘
635,13:58:48,255.5,0.09,9,229950,买盘
636,13:58:43,255.41,-0.07,1,25541,买盘
637,13:58:39,255.48,0.07,2,51096,买盘
638,13:58:34,255.41,-0.09,5,127705,卖盘
639,13:58:24,255.5,-0.05,3,76650,中性盘
640,13:58:18,255.55,0.15,3,76665,买盘
641,13:58:12,255.4,-0.01,2,51080,卖盘
642,13:58:09,255.41,-0.14,1,25541,中性盘
643,13:58:03,255.55,0.14,5,127775,买盘
644,13:57:57,255.41,--,2,51082,买盘
645,13:57:53,255.41,--,0,0,中性盘
646,13:57:48,255.41,-0.15,9,229869,卖盘
647,13:57:42,255.56,--,0,0,买盘
648,13:57:39,255.56,-0.01,2,51112,卖盘
649,13:57:33,255.57,--,3,76671,卖盘
650,13:57:27,255.57,-0.01,1,25557,中性盘
651,13:57:23,255.58,0.01,8,204464,买盘
652,13:57:19,255.57,0.07,4,102228,买盘
653,13:57:12,255.5,0.19,2,51100,买盘
654,13:57:08,255.31,0.01,4,102124,买盘
655,13:57:03,255.3,-0.01,21,536130,卖盘
656,13:56:57,255.31,0.01,3,76593,买盘
657,13:56:53,255.3,-0.1,2,51060,卖盘
658,13:56:48,255.4,0.09,7,178780,买盘
659,13:56:38,255.31,--,8,204248,买盘
660,13:56:33,255.31,--,2,51062,卖盘
661,13:56:27,255.31,-0.09,6,153186,卖盘
662,13:56:24,255.4,0.09,6,153240,买盘
663,13:56:18,255.31,--,2,51062,卖盘
664,13:56:12,255.31,0.01,1,25531,卖盘
665,13:56:08,255.3,0.05,8,204240,买盘
666,13:56:03,255.25,--,2,51050,卖盘
667,13:55:57,255.25,-0.07,14,357350,卖盘
668,13:55:53,255.32,0.02,5,127660,中性盘
669,13:55:48,255.3,0.03,14,357420,买盘
670,13:55:42,255.27,0.02,2,51054,卖盘
671,13:55:38,255.25,-0.15,1,25525,卖盘
672,13:55:33,255.4,0.1,8,204320,买盘
673,13:55:27,255.3,0.05,15,382950,买盘
674,13:55:23,255.25,-0.02,1,25525,卖盘
675,13:55:18,255.27,0.02,8,204216,买盘
676,13:55:12,255.25,--,8,223343,卖盘
677,13:55:03,255.25,-0.02,2,51050,卖盘
678,13:54:57,255.27,0.02,1,25527,买盘
679,13:54:51,255.25,-0.02,1,25525,卖盘
680,13:54:48,255.27,-0.13,3,76581,买盘
681,13:54:42,255.4,--,0,0,买盘
682,13:54:36,255.4,0.13,1,25540,买盘
683,13:54:33,255.27,--,51,1301877,卖盘
684,13:54:27,255.27,--,1,25527,卖盘
685,13:54:18,255.27,0.01,3,76581,买盘
686,13:54:12,255.26,--,4,102104,卖盘
687,13:54:06,255.26,-0.01,1,25526,卖盘
688,13:54:03,255.27,-0.13,4,102108,卖盘
689,13:53:57,255.4,--,3,76620,买盘
690,13:53:51,255.4,--,0,0,中性盘
691,13:53:48,255.4,-0.1,7,178780,卖盘
692,13:53:42,255.5,-0.09,3,76650,卖盘
693,13:53:36,255.59,--,0,0,中性盘
694,13:53:33,255.59,0.09,5,127795,买盘
695,13:53:27,255.5,0.23,23,587650,买盘
696,13:53:18,255.27,0.01,3,76581,中性盘
697,13:53:12,255.26,--,4,102104,卖盘
698,13:53:06,255.26,--,1,25526,卖盘
699,13:52:57,255.26,--,8,204208,买盘
700,13:52:48,255.26,--,5,127630,买盘
701,13:52:42,255.26,0.01,2,51052,买盘
702,13:52:36,255.25,--,1,25525,卖盘
703,13:52:33,255.25,--,4,102100,卖盘
704,13:52:27,255.25,0.15,7,178675,买盘
705,13:52:21,255.1,--,0,0,卖盘
706,13:52:18,255.1,--,2,51020,卖盘
707,13:52:12,255.1,0.1,5,127550,买盘
708,13:52:06,255.0,--,10,255000,卖盘
709,13:52:03,255.0,-0.01,4,102000,卖盘
710,13:51:57,255.01,0.01,1,25501,买盘
711,13:51:48,255.0,--,2,51000,卖盘
712,13:51:42,255.0,--,14,363375,买盘
713,13:51:36,255.0,--,0,0,买盘
714,13:51:33,255.0,--,16,408000,买盘
715,13:51:27,255.0,0.01,6,153000,买盘
716,13:51:21,254.99,--,1,25499,卖盘
717,13:51:18,254.99,-0.01,5,127495,卖盘
718,13:51:12,255.0,0.01,20,510000,买盘
719,13:51:06,254.99,-0.01,1,25499,卖盘
720,13:50:51,255.0,-0.01,136,3487125,卖盘
721,13:50:47,255.01,-0.01,1,25501,买盘
722,13:50:42,255.02,--,6,153012,买盘
723,13:50:21,255.02,--,0,0,买盘
724,13:50:12,255.02,--,1,25502,中性盘
725,13:50:06,255.02,0.02,1,25502,买盘
726,13:50:02,255.0,--,8,204000,卖盘
727,13:49:57,255.0,--,0,0,卖盘
728,13:49:51,255.0,0.01,8,210375,买盘
729,13:49:47,254.99,-0.01,2,50998,卖盘
730,13:49:42,255.0,0.12,5,127500,买盘
731,13:49:36,254.88,-0.02,3,76464,卖盘
732,13:49:32,254.9,--,3,76470,中性盘
733,13:49:27,254.9,-0.09,7,178430,卖盘
734,13:49:21,254.99,0.11,14,356986,买盘
735,13:49:17,254.88,-0.11,1,25488,卖盘
736,13:49:12,254.99,0.11,2,50998,买盘
737,13:49:06,254.88,-0.11,1,25488,买盘
738,13:48:57,254.99,0.11,7,178493,中性盘
739,13:48:51,254.88,0.08,2,50976,买盘
740,13:48:47,254.8,0.02,2,50960,卖盘
741,13:48:42,254.78,--,1,25478,买盘
742,13:48:36,254.78,--,0,0,中性盘
743,13:48:32,254.78,0.03,4,101912,买盘
744,13:48:27,254.75,0.02,11,280225,买盘
745,13:48:17,254.73,0.03,3,76419,买盘
746,13:48:12,254.7,-0.03,2,50940,卖盘
747,13:48:06,254.73,--,6,152838,买盘
748,13:48:00,254.73,--,0,0,买盘
749,13:47:57,254.73,--,2,50946,买盘
750,13:47:51,254.73,0.04,4,101892,买盘
751,13:47:45,254.69,0.01,1,25469,中性盘
752,13:47:42,254.68,0.28,9,248313,买盘
753,13:47:36,254.4,-0.08,2,50880,卖盘
754,13:47:27,254.48,--,1,25448,卖盘
755,13:47:21,254.48,0.08,11,279928,买盘
756,13:47:12,254.4,-0.27,4,101760,卖盘
757,13:47:06,254.67,0.01,3,76401,买盘
758,13:46:57,254.66,0.26,8,203728,买盘
759,13:46:51,254.4,-0.26,1,25440,卖盘
760,13:46:42,254.66,0.26,4,101864,买盘
761,13:46:36,254.4,-0.25,3,76320,卖盘
762,13:46:30,254.65,0.45,3,76395,卖盘
763,13:46:27,254.2,--,0,0,卖盘
764,13:46:21,254.2,0.05,2,50840,卖盘
765,13:46:15,254.15,--,0,23381,买盘
766,13:46:12,254.15,-0.52,0,2033,卖盘
767,13:46:06,254.67,0.52,5,127335,买盘
768,13:46:00,254.15,-0.52,1,25415,卖盘
769,13:45:57,254.67,0.47,3,82767,买盘
770,13:45:51,254.2,-0.47,2,52365,卖盘
771,13:45:45,254.67,0.47,10,254670,买盘
772,13:45:42,254.2,--,1,25420,卖盘
773,13:45:30,254.2,-0.38,0,17539,卖盘
774,13:45:27,254.58,0.38,5,127290,买盘
775,13:45:21,254.2,-0.1,11,279620,卖盘
776,13:45:15,254.3,-0.3,1,25430,卖盘
777,13:45:12,254.6,0.3,4,101840,买盘
778,13:45:06,254.3,--,1,25430,卖盘
779,13:44:57,254.3,-0.3,2,50860,卖盘
780,13:44:51,254.6,--,3,76380,卖盘
781,13:44:45,254.6,--,3,76380,卖盘
782,13:44:42,254.6,0.3,18,458280,买盘
783,13:44:36,254.3,-0.01,22,559460,卖盘
784,13:44:30,254.31,--,1,25431,卖盘
785,13:44:27,254.31,0.01,6,152586,中性盘
786,13:44:21,254.3,--,1,25430,卖盘
787,13:44:12,254.3,--,25,635750,卖盘
788,13:44:06,254.3,-0.3,2,50860,卖盘
789,13:43:51,254.6,0.3,3,76380,中性盘
790,13:43:45,254.3,-0.3,2,50860,卖盘
791,13:43:41,254.6,0.3,40,1018400,买盘
792,13:43:36,254.3,--,1,25430,卖盘
793,13:43:15,254.3,--,0,0,卖盘
794,13:43:11,254.3,0.1,2,50860,中性盘
795,13:43:06,254.2,--,2,50840,卖盘
796,13:43:00,254.2,--,1,25420,卖盘
797,13:42:56,254.2,--,1,25420,卖盘
798,13:42:51,254.2,-0.43,2,50840,卖盘
799,13:42:41,254.63,0.43,4,101852,买盘
800,13:42:36,254.2,0.05,2,50840,中性盘
801,13:42:30,254.15,-0.35,3,76245,卖盘
802,13:42:26,254.5,-0.11,1,25450,买盘
803,13:42:21,254.61,0.11,2,50922,买盘
804,13:42:15,254.5,-0.13,2,50900,卖盘
805,13:42:11,254.63,0.13,12,305556,买盘
806,13:42:06,254.5,--,4,101800,卖盘
807,13:42:00,254.5,--,2,50900,卖盘
808,13:41:56,254.5,-0.1,5,127250,卖盘
809,13:41:51,254.6,-0.03,6,152760,卖盘
810,13:41:41,254.63,0.03,5,127315,买盘
811,13:41:36,254.6,-0.03,3,76380,卖盘
812,13:41:30,254.63,--,1,25463,买盘
813,13:41:26,254.63,0.13,2,50926,买盘
814,13:41:21,254.5,--,5,127250,卖盘
815,13:41:15,254.5,-0.13,2,50900,卖盘
816,13:41:11,254.63,-0.02,21,534723,卖盘
817,13:41:06,254.65,--,14,356510,中性盘
818,13:41:00,254.65,0.01,12,305580,买盘
819,13:40:56,254.64,0.14,9,229176,买盘
820,13:40:51,254.5,--,2,50900,卖盘
821,13:40:45,254.5,-0.17,2,50900,卖盘
822,13:40:39,254.67,0.17,3,76401,买盘
823,13:40:36,254.5,--,3,76350,卖盘
824,13:40:30,254.5,0.35,3,76350,中性盘
825,13:40:24,254.15,--,0,0,卖盘
826,13:40:21,254.15,--,0,23381,买盘
827,13:40:15,254.15,-0.35,0,2033,卖盘
828,13:40:09,254.5,0.35,3,76350,买盘
829,13:40:06,254.15,-0.6,4,101660,卖盘
830,13:40:00,254.75,--,5,127375,买盘
831,13:39:51,254.75,0.25,5,127375,中性盘
832,13:39:45,254.5,--,4,101800,卖盘
833,13:39:39,254.5,--,2,50900,卖盘
834,13:39:36,254.5,--,7,178150,卖盘
835,13:39:30,254.5,--,8,203600,卖盘
836,13:39:24,254.5,-0.1,2,50900,卖盘
837,13:39:21,254.6,-0.21,1,25460,中性盘
838,13:39:15,254.81,--,3,76443,买盘
839,13:39:09,254.81,0.05,10,254810,买盘
840,13:39:06,254.76,0.16,4,101904,中性盘
841,13:39:00,254.6,--,6,152760,买盘
842,13:38:51,254.6,--,2,50920,买盘
843,13:38:45,254.6,0.57,13,354403,买盘
844,13:38:36,254.03,-0.46,1,25403,卖盘
845,13:38:30,254.49,0.15,11,279939,买盘
846,13:38:24,254.34,0.32,2,50868,买盘
847,13:38:21,254.02,--,0,0,卖盘
848,13:38:15,254.02,-0.01,3,76206,卖盘
849,13:38:09,254.03,0.01,1,25403,卖盘
850,13:38:06,254.02,--,2,50804,卖盘
851,13:38:00,254.02,0.01,5,127010,买盘
852,13:37:54,254.01,--,4,101604,买盘
853,13:37:51,254.01,--,2,50802,买盘
854,13:37:45,254.01,0.01,3,76203,买盘
855,13:37:35,254.0,0.32,27,696468,买盘
856,13:37:30,253.68,--,2,73567,卖盘
857,13:37:24,253.68,--,81,2054808,卖盘
858,13:37:21,253.68,-0.22,1,25368,卖盘
859,13:37:15,253.9,0.03,8,203120,买盘
860,13:37:09,253.87,0.19,1,25387,买盘
861,13:37:00,253.68,--,3,76104,卖盘
862,13:36:51,253.68,-0.2,4,101472,卖盘
863,13:36:45,253.88,0.01,11,279268,买盘
864,13:36:39,253.87,0.27,2,50774,买盘
865,13:36:30,253.6,0.02,1,27896,买盘
866,13:36:24,253.58,--,1,48180,卖盘
867,13:36:20,253.58,-0.1,3,78609,卖盘
868,13:36:15,253.68,0.12,4,101472,买盘
869,13:36:05,253.56,--,4,101424,卖盘
870,13:36:00,253.56,-0.12,12,304272,卖盘
871,13:35:54,253.68,--,1,25368,买盘
872,13:35:50,253.68,0.12,3,76104,买盘
873,13:35:45,253.56,--,4,101424,买盘
874,13:35:39,253.56,--,2,50712,买盘
875,13:35:35,253.56,0.01,10,253560,买盘
876,13:35:30,253.55,--,1,25355,卖盘
877,13:35:24,253.55,--,1,25355,买盘
878,13:35:20,253.55,--,5,126775,买盘
879,13:35:15,253.55,0.23,2,50710,买盘
880,13:35:09,253.32,--,0,0,中性盘
881,13:35:05,253.32,-0.23,1,25332,卖盘
882,13:34:54,253.55,0.23,3,76065,买盘
883,13:34:50,253.32,0.02,1,25332,卖盘
884,13:34:45,253.3,--,0,0,卖盘
885,13:34:35,253.3,--,2,50660,卖盘
886,13:34:30,253.3,--,13,329290,卖盘
887,13:34:24,253.3,--,1,25330,卖盘
888,13:34:15,253.3,-0.25,5,126650,卖盘
889,13:34:09,253.55,--,0,0,买盘
890,13:34:05,253.55,0.31,3,76065,买盘
891,13:34:00,253.24,--,3,75972,卖盘
892,13:33:50,253.24,-0.35,1,25324,卖盘
893,13:33:45,253.59,0.31,7,177513,买盘
894,13:33:39,253.28,-0.31,1,25328,中性盘
895,13:33:33,253.59,--,0,0,买盘
896,13:33:30,253.59,0.35,3,76077,买盘
897,13:33:18,253.24,--,1,25324,卖盘
898,13:33:14,253.24,--,6,151944,卖盘
899,13:33:09,253.24,-0.36,1,25324,卖盘
900,13:32:59,253.6,--,0,0,买盘
901,13:32:54,253.6,--,10,253600,买盘
902,13:32:48,253.6,--,12,304320,买盘
903,13:32:45,253.6,--,0,0,买盘
904,13:32:39,253.6,0.38,4,101440,买盘
905,13:32:33,253.22,-0.11,59,1497289,卖盘
906,13:32:29,253.33,--,2,50666,卖盘
907,13:32:24,253.33,0.11,20,529459,买盘
908,13:32:18,253.22,--,13,329186,卖盘
909,13:32:14,253.22,-0.01,12,303864,卖盘
910,13:32:09,253.23,0.01,42,1063566,买盘
911,13:32:03,253.22,--,5,126610,卖盘
912,13:31:59,253.22,-0.01,63,1595286,卖盘
913,13:31:54,253.23,--,2,50646,买盘
914,13:31:48,253.23,--,1,25323,买盘
915,13:31:45,253.23,-0.1,15,392506,卖盘
916,13:31:39,253.33,0.1,6,151998,买盘
917,13:31:33,253.23,--,1,25323,卖盘
918,13:31:29,253.23,--,18,455814,卖盘
919,13:31:24,253.23,--,0,0,卖盘
920,13:31:17,253.23,--,3,75969,卖盘
921,13:31:14,253.23,0.01,13,341860,中性盘
922,13:31:09,253.22,-0.01,62,1584903,卖盘
923,13:31:03,253.23,0.01,2,50646,买盘
924,13:30:59,253.22,--,34,860948,卖盘
925,13:30:54,253.22,--,95,2407109,买盘
926,13:30:48,253.22,0.02,46,1164812,买盘
927,13:30:44,253.2,-0.05,86,2201320,卖盘
928,13:30:39,253.25,0.02,85,2152625,买盘
929,13:30:33,253.23,-0.02,0,7850,卖盘
930,13:30:29,253.25,0.01,3,75975,买盘
931,13:30:24,253.24,0.01,6,151944,中性盘
932,13:30:18,253.23,-0.03,108,2752356,卖盘
933,13:30:14,253.26,-0.04,1,25326,卖盘
934,13:30:09,253.3,-0.01,4,101320,卖盘
935,13:30:03,253.31,--,8,202648,卖盘
936,13:29:59,253.31,-0.02,6,151986,卖盘
937,13:29:54,253.33,0.02,13,329329,中性盘
938,13:29:39,253.31,-0.29,5,126655,卖盘
939,13:29:33,253.6,--,1,25360,卖盘
940,13:29:29,253.6,-0.03,1,25360,卖盘
941,13:29:23,253.63,0.03,4,101452,买盘
942,13:29:18,253.6,--,4,101440,买盘
943,13:29:09,253.6,-0.03,2,50720,中性盘
944,13:28:59,253.63,0.38,11,278993,买盘
945,13:28:54,253.25,-0.38,3,75975,卖盘
946,13:28:48,253.63,--,21,532623,买盘
947,13:28:39,253.63,0.01,16,405808,买盘
948,13:28:33,253.62,0.38,1,25362,中性盘
949,13:28:29,253.24,--,1,25324,卖盘
950,13:28:24,253.24,--,3,75972,中性盘
951,13:28:14,253.24,--,1,25324,卖盘
952,13:28:09,253.24,0.01,2,50648,卖盘
953,13:28:02,253.23,0.01,4,101292,买盘
954,13:27:59,253.22,-0.01,1,25322,卖盘
955,13:27:54,253.23,-0.4,7,177261,中性盘
956,13:27:44,253.63,0.39,172,4362436,买盘
957,13:27:39,253.24,--,1,25324,卖盘
958,13:27:29,253.24,-0.4,1,25324,卖盘
959,13:27:24,253.64,--,2,50728,买盘
960,13:27:14,253.64,0.41,2,50728,买盘
961,13:27:09,253.23,--,1,25323,卖盘
962,13:26:59,253.23,--,5,129147,卖盘
963,13:26:44,253.23,--,28,726263,买盘
964,13:26:39,253.23,0.01,13,344646,买盘
965,13:26:33,253.22,--,2,50644,卖盘
966,13:26:29,253.22,--,5,126610,卖盘
967,13:26:24,253.22,-0.01,14,371473,卖盘
968,13:26:18,253.23,0.01,10,253230,买盘
969,13:26:12,253.22,-0.01,113,2861386,卖盘
970,13:26:09,253.23,0.01,1,25323,买盘
971,13:26:03,253.22,-0.47,12,303864,卖盘
972,13:25:57,253.69,0.46,1,25369,买盘
973,13:25:53,253.23,0.01,5,126615,中性盘
974,13:25:48,253.22,--,2,50644,卖盘
975,13:25:42,253.22,-0.5,1,25322,卖盘
976,13:25:38,253.72,0.52,16,405952,买盘
977,13:25:33,253.2,-0.52,5,131664,卖盘
978,13:25:27,253.72,0.5,1,25372,中性盘
979,13:25:23,253.22,0.01,60,1519320,中性盘
980,13:25:18,253.21,-0.52,5,126605,卖盘
981,13:25:12,253.73,--,0,0,买盘
982,13:25:08,253.73,--,37,938801,买盘
983,13:24:53,253.73,--,3,76119,买盘
984,13:24:48,253.73,--,0,0,买盘
985,13:24:38,253.73,0.52,11,279103,卖盘
986,13:24:32,253.21,--,0,0,卖盘
987,13:24:27,253.21,-0.53,1,25321,卖盘
988,13:24:23,253.74,--,1,25374,买盘
989,13:24:18,253.74,--,0,0,买盘
990,13:24:08,253.74,--,3,76122,中性盘
991,13:24:03,253.74,0.54,9,228366,买盘
992,13:23:53,253.2,--,17,430440,买盘
993,13:23:48,253.2,--,0,0,买盘
994,13:23:42,253.2,0.09,50,1266000,买盘
995,13:23:38,253.11,-0.04,1,25311,卖盘
996,13:23:32,253.15,0.02,3,75945,买盘
997,13:23:27,253.13,0.01,1,25313,中性盘
998,13:23:23,253.12,-0.03,1,25312,卖盘
999,13:23:18,253.15,0.04,4,101260,买盘
1000,13:23:11,253.11,--,2,50622,卖盘
1001,13:23:08,253.11,--,5,126555,卖盘
1002,13:22:53,253.11,-0.01,3,75933,卖盘
1003,13:22:48,253.12,--,0,0,中性盘
1004,13:22:38,253.12,-0.16,2,50624,卖盘
1005,13:22:33,253.28,--,3,75984,买盘
1006,13:22:23,253.28,--,0,0,买盘
1007,13:22:18,253.28,-0.47,4,117268,卖盘
1008,13:22:08,253.75,0.47,1,25375,买盘
1009,13:22:03,253.28,-0.02,13,342181,卖盘
1010,13:21:57,253.3,0.02,1,37995,卖盘
1011,13:21:53,253.28,--,0,0,卖盘
1012,13:21:41,253.28,--,4,113976,卖盘
1013,13:21:32,253.28,0.18,10,275062,买盘
1014,13:21:27,253.1,--,3,75930,卖盘
1015,13:21:23,253.1,--,2,50620,卖盘
1016,13:21:18,253.1,-0.18,3,75930,卖盘
1017,13:21:12,253.28,--,0,0,买盘
1018,13:21:08,253.28,0.01,17,430576,买盘
1019,13:21:03,253.27,-0.01,1,25327,卖盘
1020,13:20:57,253.28,0.16,3,75984,买盘
1021,13:20:53,253.12,--,4,101248,卖盘
1022,13:20:48,253.12,--,2,50624,卖盘
1023,13:20:42,253.12,-0.16,4,101248,卖盘
1024,13:20:38,253.28,--,1,25328,买盘
1025,13:20:33,253.28,--,2,50656,买盘
1026,13:20:23,253.28,--,3,75984,买盘
1027,13:20:12,253.28,--,1,25328,买盘
1028,13:20:07,253.28,0.17,3,75984,买盘
1029,13:20:03,253.11,-0.17,3,75933,卖盘
1030,13:19:53,253.28,--,18,468568,卖盘
1031,13:19:47,253.28,--,2,50656,卖盘
1032,13:19:38,253.28,--,5,126640,卖盘
1033,13:19:33,253.28,--,6,151968,卖盘
1034,13:19:22,253.28,--,3,88648,买盘
1035,13:19:18,253.28,--,2,50656,买盘
1036,13:19:07,253.28,--,0,0,中性盘
1037,13:18:57,253.28,--,2,50656,中性盘
1038,13:18:52,253.28,--,4,101312,卖盘
1039,13:18:41,253.28,-0.22,2,50656,卖盘
1040,13:18:33,253.5,--,0,0,买盘
1041,13:18:27,253.5,0.4,1,25350,买盘
1042,13:18:17,253.1,0.02,2,50620,卖盘
1043,13:18:12,253.08,--,0,0,卖盘
1044,13:18:06,253.08,--,2,50616,卖盘
1045,13:18:02,253.08,--,3,75924,卖盘
1046,13:17:57,253.08,-0.42,0,4049,买盘
1047,13:17:51,253.5,0.42,44,1115400,买盘
1048,13:17:47,253.08,0.01,5,126540,买盘
1049,13:17:42,253.07,-0.01,2,50614,卖盘
1050,13:17:36,253.08,--,2,50616,买盘
1051,13:17:32,253.08,--,2,50616,卖盘
1052,13:17:27,253.08,0.01,52,1316016,中性盘
1053,13:17:17,253.07,-0.23,5,126535,卖盘
1054,13:17:12,253.3,0.24,8,202640,买盘
1055,13:17:06,253.06,--,1,25306,卖盘
1056,13:17:02,253.06,-0.24,2,50612,卖盘
1057,13:16:57,253.3,--,2,50660,买盘
1058,13:16:47,253.3,--,11,278630,买盘
1059,13:16:41,253.3,0.23,10,253300,买盘
1060,13:16:36,253.07,-0.23,1,25307,卖盘
1061,13:16:32,253.3,0.25,2,50660,买盘
1062,13:16:26,253.05,--,1,25305,卖盘
1063,13:16:21,253.05,-0.25,2,50610,卖盘
1064,13:16:17,253.3,0.23,1,25330,买盘
1065,13:16:11,253.07,0.06,2,50614,买盘
1066,13:16:02,253.01,-0.06,3,75903,卖盘
1067,13:15:56,253.07,0.04,3,75921,买盘
1068,13:15:51,253.03,-0.04,1,25303,卖盘
1069,13:15:47,253.07,-0.01,8,202456,卖盘
1070,13:15:36,253.08,--,1,25308,卖盘
1071,13:15:32,253.08,--,3,75924,买盘
1072,13:15:27,253.08,--,2,50616,卖盘
1073,13:15:21,253.08,--,1,25308,卖盘
1074,13:15:17,253.08,--,6,151848,卖盘
1075,13:15:12,253.08,--,1,25308,卖盘
1076,13:15:06,253.08,-0.25,3,75924,卖盘
1077,13:15:02,253.33,0.24,7,177331,买盘
1078,13:14:57,253.09,-0.01,2,50618,卖盘
1079,13:14:51,253.1,0.01,1,25310,买盘
1080,13:14:47,253.09,-0.3,3,75927,卖盘
1081,13:14:36,253.39,--,0,0,买盘
1082,13:14:32,253.39,0.29,3,76017,买盘
1083,13:14:26,253.1,--,1,25310,买盘
1084,13:14:21,253.1,--,1,44292,卖盘
1085,13:14:17,253.1,--,8,208807,买盘
1086,13:14:06,253.1,0.02,4,101240,买盘
1087,13:14:01,253.08,--,2,50616,卖盘
1088,13:13:51,253.08,-0.02,1,25308,卖盘
1089,13:13:42,253.1,--,4,101240,卖盘
1090,13:13:32,253.1,--,0,0,中性盘
1091,13:13:26,253.1,--,1,25310,买盘
1092,13:13:21,253.1,--,2,50620,买盘
1093,13:13:17,253.1,-0.3,1,47835,卖盘
1094,13:13:11,253.4,0.3,3,76020,买盘
1095,13:13:06,253.1,--,0,0,卖盘
1096,13:13:02,253.1,-0.06,0,2784,买盘
1097,13:12:57,253.16,0.06,1,25316,买盘
1098,13:12:51,253.1,--,6,151860,买盘
1099,13:12:47,253.1,-0.06,7,177170,卖盘
1100,13:12:41,253.16,--,4,101264,买盘
1101,13:12:35,253.16,--,3,75948,买盘
1102,13:12:31,253.16,--,0,0,中性盘
1103,13:12:27,253.16,--,51,1291116,买盘
1104,13:12:20,253.16,0.08,1,25316,中性盘
1105,13:12:17,253.08,--,0,0,卖盘
1106,13:12:12,253.08,-0.07,2,50616,卖盘
1107,13:12:05,253.15,0.07,2,50630,卖盘
1108,13:12:02,253.08,-0.07,4,101232,卖盘
1109,13:11:57,253.15,0.07,2,50630,买盘
1110,13:11:51,253.08,--,1,25308,卖盘
1111,13:11:47,253.08,--,1,25308,卖盘
1112,13:11:41,253.08,--,5,126540,买盘
1113,13:11:36,253.08,--,7,177156,买盘
1114,13:11:31,253.08,--,5,126540,买盘
1115,13:11:20,253.08,--,11,278388,买盘
1116,13:11:15,253.08,--,1,25308,买盘
1117,13:11:11,253.08,--,1,25308,买盘
1118,13:11:05,253.08,0.08,7,177156,买盘
1119,13:10:45,253.0,--,6,151800,卖盘
1120,13:10:41,253.0,0.2,137,3473184,买盘
1121,13:10:35,252.8,-0.2,7,176960,卖盘
1122,13:10:30,253.0,0.2,50,1265000,买盘
1123,13:10:11,252.8,--,1,25280,卖盘
1124,13:10:05,252.8,--,5,139040,买盘
1125,13:10:00,252.8,0.02,2,50560,买盘
1126,13:09:56,252.78,-0.02,2,50556,卖盘
1127,13:09:51,252.8,0.06,3,75840,买盘
1128,13:09:41,252.74,--,0,0,卖盘
1129,13:09:36,252.74,--,1,25274,卖盘
1130,13:09:30,252.74,--,2,50548,卖盘
1131,13:09:26,252.74,-0.06,1,25274,卖盘
1132,13:09:20,252.8,0.07,3,96569,买盘
1133,13:09:11,252.73,-0.01,2,50546,卖盘
1134,13:09:05,252.74,--,5,126370,买盘
1135,13:09:00,252.74,0.01,12,303288,买盘
1136,13:08:50,252.73,--,3,75819,卖盘
1137,13:08:45,252.73,-0.01,1,25273,卖盘
1138,13:08:36,252.74,--,5,126370,买盘
1139,13:08:29,252.74,--,1,25274,买盘
1140,13:08:20,252.74,0.01,1,25274,买盘
1141,13:08:15,252.73,--,2,50546,卖盘
1142,13:08:11,252.73,--,5,126365,卖盘
1143,13:08:05,252.73,-0.02,11,280530,卖盘
1144,13:07:59,252.75,--,0,0,中性盘
1145,13:07:56,252.75,0.02,1,25275,中性盘
1146,13:07:50,252.73,--,1,25273,卖盘
1147,13:07:44,252.73,--,1,25273,卖盘
1148,13:07:41,252.73,--,2,50546,卖盘
1149,13:07:36,252.73,0.01,4,101092,买盘
1150,13:07:26,252.72,--,7,176904,卖盘
1151,13:07:20,252.72,-0.04,8,207483,卖盘
1152,13:07:14,252.76,0.03,2,50552,买盘
1153,13:07:11,252.73,0.01,2,50546,买盘
1154,13:06:59,252.72,0.01,3,75816,中性盘
1155,13:06:56,252.71,-0.06,13,328523,卖盘
1156,13:06:50,252.77,--,1,25277,买盘
1157,13:06:45,252.77,--,0,0,买盘
1158,13:06:41,252.77,--,9,227493,买盘
1159,13:06:35,252.77,--,1,25277,买盘
1160,13:06:26,252.77,-0.02,7,176939,卖盘
1161,13:06:20,252.79,--,7,176953,买盘
1162,13:06:14,252.79,--,2,50558,卖盘
1163,13:06:11,252.79,--,3,75837,买盘
1164,13:06:05,252.79,-0.01,3,75837,买盘
1165,13:05:59,252.8,0.01,2,50560,买盘
1166,13:05:55,252.79,-0.01,5,126395,卖盘
1167,13:05:50,252.8,--,1,25280,买盘
1168,13:05:44,252.8,--,4,101120,买盘
1169,13:05:35,252.8,-0.02,27,682560,卖盘
1170,13:05:29,252.82,--,1,25282,买盘
1171,13:05:25,252.82,--,1,25282,买盘
1172,13:05:20,252.82,-0.04,6,151692,卖盘
1173,13:05:10,252.86,--,1,25286,买盘
1174,13:05:05,252.86,-0.14,26,657436,卖盘
1175,13:04:59,253.0,0.12,32,809600,买盘
1176,13:04:55,252.88,--,0,0,中性盘
1177,13:04:50,252.88,--,81,2048328,卖盘
1178,13:04:44,252.88,-0.02,1,25288,卖盘
1179,13:04:40,252.9,-0.1,3,75870,卖盘
1180,13:04:35,253.0,-0.05,86,2175800,卖盘
1181,13:04:29,253.05,-0.03,1,25305,卖盘
1182,13:04:08,253.08,-0.04,4,101232,卖盘
1183,13:04:05,253.12,0.02,23,582176,买盘
1184,13:03:59,253.1,--,2,50620,卖盘
1185,13:03:53,253.1,--,2,50620,卖盘
1186,13:03:50,253.1,--,12,303720,卖盘
1187,13:03:44,253.1,--,3,75930,卖盘
1188,13:03:35,253.1,-0.03,1,25310,中性盘
1189,13:03:14,253.13,0.01,6,151878,买盘
1190,13:03:08,253.12,--,1,25312,卖盘
1191,13:03:05,253.12,-0.01,2,50624,卖盘
1192,13:02:59,253.13,--,12,303756,买盘
1193,13:02:50,253.13,--,1,25313,买盘
1194,13:02:44,253.13,--,3,75939,卖盘
1195,13:02:38,253.13,--,1,25313,卖盘
1196,13:02:35,253.13,--,6,151878,卖盘
1197,13:02:29,253.13,--,1,25313,卖盘
1198,13:02:23,253.13,--,0,0,卖盘
1199,13:02:20,253.13,--,5,126565,卖盘
1200,13:02:14,253.13,--,4,101252,卖盘
1201,13:02:08,253.13,-0.02,25,632825,卖盘
1202,13:02:05,253.15,-0.05,3,75945,卖盘
1203,13:01:59,253.2,--,10,253200,买盘
1204,13:01:53,253.2,--,10,253200,买盘
1205,13:01:50,253.2,--,64,1620480,卖盘
1206,13:01:44,253.2,--,10,253200,卖盘
1207,13:01:38,253.2,--,3,75960,卖盘
1208,13:01:35,253.2,-0.07,7,177240,卖盘
1209,13:01:29,253.27,0.02,1,25327,卖盘
1210,13:01:23,253.25,-0.02,2,50650,卖盘
1211,13:01:20,253.27,0.01,12,303924,卖盘
1212,13:01:14,253.26,-0.02,4,101304,卖盘
1213,13:01:05,253.28,-0.02,5,126640,卖盘
1214,13:00:59,253.3,--,3,75990,买盘
1215,13:00:53,253.3,--,0,0,中性盘
1216,13:00:50,253.3,-0.01,37,937210,卖盘
1217,13:00:44,253.31,-0.03,3,75993,卖盘
1218,13:00:20,253.34,--,11,278674,买盘
1219,13:00:14,253.34,0.01,23,582682,买盘
1220,13:00:08,253.33,-0.01,9,227997,中性盘
1221,13:00:05,253.34,-0.09,81,2052054,卖盘
1222,11:30:00,253.43,--,0,0,买盘
1223,11:29:59,253.43,--,0,0,买盘
1224,11:29:59,253.43,-0.07,2,50686,买盘
1225,11:29:56,253.5,--,0,0,买盘
1226,11:29:52,253.5,-0.19,1,25350,中性盘
1227,11:29:46,253.69,--,2,50738,买盘
1228,11:29:41,253.69,0.35,1,25369,买盘
1229,11:29:37,253.34,-0.35,1,25334,卖盘
1230,11:29:31,253.69,--,2,50738,买盘
1231,11:29:26,253.69,-0.01,1,25369,中性盘
1232,11:29:21,253.7,0.01,4,101480,买盘
1233,11:29:15,253.69,--,4,101476,卖盘
1234,11:29:11,253.69,--,2,50738,买盘
1235,11:29:06,253.69,--,9,228321,卖盘
1236,11:29:01,253.69,--,2,50738,卖盘
1237,11:28:56,253.69,-0.01,2,50738,卖盘
1238,11:28:51,253.7,--,3,76110,买盘
1239,11:28:46,253.7,--,4,101480,买盘
1240,11:28:41,253.7,--,2,50740,买盘
1241,11:28:36,253.7,--,31,786470,买盘
1242,11:28:30,253.7,0.37,2,50740,买盘
1243,11:28:26,253.33,--,1,25333,卖盘
1244,11:28:21,253.33,--,4,101332,卖盘
1245,11:28:16,253.33,0.02,0,5573,买盘
1246,11:28:06,253.31,--,0,0,卖盘
1247,11:28:00,253.31,-0.02,4,113989,卖盘
1248,11:27:51,253.33,0.02,4,101332,买盘
1249,11:27:46,253.31,--,6,151986,卖盘
1250,11:27:39,253.31,-0.02,1,25331,卖盘
1251,11:27:36,253.33,--,0,0,买盘
1252,11:27:30,253.33,0.02,24,607992,买盘
1253,11:27:24,253.31,--,23,582613,买盘
1254,11:27:21,253.31,--,6,151986,买盘
1255,11:27:15,253.31,-0.01,1,25331,卖盘
1256,11:27:09,253.32,--,1,25332,买盘
1257,11:27:06,253.32,0.01,6,151992,买盘
1258,11:27:00,253.31,-0.01,3,75993,卖盘
1259,11:26:55,253.32,--,1,25332,买盘
1260,11:26:51,253.32,-0.01,2,50664,卖盘
1261,11:26:36,253.33,-0.57,1,25333,卖盘
1262,11:26:30,253.9,0.5,183,4646370,买盘
1263,11:26:24,253.4,--,0,0,卖盘
1264,11:26:21,253.4,-0.49,3,76020,卖盘
1265,11:26:06,253.89,--,3,76167,中性盘
1266,11:26:00,253.89,--,3,76167,中性盘
1267,11:25:54,253.89,--,7,177723,卖盘
1268,11:25:51,253.89,--,45,1142505,买盘
1269,11:25:45,253.89,0.02,14,355446,买盘
1270,11:25:39,253.87,--,1,25387,买盘
1271,11:25:36,253.87,0.56,6,152322,买盘
1272,11:25:30,253.31,--,0,0,卖盘
1273,11:25:21,253.31,0.01,1,25331,卖盘
1274,11:25:15,253.3,-0.01,5,126650,卖盘
1275,11:25:09,253.31,0.01,1,25331,买盘
1276,11:25:06,253.3,-0.6,2,50660,卖盘
1277,11:25:00,253.9,--,2,50780,买盘
1278,11:24:51,253.9,--,0,0,中性盘
1279,11:24:46,253.9,0.63,1,25390,中性盘
1280,11:24:39,253.27,-0.64,2,50654,卖盘
1281,11:24:36,253.91,--,9,228519,买盘
1282,11:24:30,253.91,-0.05,1,25391,卖盘
1283,11:24:24,253.96,--,1,25396,买盘
1284,11:24:21,253.96,0.7,10,253960,买盘
1285,11:24:15,253.26,--,2,50652,买盘
1286,11:24:09,253.26,0.01,3,75978,买盘
1287,11:24:00,253.25,-0.01,2,50650,卖盘
1288,11:23:54,253.26,0.01,5,126630,买盘
1289,11:23:50,253.25,-0.01,4,101300,卖盘
1290,11:23:45,253.26,-0.05,9,227934,卖盘
1291,11:23:35,253.31,--,1,25331,卖盘
1292,11:23:30,253.31,--,5,126655,买盘
1293,11:23:20,253.31,--,0,0,中性盘
1294,11:23:15,253.31,--,1,25331,买盘
1295,11:23:09,253.31,-0.19,3,75993,卖盘
1296,11:23:00,253.5,--,2,50700,买盘
1297,11:22:51,253.5,-0.49,1,25350,卖盘
1298,11:22:45,253.99,--,0,0,买盘
1299,11:22:39,253.99,--,3,76197,买盘
1300,11:22:35,253.99,0.22,7,177793,卖盘
1301,11:22:24,253.77,0.51,2,50754,卖盘
1302,11:22:20,253.26,-0.73,4,101304,卖盘
1303,11:22:15,253.99,0.22,1,25399,中性盘
1304,11:22:09,253.77,-0.23,2,50754,卖盘
1305,11:22:05,254.0,0.04,7,177800,买盘
1306,11:22:00,253.96,-0.03,8,203168,卖盘
1307,11:21:54,253.99,--,2,50798,买盘
1308,11:21:50,253.99,--,0,0,中性盘
1309,11:21:45,253.99,-0.01,2,50798,卖盘
1310,11:21:39,254.0,--,14,355600,买盘
1311,11:21:35,254.0,--,9,228600,买盘
1312,11:21:30,254.0,--,11,279400,买盘
1313,11:21:24,254.0,--,24,609600,买盘
1314,11:21:20,254.0,-0.02,2,50800,卖盘
1315,11:21:15,254.02,0.02,4,101608,买盘
1316,11:21:09,254.0,--,6,152400,卖盘
1317,11:21:05,254.0,--,1,25400,卖盘
1318,11:21:00,254.0,--,13,330200,买盘
1319,11:20:54,254.0,--,7,201676,买盘
1320,11:20:48,254.0,--,10,254000,买盘
1321,11:20:45,254.0,--,2,50800,卖盘
1322,11:20:39,254.0,--,1,25400,卖盘
1323,11:20:24,254.0,--,4,101600,卖盘
1324,11:20:18,254.0,0.01,1,25400,中性盘
1325,11:20:15,253.99,0.55,1,25399,中性盘
1326,11:20:09,253.44,--,0,0,卖盘
1327,11:20:03,253.44,0.07,1,25344,中性盘
1328,11:20:00,253.37,0.07,11,278707,中性盘
1329,11:19:54,253.3,-0.68,21,531930,卖盘
1330,11:19:45,253.98,-0.01,1,25398,买盘
1331,11:19:39,253.99,0.12,4,101596,买盘
1332,11:19:33,253.87,--,4,101548,买盘
1333,11:19:30,253.87,--,2,66767,买盘
1334,11:19:24,253.87,--,4,101548,买盘
1335,11:19:18,253.87,0.47,3,76161,买盘
1336,11:19:15,253.4,--,6,152040,买盘
1337,11:19:09,253.4,0.04,6,152040,买盘
1338,11:19:03,253.36,--,0,0,中性盘
1339,11:19:00,253.36,0.05,2,50672,买盘
1340,11:18:54,253.31,-0.05,2,50662,卖盘
1341,11:18:48,253.36,--,1,25336,卖盘
1342,11:18:45,253.36,--,2,50672,卖盘
1343,11:18:39,253.36,0.01,16,405376,买盘
1344,11:18:33,253.35,0.04,4,101340,买盘
1345,11:18:30,253.31,--,1,25331,卖盘
1346,11:18:24,253.31,-0.04,2,50662,卖盘
1347,11:18:18,253.35,--,0,0,中性盘
1348,11:18:15,253.35,0.03,6,152010,买盘
1349,11:18:09,253.32,--,5,126660,卖盘
1350,11:18:03,253.32,--,2,50664,卖盘
1351,11:18:00,253.32,-0.03,13,329316,中性盘
1352,11:17:54,253.35,0.04,9,228015,买盘
1353,11:17:48,253.31,--,1,25331,卖盘
1354,11:17:45,253.31,-0.05,43,1089233,卖盘
1355,11:17:39,253.36,--,2,50672,买盘
1356,11:17:30,253.36,--,3,76008,买盘
1357,11:17:24,253.36,--,2,50672,买盘
1358,11:17:18,253.36,-0.04,10,253360,卖盘
1359,11:17:03,253.4,0.04,3,76020,买盘
1360,11:16:59,253.36,-0.04,2,50672,卖盘
1361,11:16:54,253.4,0.03,1,25340,买盘
1362,11:16:48,253.37,--,1,25337,中性盘
1363,11:16:45,253.37,-0.03,3,76011,卖盘
1364,11:16:39,253.4,--,1,25340,中性盘
1365,11:16:33,253.4,-0.05,1,25340,卖盘
1366,11:16:29,253.45,--,0,0,中性盘
1367,11:16:24,253.45,-0.07,3,76035,卖盘
1368,11:16:18,253.52,--,1,25352,买盘
1369,11:15:59,253.52,0.16,1,25352,买盘
1370,11:15:54,253.36,--,0,0,卖盘
1371,11:15:48,253.36,-0.12,2,50672,卖盘
1372,11:15:44,253.48,0.12,1,25348,买盘
1373,11:15:39,253.36,--,3,76008,卖盘
1374,11:15:33,253.36,--,0,0,卖盘
1375,11:15:29,253.36,-0.12,1,25336,卖盘
1376,11:15:24,253.48,-0.04,1,25348,卖盘
1377,11:15:18,253.52,0.11,2,50704,买盘
1378,11:15:09,253.41,--,1,25341,卖盘
1379,11:15:03,253.41,0.05,6,152046,卖盘
1380,11:14:59,253.36,-0.12,3,76008,卖盘
1381,11:14:54,253.48,--,1,25348,买盘
1382,11:14:44,253.48,0.08,6,152088,买盘
1383,11:14:39,253.4,--,2,50680,买盘
1384,11:14:33,253.4,0.04,3,76020,买盘
1385,11:14:29,253.36,--,3,76008,卖盘
1386,11:14:24,253.36,-0.04,2,50672,卖盘
1387,11:14:18,253.4,--,0,0,中性盘
1388,11:14:14,253.4,--,4,101360,卖盘
1389,11:14:09,253.4,--,7,177380,买盘
1390,11:14:03,253.4,--,0,0,买盘
1391,11:13:57,253.4,--,6,152040,买盘
1392,11:13:48,253.4,0.04,1,25340,买盘
1393,11:13:39,253.36,--,3,76008,卖盘
1394,11:13:33,253.36,--,3,76008,卖盘
1395,11:13:27,253.36,--,2,50672,卖盘
1396,11:13:24,253.36,-0.04,6,152016,卖盘
1397,11:13:18,253.4,0.04,1,25340,买盘
1398,11:13:12,253.36,--,5,126680,买盘
1399,11:13:09,253.36,0.01,5,126680,买盘
1400,11:13:03,253.35,--,2,50670,卖盘
1401,11:12:57,253.35,-0.01,1,25335,买盘
1402,11:12:54,253.36,0.01,40,1013440,买盘
1403,11:12:48,253.35,--,6,152010,买盘
1404,11:12:42,253.35,0.01,1,25335,买盘
1405,11:12:33,253.34,--,10,253340,买盘
1406,11:12:24,253.34,0.03,4,101336,买盘
1407,11:12:18,253.31,--,1,25331,卖盘
1408,11:12:12,253.31,-0.03,1,25331,卖盘
1409,11:12:09,253.34,0.03,2,50668,买盘
1410,11:11:57,253.31,--,2,50662,卖盘
1411,11:11:54,253.31,0.01,11,278641,买盘
1412,11:11:48,253.3,0.22,2,50660,买盘
1413,11:11:42,253.08,--,0,0,中性盘
1414,11:11:39,253.08,-0.23,1,25308,卖盘
1415,11:11:27,253.31,-0.03,1,25331,买盘
1416,11:11:24,253.34,-0.01,10,253340,买盘
1417,11:11:12,253.35,--,0,0,买盘
1418,11:11:09,253.35,0.33,6,152010,买盘
1419,11:11:03,253.02,--,1,25302,卖盘
1420,11:10:57,253.02,-0.06,3,75906,卖盘
1421,11:10:54,253.08,0.06,1,25308,卖盘
1422,11:10:48,253.02,-0.01,2,50604,卖盘
1423,11:10:42,253.03,-0.06,1,25303,中性盘
1424,11:10:39,253.09,--,3,75927,买盘
1425,11:10:33,253.09,--,1,25309,中性盘
1426,11:10:27,253.09,0.07,1,25309,买盘
1427,11:10:24,253.02,-0.03,2,50604,卖盘
1428,11:10:12,253.05,-0.08,1,25305,中性盘
1429,11:10:09,253.13,0.04,1,25313,中性盘
1430,11:10:03,253.09,-0.04,5,126545,卖盘
1431,11:09:57,253.13,0.12,23,582199,买盘
1432,11:09:54,253.01,--,0,0,卖盘
1433,11:09:48,253.01,--,0,0,中性盘
1434,11:09:42,253.01,--,2,50602,卖盘
1435,11:09:39,253.01,-0.01,14,354214,卖盘
1436,11:09:33,253.02,-0.11,1,25302,卖盘
1437,11:09:24,253.13,--,1,25313,买盘
1438,11:09:08,253.13,--,2,50626,买盘
1439,11:09:03,253.13,0.12,8,202504,买盘
1440,11:08:54,253.01,-0.09,13,328913,卖盘
1441,11:08:48,253.1,--,1,25310,买盘
1442,11:08:42,253.1,0.07,1,25310,买盘
1443,11:08:38,253.03,--,1,25303,卖盘
1444,11:08:33,253.03,--,3,75909,买盘
1445,11:08:27,253.03,0.02,1,25303,买盘
1446,11:08:23,253.01,-0.02,3,75903,卖盘
1447,11:08:18,253.03,--,2,50606,买盘
1448,11:08:12,253.03,--,1,25303,买盘
1449,11:08:08,253.03,--,0,0,买盘
1450,11:08:03,253.03,--,0,0,中性盘
1451,11:07:57,253.03,--,7,177121,买盘
1452,11:07:53,253.03,--,7,177121,买盘
1453,11:07:48,253.03,0.02,5,126515,买盘
1454,11:07:42,253.01,--,0,0,卖盘
1455,11:07:38,253.01,-0.09,21,531321,卖盘
1456,11:07:33,253.1,--,21,531510,卖盘
1457,11:07:23,253.1,-0.03,1,25310,卖盘
1458,11:07:18,253.13,0.09,6,151878,买盘
1459,11:07:08,253.04,-0.09,2,50608,卖盘
1460,11:07:03,253.13,0.03,1,25313,买盘
1461,11:06:57,253.1,--,16,404960,卖盘
1462,11:06:53,253.1,-0.11,7,177170,卖盘
1463,11:06:48,253.21,0.08,3,75963,买盘
1464,11:06:42,253.13,-0.07,1,25313,卖盘
1465,11:06:33,253.2,0.1,2,50640,卖盘
1466,11:06:27,253.1,--,0,0,卖盘
1467,11:06:21,253.1,-0.02,2,50620,卖盘
1468,11:06:18,253.12,-0.07,2,50624,中性盘
1469,11:06:12,253.19,--,0,0,中性盘
1470,11:06:03,253.19,0.18,1,25319,卖盘
1471,11:05:57,253.01,--,3,75903,卖盘
1472,11:05:48,253.01,0.01,13,328913,卖盘
1473,11:05:42,253.0,--,3,75900,卖盘
1474,11:05:36,253.0,-0.02,3,75900,卖盘
1475,11:05:33,253.02,-0.08,3,75906,中性盘
1476,11:05:27,253.1,0.1,1,25310,买盘
1477,11:05:21,253.0,--,1,25300,卖盘
1478,11:05:18,253.0,--,2,50600,卖盘
1479,11:05:12,253.0,0.1,10,253000,买盘
1480,11:05:03,252.9,--,14,354060,卖盘
1481,11:04:57,252.9,0.14,17,432711,买盘
1482,11:04:51,252.76,0.02,26,657176,买盘
1483,11:04:48,252.74,--,3,75822,卖盘
1484,11:04:42,252.74,0.05,9,227466,中性盘
1485,11:04:36,252.69,--,3,75807,卖盘
1486,11:04:33,252.69,-0.19,18,454842,中性盘
1487,11:04:27,252.88,0.2,35,885080,买盘
1488,11:04:21,252.68,-0.1,3,75804,卖盘
1489,11:04:18,252.78,--,5,126390,买盘
1490,11:04:12,252.78,-0.1,11,278058,中性盘
1491,11:04:06,252.88,--,25,640292,买盘
1492,11:03:57,252.88,--,4,101152,买盘
1493,11:03:51,252.88,--,7,177016,卖盘
1494,11:03:42,252.88,--,1,25288,卖盘
1495,11:03:36,252.88,-0.12,1,25288,卖盘
1496,11:03:33,253.0,--,7,177100,买盘
1497,11:03:27,253.0,--,2,50600,卖盘
1498,11:03:21,253.0,--,2,50600,卖盘
1499,11:03:18,253.0,-0.11,140,3542000,卖盘
1500,11:03:12,253.11,-0.07,2,50622,卖盘
1501,11:03:06,253.18,--,1,25318,买盘
1502,11:03:03,253.18,-0.11,3,75954,卖盘
1503,11:02:57,253.29,0.11,1,25329,买盘
1504,11:02:48,253.18,-0.11,2,50636,卖盘
1505,11:02:42,253.29,-0.01,10,253290,中性盘
1506,11:02:36,253.3,0.01,4,101320,中性盘
1507,11:02:32,253.29,-0.15,6,151974,卖盘
1508,11:02:27,253.44,0.12,2,50688,买盘
1509,11:02:21,253.32,-0.01,2,50664,卖盘
1510,11:02:17,253.33,-0.11,5,126665,卖盘
1511,11:02:12,253.44,-0.04,2,50688,卖盘
1512,11:02:06,253.48,-0.01,1,25348,卖盘
1513,11:02:02,253.49,--,5,126745,卖盘
1514,11:01:57,253.49,-0.02,165,4189682,卖盘
1515,11:01:51,253.51,--,0,0,卖盘
1516,11:01:47,253.51,-0.04,14,354914,卖盘
1517,11:01:42,253.55,0.02,18,456390,买盘
1518,11:01:36,253.53,--,1,25353,卖盘
1519,11:01:32,253.53,--,16,405648,卖盘
1520,11:01:27,253.53,--,2,50706,卖盘
1521,11:01:21,253.53,--,3,76059,卖盘
1522,11:01:12,253.53,--,2,50706,买盘
1523,11:01:06,253.53,--,2,50706,卖盘
1524,11:01:02,253.53,--,8,202824,卖盘
1525,11:00:57,253.53,-0.04,36,912708,卖盘
1526,11:00:51,253.57,0.02,13,329641,买盘
1527,11:00:47,253.55,-0.05,9,228195,卖盘
1528,11:00:42,253.6,--,5,126800,买盘
1529,11:00:36,253.6,--,0,0,买盘
1530,11:00:32,253.6,-0.01,23,583280,卖盘
1531,11:00:27,253.61,--,21,532581,买盘
1532,11:00:21,253.61,--,11,278971,卖盘
1533,11:00:17,253.61,-0.04,21,532581,卖盘
1534,11:00:12,253.65,-0.01,7,180598,卖盘
1535,11:00:06,253.66,-0.14,32,811712,卖盘
1536,11:00:02,253.8,-0.15,23,583740,卖盘
1537,10:59:57,253.95,-0.45,1,25395,卖盘
1538,10:59:51,254.4,--,0,0,买盘
1539,10:59:47,254.4,0.54,6,152640,买盘
1540,10:59:42,253.86,0.04,1,25386,卖盘
1541,10:59:36,253.82,--,0,0,卖盘
1542,10:59:32,253.82,--,8,203056,卖盘
1543,10:59:21,253.82,-0.04,4,106858,卖盘
1544,10:59:00,253.86,--,0,0,中性盘
1545,10:58:51,253.86,0.04,5,126930,买盘
1546,10:58:45,253.82,--,2,50764,卖盘
1547,10:58:36,253.82,0.02,3,76146,中性盘
1548,10:58:21,253.8,--,2,50760,卖盘
1549,10:58:15,253.8,--,1,25380,卖盘
1550,10:58:12,253.8,-0.06,1,25380,卖盘
1551,10:58:06,253.86,0.07,8,220096,买盘
1552,10:58:00,253.79,0.13,1,25379,买盘
1553,10:57:57,253.66,-0.11,1,25366,卖盘
1554,10:57:51,253.77,-0.03,1,25377,卖盘
1555,10:57:45,253.8,--,0,0,买盘
1556,10:57:41,253.8,0.01,2,50760,买盘
1557,10:57:36,253.79,-0.01,1,25379,买盘
1558,10:57:30,253.8,0.01,1,25380,买盘
1559,10:57:26,253.79,-0.01,3,76137,卖盘
1560,10:57:21,253.8,--,1,25380,买盘
1561,10:57:11,253.8,0.15,1,25380,买盘
1562,10:57:06,253.65,-0.14,2,61636,卖盘
1563,10:56:56,253.79,--,3,90603,买盘
1564,10:56:51,253.79,0.02,1,25379,买盘
1565,10:56:45,253.77,--,0,0,卖盘
1566,10:56:36,253.77,--,2,50754,卖盘
1567,10:56:30,253.77,--,2,50754,卖盘
1568,10:56:26,253.77,0.16,8,203016,买盘
1569,10:56:20,253.61,--,4,101444,卖盘
1570,10:56:15,253.61,--,0,0,卖盘
1571,10:56:11,253.61,-0.03,4,101444,卖盘
1572,10:56:06,253.64,--,9,228276,买盘
1573,10:56:00,253.64,--,1,25364,买盘
1574,10:55:56,253.64,--,1,25364,买盘
1575,10:55:51,253.64,0.03,1,25364,买盘
1576,10:55:45,253.61,-0.03,17,431137,卖盘
1577,10:55:41,253.64,--,12,304368,卖盘
1578,10:55:36,253.64,--,16,405824,卖盘
1579,10:55:30,253.64,-0.06,9,228276,卖盘
1580,10:55:26,253.7,-0.08,3,76110,卖盘
1581,10:55:21,253.78,-0.02,6,152268,卖盘
1582,10:55:15,253.8,-0.06,2,50760,卖盘
1583,10:55:11,253.86,0.08,3,76158,卖盘
1584,10:55:00,253.78,--,0,0,卖盘
1585,10:54:51,253.78,-0.22,2,50756,卖盘
1586,10:54:45,254.0,--,0,22860,卖盘
1587,10:54:41,254.0,0.14,10,256540,买盘
1588,10:54:36,253.86,--,0,0,买盘
1589,10:54:30,253.86,0.06,1,25386,买盘
1590,10:54:26,253.8,--,3,76140,卖盘
1591,10:54:21,253.8,-0.06,4,101520,卖盘
1592,10:54:11,253.86,--,1,25386,买盘
1593,10:54:05,253.86,-0.14,4,101544,卖盘
1594,10:54:00,254.0,-0.05,1,25400,卖盘
1595,10:53:51,254.05,--,1,25405,买盘
1596,10:53:41,254.05,0.16,1,25405,买盘
1597,10:53:36,253.89,-0.11,3,76167,卖盘
1598,10:53:26,254.0,--,0,0,中性盘
1599,10:53:21,254.0,--,4,101600,卖盘
1600,10:53:15,254.0,--,1,25400,卖盘
1601,10:53:11,254.0,--,5,127000,卖盘
1602,10:53:06,254.0,-0.05,1,25400,卖盘
1603,10:53:00,254.05,--,1,48269,卖盘
1604,10:52:56,254.05,0.05,2,53350,买盘
1605,10:52:41,254.0,--,1,25400,卖盘
1606,10:52:36,254.0,--,8,203200,卖盘
1607,10:52:21,254.0,-0.05,3,99060,卖盘
1608,10:52:15,254.05,-0.04,1,25405,卖盘
1609,10:52:06,254.09,--,1,25409,买盘
1610,10:51:56,254.09,0.04,3,78767,买盘
1611,10:51:45,254.05,-0.04,2,50810,卖盘
1612,10:51:30,254.09,--,2,50818,买盘
1613,10:51:21,254.09,-0.01,2,50818,卖盘
1614,10:51:15,254.1,--,2,50820,中性盘
1615,10:51:06,254.1,--,0,0,中性盘
1616,10:51:00,254.1,-0.33,1,25410,卖盘
1617,10:50:50,254.43,0.03,16,409123,买盘
1618,10:50:45,254.4,-0.03,1,25440,卖盘
1619,10:50:38,254.43,--,1,25443,中性盘
1620,10:50:35,254.43,0.03,2,50886,卖盘
1621,10:50:30,254.4,-0.08,1,25440,卖盘
1622,10:50:24,254.48,0.08,6,152688,买盘
1623,10:50:20,254.4,--,7,178080,卖盘
1624,10:50:15,254.4,--,10,254400,卖盘
1625,10:50:09,254.4,--,12,305280,卖盘
1626,10:50:05,254.4,0.4,53,1371724,买盘
1627,10:50:00,254.0,-0.05,17,431800,卖盘
1628,10:49:54,254.05,0.05,1,25405,买盘
1629,10:49:50,254.0,--,1,25400,卖盘
1630,10:49:45,254.0,0.04,2,50800,卖盘
1631,10:49:35,253.96,--,13,330148,卖盘
1632,10:49:30,253.96,--,15,380940,卖盘
1633,10:49:24,253.96,--,4,104123,买盘
1634,10:49:15,253.96,--,2,50792,买盘
1635,10:49:09,253.96,--,3,76188,买盘
1636,10:49:05,253.96,0.18,12,327608,买盘
1637,10:49:00,253.78,--,2,50756,卖盘
1638,10:48:50,253.78,0.09,14,357829,买盘
1639,10:48:45,253.69,0.04,7,177583,买盘
1640,10:48:39,253.65,--,0,0,中性盘
1641,10:48:35,253.65,-0.04,27,684855,卖盘
1642,10:48:30,253.69,--,8,202952,卖盘
1643,10:48:24,253.69,--,2,50738,卖盘
1644,10:48:20,253.69,-0.09,12,304428,卖盘
1645,10:48:15,253.78,0.13,23,583694,买盘
1646,10:48:09,253.65,--,1,25365,卖盘
1647,10:48:05,253.65,-0.04,1,25365,卖盘
1648,10:48:00,253.69,--,118,2993542,买盘
1649,10:47:54,253.69,--,1,25369,买盘
1650,10:47:50,253.69,--,7,177583,买盘
1651,10:47:45,253.69,--,0,0,买盘
1652,10:47:39,253.69,--,1,25369,买盘
1653,10:47:35,253.69,--,2,50738,卖盘
1654,10:47:30,253.69,-0.27,7,177583,卖盘
1655,10:47:20,253.96,--,3,76188,买盘
1656,10:47:15,253.96,--,6,152376,买盘
1657,10:47:05,253.96,-0.02,1,25396,中性盘
1658,10:47:00,253.98,--,6,152388,买盘
1659,10:46:54,253.98,0.02,5,126990,买盘
1660,10:46:50,253.96,--,1,25396,卖盘
1661,10:46:45,253.96,0.27,2,50792,卖盘
1662,10:46:38,253.69,0.07,6,152214,卖盘
1663,10:46:35,253.62,--,2,50724,卖盘
1664,10:46:30,253.62,--,4,101448,卖盘
1665,10:46:24,253.62,0.01,2,50724,中性盘
1666,10:46:20,253.61,-0.37,7,177527,卖盘
1667,10:46:15,253.98,0.37,2,50796,买盘
1668,10:46:09,253.61,--,1,27897,卖盘
1669,10:46:05,253.61,--,32,811552,买盘
1670,10:46:00,253.61,--,10,253610,买盘
1671,10:45:54,253.61,-0.39,9,228249,卖盘
1672,10:45:50,254.0,0.01,5,127000,买盘
1673,10:45:45,253.99,0.36,4,101596,买盘
1674,10:45:39,253.63,0.03,1,25363,中性盘
1675,10:45:35,253.6,-0.08,11,278960,卖盘
1676,10:45:29,253.68,0.06,1,25368,中性盘
1677,10:45:24,253.62,-0.38,3,76086,卖盘
1678,10:45:20,254.0,--,10,254000,买盘
1679,10:45:15,254.0,0.36,5,127000,买盘
1680,10:45:05,253.64,-0.04,3,76092,卖盘
1681,10:45:00,253.68,-0.32,1,25368,卖盘
1682,10:44:45,254.0,-0.1,2,50800,卖盘
1683,10:44:39,254.1,0.09,7,177870,买盘
1684,10:44:35,254.01,0.01,2,50802,卖盘
1685,10:44:30,254.0,--,0,0,卖盘
1686,10:44:24,254.0,--,3,76200,卖盘
1687,10:44:20,254.0,-0.18,2,50800,卖盘
1688,10:44:15,254.18,-0.12,1,25418,买盘
1689,10:44:09,254.3,--,2,50860,卖盘
1690,10:44:05,254.3,--,2,50860,卖盘
1691,10:44:00,254.3,--,2,50860,卖盘
1692,10:43:54,254.3,--,3,76290,卖盘
1693,10:43:50,254.3,-0.05,3,76290,卖盘
1694,10:43:45,254.35,--,1,25435,买盘
1695,10:43:39,254.35,--,1,25435,买盘
1696,10:43:30,254.35,-0.01,6,157188,卖盘
1697,10:43:24,254.36,--,12,305232,买盘
1698,10:43:18,254.36,0.01,1,25436,买盘
1699,10:43:15,254.35,-0.01,2,50870,卖盘
1700,10:43:09,254.36,-0.01,3,76308,买盘
1701,10:42:59,254.37,--,1,25437,卖盘
1702,10:42:54,254.37,0.02,1,25437,买盘
1703,10:42:48,254.35,-0.01,2,50870,卖盘
1704,10:42:44,254.36,0.01,4,101744,卖盘
1705,10:42:39,254.35,--,8,203480,卖盘
1706,10:42:32,254.35,--,1,25435,卖盘
1707,10:42:29,254.35,-0.01,1,25435,卖盘
1708,10:42:24,254.36,0.01,9,228924,买盘
1709,10:42:14,254.35,--,2,50870,卖盘
1710,10:42:09,254.35,--,13,330655,卖盘
1711,10:42:03,254.35,-0.02,6,157697,卖盘
1712,10:41:59,254.37,--,0,0,买盘
1713,10:41:54,254.37,0.02,19,483303,买盘
1714,10:41:48,254.35,--,2,50870,卖盘
1715,10:41:44,254.35,--,3,76305,卖盘
1716,10:41:39,254.35,-0.02,44,1119140,卖盘
1717,10:41:33,254.37,0.02,3,76311,买盘
1718,10:41:29,254.35,--,2,50870,卖盘
1719,10:41:24,254.35,-0.02,36,915660,卖盘
1720,10:41:18,254.37,0.02,2,71477,买盘
1721,10:41:14,254.35,-0.02,1,46037,卖盘
1722,10:41:09,254.37,0.02,3,76311,买盘
1723,10:41:03,254.35,--,3,76305,卖盘
1724,10:40:59,254.35,--,6,152610,卖盘
1725,10:40:54,254.35,--,11,279785,卖盘
1726,10:40:44,254.35,--,5,127175,卖盘
1727,10:40:38,254.35,-0.01,7,178045,卖盘
1728,10:40:32,254.36,--,1,30268,卖盘
1729,10:40:29,254.36,--,6,152616,卖盘
1730,10:40:24,254.36,--,3,76308,卖盘
1731,10:40:18,254.36,-0.02,5,127180,卖盘
1732,10:40:14,254.38,0.02,8,203504,买盘
1733,10:40:09,254.36,-0.01,35,910863,卖盘
1734,10:40:03,254.37,--,16,406992,卖盘
1735,10:39:59,254.37,-0.21,4,101748,卖盘
1736,10:39:54,254.58,-0.31,1,25458,中性盘
1737,10:39:48,254.89,0.39,2,50978,买盘
1738,10:39:44,254.5,--,5,127250,买盘
1739,10:39:39,254.5,--,0,0,买盘
1740,10:39:33,254.5,--,4,101800,买盘
1741,10:39:29,254.5,--,4,101800,买盘
1742,10:39:23,254.5,--,11,279950,买盘
1743,10:39:18,254.5,--,0,0,买盘
1744,10:39:14,254.5,--,8,203600,中性盘
1745,10:39:09,254.5,0.2,97,2469668,买盘
1746,10:39:02,254.3,0.08,1,25430,买盘
1747,10:38:59,254.22,--,2,50844,卖盘
1748,10:38:54,254.22,--,0,0,卖盘
1749,10:38:48,254.22,--,2,50844,卖盘
1750,10:38:44,254.22,0.02,5,127110,买盘
1751,10:38:39,254.2,--,14,355880,卖盘
1752,10:38:32,254.2,--,1,25420,卖盘
1753,10:38:29,254.2,0.1,6,155062,买盘
1754,10:38:24,254.1,--,3,76230,卖盘
1755,10:38:14,254.1,--,0,0,卖盘
1756,10:38:08,254.1,--,28,711480,买盘
1757,10:38:03,254.1,0.09,3,76230,买盘
1758,10:37:59,254.01,0.01,4,101604,卖盘
1759,10:37:53,254.0,--,1,25400,卖盘
1760,10:37:48,254.0,-0.1,2,50800,卖盘
1761,10:37:44,254.1,0.1,3,76230,买盘
1762,10:37:38,254.0,--,9,228600,卖盘
1763,10:37:33,254.0,--,3,76200,卖盘
1764,10:37:29,254.0,--,2,50800,卖盘
1765,10:37:23,254.0,0.15,32,827278,买盘
1766,10:37:18,253.85,0.19,2,50770,买盘
1767,10:37:14,253.66,-0.04,3,76098,卖盘
1768,10:37:09,253.7,-0.15,3,76110,卖盘
1769,10:36:54,253.85,-0.15,9,228465,卖盘
1770,10:36:48,254.0,--,16,417322,卖盘
1771,10:36:44,254.0,--,7,177800,卖盘
1772,10:36:38,254.0,-0.08,15,381000,卖盘
1773,10:36:33,254.08,0.08,4,101632,买盘
1774,10:36:29,254.0,-0.08,20,508000,卖盘
1775,10:36:23,254.08,-0.13,4,126785,卖盘
1776,10:36:14,254.21,0.13,3,96854,买盘
1777,10:36:09,254.08,-0.12,1,25408,卖盘
1778,10:36:02,254.2,--,8,208444,买盘
1779,10:35:57,254.2,--,5,127100,卖盘
1780,10:35:53,254.2,--,4,101680,卖盘
1781,10:35:42,254.2,-0.04,2,50840,卖盘
1782,10:35:38,254.24,0.04,3,76272,买盘
1783,10:35:32,254.2,--,2,50840,买盘
1784,10:35:27,254.2,--,1,25420,买盘
1785,10:35:23,254.2,--,5,127100,买盘
1786,10:35:17,254.2,--,1,25420,中性盘
1787,10:35:12,254.2,--,1,25420,卖盘
1788,10:35:08,254.2,0.12,48,1220160,买盘
1789,10:35:03,254.08,-0.12,2,50816,卖盘
1790,10:34:57,254.2,0.12,5,127100,买盘
1791,10:34:53,254.08,-0.12,3,76224,卖盘
1792,10:34:47,254.2,0.12,1,25420,买盘
1793,10:34:42,254.08,--,1,25408,卖盘
1794,10:34:38,254.08,--,8,203264,卖盘
1795,10:34:32,254.08,0.47,88,2250386,买盘
1796,10:34:27,253.61,-0.39,1,25361,卖盘
1797,10:34:23,254.0,0.01,41,1046480,买盘
1798,10:34:17,253.99,--,2,61719,卖盘
1799,10:34:11,253.99,--,29,736571,卖盘
1800,10:34:08,253.99,0.31,12,319265,买盘
1801,10:34:02,253.68,0.08,0,20548,买盘
1802,10:33:57,253.6,--,1,25360,中性盘
1803,10:33:53,253.6,--,5,126800,买盘
1804,10:33:48,253.6,--,3,76080,买盘
1805,10:33:42,253.6,--,3,76080,买盘
1806,10:33:38,253.6,--,11,278960,买盘
1807,10:33:32,253.6,--,61,1546960,卖盘
1808,10:33:23,253.6,--,2,50720,卖盘
1809,10:33:18,253.6,0.1,50,1268000,买盘
1810,10:33:11,253.5,-0.03,84,2129400,卖盘
1811,10:33:08,253.53,0.01,13,329589,买盘
1812,10:33:02,253.52,--,101,2560552,卖盘
1813,10:32:56,253.52,--,14,362533,买盘
1814,10:32:53,253.52,--,5,126760,买盘
1815,10:32:47,253.52,-0.01,2,50704,买盘
1816,10:32:41,253.53,-0.07,5,126765,卖盘
1817,10:32:38,253.6,-0.01,40,1014400,买盘
1818,10:32:33,253.61,0.09,13,329693,买盘
1819,10:32:27,253.52,-0.08,2,50704,卖盘
1820,10:32:23,253.6,-0.05,6,152160,中性盘
1821,10:32:17,253.65,0.04,21,532665,中性盘
1822,10:32:08,253.61,-0.05,2,61373,中性盘
1823,10:32:03,253.66,--,67,1699522,中性盘
1824,10:31:56,253.66,-0.02,2,50732,卖盘
1825,10:31:47,253.68,--,1,30187,卖盘
1826,10:31:41,253.68,-0.32,1,45916,卖盘
1827,10:31:38,254.0,0.32,3,76200,买盘
1828,10:31:32,253.68,-0.32,1,25368,卖盘
1829,10:31:26,254.0,--,11,279400,卖盘
1830,10:31:23,254.0,--,25,635000,卖盘
1831,10:31:17,254.0,--,37,939800,卖盘
1832,10:31:11,254.0,-0.02,79,2006600,卖盘
1833,10:31:08,254.02,0.06,56,1422512,买盘
1834,10:31:02,253.96,-0.1,81,2057076,卖盘
1835,10:30:56,254.06,0.05,7,177842,买盘
1836,10:30:53,254.01,-0.05,16,406416,卖盘
1837,10:30:47,254.06,-0.13,12,304872,卖盘
1838,10:30:41,254.19,-0.01,1,25419,买盘
1839,10:30:38,254.2,-0.02,313,7956460,卖盘
1840,10:30:32,254.22,-0.08,123,3126906,卖盘
1841,10:30:26,254.3,--,3,76290,买盘
1842,10:30:23,254.3,--,93,2376179,卖盘
1843,10:30:17,254.3,--,24,610320,卖盘
1844,10:30:11,254.3,--,66,1678380,卖盘
1845,10:30:07,254.3,-0.17,23,607777,卖盘
1846,10:30:02,254.47,0.17,43,1111016,买盘
1847,10:29:56,254.3,-0.02,15,381450,卖盘
1848,10:29:52,254.32,--,8,212102,卖盘
1849,10:29:47,254.32,--,0,0,卖盘
1850,10:29:37,254.32,-0.16,3,76296,卖盘
1851,10:29:32,254.48,--,5,127240,买盘
1852,10:29:26,254.48,-0.02,2,50896,卖盘
1853,10:29:22,254.5,-0.08,79,2012077,卖盘
1854,10:29:17,254.58,0.08,10,254580,买盘
1855,10:29:11,254.5,--,8,203600,卖盘
1856,10:29:07,254.5,--,1,25450,卖盘
1857,10:29:02,254.5,--,4,101800,卖盘
1858,10:28:56,254.5,--,3,76350,卖盘
1859,10:28:53,254.5,--,8,203600,卖盘
1860,10:28:47,254.5,--,4,101800,卖盘
1861,10:28:41,254.5,--,9,229050,卖盘
1862,10:28:35,254.5,--,2,50900,卖盘
1863,10:28:32,254.5,--,15,381750,卖盘
1864,10:28:26,254.5,--,2,50900,卖盘
1865,10:28:20,254.5,-0.22,305,7762250,卖盘
1866,10:28:17,254.72,0.14,5,127360,买盘
1867,10:28:11,254.58,-0.14,3,76374,卖盘
1868,10:28:05,254.72,--,0,0,买盘
1869,10:28:02,254.72,0.04,3,76416,买盘
1870,10:27:56,254.68,--,5,127340,中性盘
1871,10:27:50,254.68,-0.04,1,25468,卖盘
1872,10:27:32,254.72,-0.16,3,76416,卖盘
1873,10:27:26,254.88,0.08,32,815616,买盘
1874,10:27:20,254.8,--,4,101920,买盘
1875,10:27:11,254.8,-0.08,117,2986256,卖盘
1876,10:27:02,254.88,--,6,152928,买盘
1877,10:26:47,254.88,--,3,76464,买盘
1878,10:26:41,254.88,--,1,25488,买盘
1879,10:26:32,254.88,-0.11,1,25488,卖盘
1880,10:26:26,254.99,0.11,19,484481,买盘
1881,10:26:20,254.88,-0.12,3,76464,卖盘
1882,10:26:17,255.0,0.02,31,790500,买盘
1883,10:26:11,254.98,-0.02,2,50996,卖盘
1884,10:26:02,255.0,0.02,3,76500,买盘
1885,10:25:56,254.98,--,1,25498,卖盘
1886,10:25:47,254.98,--,10,254980,卖盘
1887,10:25:41,254.98,--,2,50996,卖盘
1888,10:25:32,254.98,-0.02,2,50996,中性盘
1889,10:25:26,255.0,0.2,53,1371900,买盘
1890,10:25:20,254.8,--,1,25480,卖盘
1891,10:25:17,254.8,--,6,152880,卖盘
1892,10:25:11,254.8,--,8,203840,卖盘
1893,10:25:05,254.8,--,4,101920,卖盘
1894,10:25:02,254.8,-0.2,3,76440,卖盘
1895,10:24:56,255.0,0.32,10,255000,买盘
1896,10:24:50,254.68,-0.32,1,25468,卖盘
1897,10:24:47,255.0,--,2,51000,买盘
1898,10:24:41,255.0,0.2,18,459000,买盘
1899,10:24:32,254.8,-0.2,12,305760,卖盘
1900,10:24:26,255.0,0.04,56,1428000,买盘
1901,10:24:20,254.96,0.16,2,50992,卖盘
1902,10:24:17,254.8,-0.17,4,101920,买盘
1903,10:24:11,254.97,0.01,40,1019880,买盘
1904,10:24:05,254.96,0.16,1,25496,买盘
1905,10:24:02,254.8,--,3,76440,买盘
1906,10:23:56,254.8,--,1,25480,中性盘
1907,10:23:50,254.8,--,5,127400,买盘
1908,10:23:47,254.8,-0.2,15,382200,卖盘
1909,10:23:41,255.0,--,1,25500,买盘
1910,10:23:35,255.0,0.03,4,102000,买盘
1911,10:23:31,254.97,-0.03,1,25497,卖盘
1912,10:23:26,255.0,0.2,25,637500,买盘
1913,10:23:20,254.8,--,1,25480,卖盘
1914,10:23:11,254.8,0.23,1,25480,中性盘
1915,10:23:05,254.57,--,1,25457,中性盘
1916,10:23:01,254.57,--,7,178199,中性盘
1917,10:22:56,254.57,--,2,50914,卖盘
1918,10:22:46,254.57,--,5,127285,中性盘
1919,10:22:41,254.57,--,4,105646,买盘
1920,10:22:35,254.57,--,12,305484,买盘
1921,10:22:31,254.57,--,15,381855,卖盘
1922,10:22:26,254.57,--,11,280027,卖盘
1923,10:22:20,254.57,--,3,76371,卖盘
1924,10:22:16,254.57,--,15,381855,买盘
1925,10:22:11,254.57,--,1,25457,买盘
1926,10:22:05,254.57,--,7,178199,买盘
1927,10:22:01,254.57,--,6,152742,卖盘
1928,10:21:56,254.57,--,7,178199,卖盘
1929,10:21:50,254.57,--,2,50914,卖盘
1930,10:21:46,254.57,-0.3,9,229113,卖盘
1931,10:21:41,254.87,--,0,0,买盘
1932,10:21:35,254.87,0.07,6,152922,买盘
1933,10:21:31,254.8,-0.07,11,280280,中性盘
1934,10:21:26,254.87,0.21,99,2523213,买盘
1935,10:21:20,254.66,-0.06,26,662116,卖盘
1936,10:21:14,254.72,0.21,3,81510,中性盘
1937,10:21:11,254.51,-0.15,161,4097611,卖盘
1938,10:21:05,254.66,--,3,76398,买盘
1939,10:20:59,254.66,0.11,1,25466,买盘
1940,10:20:56,254.55,--,7,183021,卖盘
1941,10:20:50,254.55,0.05,1,25455,中性盘
1942,10:20:44,254.5,--,1,25450,卖盘
1943,10:20:41,254.5,--,34,875480,卖盘
1944,10:20:35,254.5,0.03,9,229050,买盘
1945,10:20:29,254.47,--,10,254470,卖盘
1946,10:20:26,254.47,--,37,941539,卖盘
1947,10:20:20,254.47,--,17,432599,卖盘
1948,10:20:14,254.47,0.25,148,3782951,买盘
1949,10:20:11,254.22,-0.08,9,228798,卖盘
1950,10:20:05,254.3,--,6,152580,买盘
1951,10:19:59,254.3,--,0,0,中性盘
1952,10:19:56,254.3,-0.17,6,152580,卖盘
1953,10:19:50,254.47,--,0,0,买盘
1954,10:19:44,254.47,-0.01,3,76341,卖盘
1955,10:19:41,254.48,-0.02,7,178136,卖盘
1956,10:19:35,254.5,--,18,458100,卖盘
1957,10:19:26,254.5,-0.1,1,25450,卖盘
1958,10:19:20,254.6,-0.28,5,127300,卖盘
1959,10:19:14,254.88,0.08,1,25488,买盘
1960,10:19:11,254.8,-0.1,14,356720,卖盘
1961,10:19:05,254.9,-0.1,839,21386110,卖盘
1962,10:18:56,255.0,--,2,51000,卖盘
1963,10:18:50,255.0,-0.1,10,255000,卖盘
1964,10:18:41,255.1,0.1,1,25510,中性盘
1965,10:18:35,255.0,-0.21,110,2805000,卖盘
1966,10:18:29,255.21,--,3,76563,卖盘
1967,10:18:26,255.21,-0.11,26,663546,卖盘
1968,10:18:20,255.32,--,5,127660,卖盘
1969,10:18:14,255.32,-0.03,3,76596,卖盘
1970,10:18:11,255.35,-0.08,5,127675,卖盘
1971,10:18:05,255.43,-0.02,24,613032,买盘
1972,10:17:59,255.45,-0.15,16,408720,卖盘
1973,10:17:56,255.6,0.08,11,281160,买盘
1974,10:17:44,255.52,--,4,102208,卖盘
1975,10:17:41,255.52,-0.07,7,178864,卖盘
1976,10:17:35,255.59,-0.02,22,562298,卖盘
1977,10:17:29,255.61,0.01,1,25561,买盘
1978,10:17:25,255.6,--,74,1891440,卖盘
1979,10:17:20,255.6,-0.01,28,720792,卖盘
1980,10:17:14,255.61,-0.04,5,127805,卖盘
1981,10:17:10,255.65,--,15,383475,买盘
1982,10:17:05,255.65,--,8,204520,买盘
1983,10:16:59,255.65,0.04,22,562430,买盘
1984,10:16:55,255.61,-0.04,4,102244,卖盘
1985,10:16:50,255.65,0.03,1,25565,买盘
1986,10:16:35,255.62,-0.38,7,199383,卖盘
1987,10:16:25,256.0,0.35,7,179200,买盘
1988,10:16:20,255.65,0.02,2,51130,卖盘
1989,10:16:05,255.63,--,0,0,卖盘
1990,10:15:50,255.63,-0.02,4,102252,卖盘
1991,10:15:35,255.65,--,2,51130,卖盘
1992,10:15:25,255.65,0.03,1,25565,卖盘
1993,10:14:55,255.62,--,0,0,卖盘
1994,10:14:50,255.62,--,0,0,卖盘
1995,10:14:44,255.62,--,0,0,卖盘
1996,10:14:40,255.62,-0.01,2,51124,卖盘
1997,10:14:35,255.63,-0.37,2,51126,卖盘
1998,10:14:25,256.0,0.38,6,153600,买盘
1999,10:14:20,255.62,--,1,25562,卖盘
2000,10:14:14,255.62,--,5,127810,买盘
2001,10:14:08,255.62,--,5,127810,卖盘
2002,10:13:59,255.62,--,0,0,卖盘
2003,10:13:53,255.62,--,0,0,中性盘
2004,10:13:50,255.62,-0.47,2,51124,卖盘
2005,10:13:44,256.09,0.44,1,25608,买盘
2006,10:13:35,255.65,0.03,4,102260,中性盘
2007,10:13:29,255.62,--,0,0,卖盘
2008,10:13:20,255.62,0.02,3,76686,买盘
2009,10:13:14,255.6,-0.6,2,51120,卖盘
2010,10:13:08,256.2,0.58,4,102480,买盘
2011,10:13:05,255.62,--,3,76686,卖盘
2012,10:12:59,255.62,--,0,0,中性盘
2013,10:12:50,255.62,-0.63,3,76686,卖盘
2014,10:12:44,256.25,0.2,10,256250,买盘
2015,10:12:38,256.05,0.45,1,25605,中性盘
2016,10:12:35,255.6,-0.65,9,230040,卖盘
2017,10:12:29,256.25,0.2,1,25625,买盘
2018,10:12:20,256.05,0.45,2,51210,卖盘
2019,10:12:14,255.6,--,0,0,卖盘
2020,10:12:05,255.6,-0.45,1,25560,卖盘
2021,10:11:59,256.05,0.46,2,51210,买盘
2022,10:11:53,255.59,--,8,204472,卖盘
2023,10:11:44,255.59,-0.41,160,4089440,卖盘
2024,10:11:35,256.0,0.34,1,25600,买盘
2025,10:11:23,255.66,0.02,1,28122,买盘
2026,10:11:20,255.64,0.04,6,153384,买盘
2027,10:11:08,255.6,--,0,0,中性盘
2028,10:11:05,255.6,0.01,1,25560,买盘
2029,10:10:59,255.59,--,3,76677,卖盘
2030,10:10:53,255.59,0.07,25,638975,买盘
2031,10:10:50,255.52,-0.07,15,383280,卖盘
2032,10:10:44,255.59,0.03,2,51118,买盘
2033,10:10:38,255.56,--,1,25556,中性盘
2034,10:10:35,255.56,-0.03,6,153336,卖盘
2035,10:10:29,255.59,--,1,25559,买盘
2036,10:10:23,255.59,--,3,76677,买盘
2037,10:10:20,255.59,--,23,587857,买盘
2038,10:10:14,255.59,-0.04,10,255590,卖盘
2039,10:10:08,255.63,--,2,51126,买盘
2040,10:09:50,255.63,-0.01,5,127815,卖盘
2041,10:09:44,255.64,-0.02,9,253083,卖盘
2042,10:09:19,255.66,--,0,0,卖盘
2043,10:09:04,255.66,-0.02,46,1178592,卖盘
2044,10:08:59,255.68,--,11,281248,卖盘
2045,10:08:53,255.68,--,1,25568,卖盘
2046,10:08:49,255.68,--,3,76704,卖盘
2047,10:08:44,255.68,--,5,127840,卖盘
2048,10:08:34,255.68,-0.02,2,51136,卖盘
2049,10:08:29,255.7,-0.03,2,51140,卖盘
2050,10:08:23,255.73,-0.27,101,2585430,卖盘
2051,10:08:19,256.0,--,8,204800,卖盘
2052,10:08:04,256.0,--,1,28160,卖盘
2053,10:07:59,256.0,--,4,102400,卖盘
2054,10:07:53,256.0,--,12,307200,卖盘
2055,10:07:49,256.0,--,34,890880,买盘
2056,10:07:44,256.0,--,1,25600,买盘
2057,10:07:38,256.0,--,2,51200,买盘
2058,10:07:34,256.0,-0.05,50,1285120,卖盘
2059,10:07:29,256.05,0.05,40,1026760,买盘
2060,10:07:23,256.0,--,0,0,卖盘
2061,10:07:19,256.0,--,6,153600,卖盘
2062,10:07:14,256.0,--,5,128000,卖盘
2063,10:07:08,256.0,--,3,76800,卖盘
2064,10:07:04,256.0,--,21,537600,卖盘
2065,10:06:59,256.0,--,7,179200,卖盘
2066,10:06:53,256.0,--,14,358400,卖盘
2067,10:06:47,256.0,-0.16,11,281600,卖盘
2068,10:06:44,256.16,0.16,10,256160,买盘
2069,10:06:38,256.0,--,10,256000,卖盘
2070,10:06:32,256.0,-0.16,29,762880,卖盘
2071,10:06:23,256.16,--,0,0,买盘
2072,10:06:17,256.16,--,1,25616,买盘
2073,10:06:14,256.16,-0.14,3,76848,卖盘
2074,10:06:08,256.3,--,1,25630,买盘
2075,10:05:59,256.3,0.3,2,51260,买盘
2076,10:05:53,256.0,--,0,0,卖盘
2077,10:05:47,256.0,--,0,0,卖盘
2078,10:05:44,256.0,-0.3,15,384000,卖盘
2079,10:05:38,256.3,0.14,3,76890,买盘
2080,10:05:28,256.16,--,0,23054,买盘
2081,10:05:23,256.16,--,2,51232,买盘
2082,10:05:13,256.16,0.16,4,102464,买盘
2083,10:05:02,256.0,--,17,435200,买盘
2084,10:04:59,256.0,--,2,51200,买盘
2085,10:04:53,256.0,0.33,1,25600,买盘
2086,10:04:43,255.67,-0.33,11,281237,卖盘
2087,10:04:38,256.0,--,10,256000,买盘
2088,10:04:32,256.0,--,0,0,买盘
2089,10:04:28,256.0,--,1,25600,买盘
2090,10:04:17,256.0,0.34,1,25600,买盘
2091,10:04:14,255.66,--,2,51132,卖盘
2092,10:04:08,255.66,0.11,3,76698,买盘
2093,10:04:02,255.55,--,0,0,中性盘
2094,10:03:58,255.55,0.05,1,25555,买盘
2095,10:03:47,255.5,--,3,76650,买盘
2096,10:03:43,255.5,0.15,21,536550,买盘
2097,10:03:38,255.35,-0.15,12,306420,卖盘
2098,10:03:32,255.5,--,1,25550,买盘
2099,10:03:28,255.5,--,7,178850,买盘
2100,10:03:23,255.5,0.15,2,51100,买盘
2101,10:03:17,255.35,--,3,76605,中性盘
2102,10:03:13,255.35,0.15,10,255350,买盘
2103,10:03:08,255.2,--,3,76560,中性盘
2104,10:03:02,255.2,--,3,76560,买盘
2105,10:02:58,255.2,-0.14,2,51040,买盘
2106,10:02:53,255.34,--,7,178738,买盘
2107,10:02:47,255.34,0.14,1,25534,买盘
2108,10:02:43,255.2,-0.14,7,178640,卖盘
2109,10:02:38,255.34,--,21,536214,卖盘
2110,10:02:32,255.34,--,4,102136,卖盘
2111,10:02:28,255.34,-0.01,4,102136,卖盘
2112,10:02:23,255.35,-0.15,2,51070,中性盘
2113,10:02:17,255.5,--,3,76650,买盘
2114,10:02:13,255.5,-0.3,5,127750,卖盘
2115,10:02:08,255.8,0.14,3,76740,买盘
2116,10:02:02,255.66,-0.14,1,25566,卖盘
2117,10:01:58,255.8,0.14,3,76740,买盘
2118,10:01:53,255.66,-0.14,1,25566,卖盘
2119,10:01:47,255.8,-0.2,2,51160,卖盘
2120,10:01:43,256.0,--,40,1024000,卖盘
2121,10:01:38,256.0,--,12,307200,卖盘
2122,10:01:28,256.0,--,16,409600,卖盘
2123,10:01:23,256.0,--,5,128000,卖盘
2124,10:01:17,256.0,-0.01,1,25600,卖盘
2125,10:01:13,256.01,--,30,768030,卖盘
2126,10:01:08,256.01,--,18,460818,卖盘
2127,10:01:02,256.01,--,6,153606,卖盘
2128,10:00:58,256.01,--,11,281611,卖盘
2129,10:00:53,256.01,-0.02,19,486419,卖盘
2130,10:00:47,256.03,--,8,227866,卖盘
2131,10:00:43,256.03,--,11,281632,卖盘
2132,10:00:38,256.03,-0.28,2,51205,卖盘
2133,10:00:32,256.31,-0.11,25,640775,卖盘
2134,10:00:28,256.42,-0.08,5,128210,卖盘
2135,10:00:23,256.5,--,113,2898450,卖盘
2136,10:00:17,256.5,--,6,153900,卖盘
2137,10:00:13,256.5,--,7,179550,卖盘
2138,10:00:08,256.5,--,12,307800,卖盘
2139,10:00:02,256.5,--,0,0,卖盘
2140,09:59:58,256.5,-0.25,2,51300,卖盘
2141,09:59:53,256.75,0.08,9,231075,买盘
2142,09:59:47,256.67,-0.1,4,102668,卖盘
2143,09:59:38,256.77,--,5,128384,买盘
2144,09:59:32,256.77,--,2,51354,买盘
2145,09:59:26,256.77,-0.02,1,25677,卖盘
2146,09:59:23,256.79,0.02,1,25679,买盘
2147,09:59:17,256.77,-0.23,1,25677,卖盘
2148,09:59:11,257.0,--,5,128500,卖盘
2149,09:59:08,257.0,0.23,94,2415800,买盘
2150,09:59:02,256.77,-0.01,2,51354,卖盘
2151,09:58:56,256.78,-0.02,5,128389,卖盘
2152,09:58:52,256.8,--,3,77040,卖盘
2153,09:58:47,256.8,--,0,0,卖盘
2154,09:58:41,256.8,--,2,51360,卖盘
2155,09:58:37,256.8,0.02,3,77040,中性盘
2156,09:58:26,256.78,--,4,102711,卖盘
2157,09:58:22,256.78,-0.22,1,25677,卖盘
2158,09:58:17,257.0,0.22,3,77100,买盘
2159,09:58:07,256.78,-0.22,1,25677,卖盘
2160,09:58:02,257.0,-0.01,2,51400,卖盘
2161,09:57:56,257.01,0.01,2,51402,买盘
2162,09:57:52,257.0,-0.01,5,128500,买盘
2163,09:57:47,257.01,0.05,5,128505,买盘
2164,09:57:41,256.96,-0.05,4,102783,卖盘
2165,09:57:26,257.01,--,0,0,买盘
2166,09:57:22,257.01,0.01,2,51402,买盘
2167,09:57:17,257.0,--,1,25700,买盘
2168,09:57:11,257.0,--,1,25700,买盘
2169,09:57:07,257.0,--,0,0,中性盘
2170,09:57:02,257.0,--,2,51400,买盘
2171,09:56:56,257.0,-0.01,1,25700,卖盘
2172,09:56:52,257.01,0.01,4,102804,买盘
2173,09:56:47,257.0,--,2,51400,中性盘
2174,09:56:41,257.0,--,5,128500,买盘
2175,09:56:37,257.0,0.04,1,25700,买盘
2176,09:56:32,256.96,-0.04,2,51391,卖盘
2177,09:56:26,257.0,--,3,77100,卖盘
2178,09:56:22,257.0,--,5,128500,买盘
2179,09:56:17,257.0,--,0,0,买盘
2180,09:55:52,257.0,--,0,0,中性盘
2181,09:55:47,257.0,--,3,77100,买盘
2182,09:55:37,257.0,0.39,11,282700,买盘
2183,09:55:32,256.61,-0.11,2,51322,卖盘
2184,09:55:26,256.72,--,2,51344,买盘
2185,09:55:22,256.72,--,2,51344,买盘
2186,09:55:17,256.72,--,2,51344,买盘
2187,09:55:11,256.72,0.11,7,179704,买盘
2188,09:55:07,256.61,-0.4,8,205288,卖盘
2189,09:55:02,257.01,--,18,462618,卖盘
2190,09:54:56,257.01,0.01,3,77103,中性盘
2191,09:54:52,257.0,--,14,359800,卖盘
2192,09:54:47,257.0,-0.01,12,308400,卖盘
2193,09:54:41,257.01,--,1,25701,买盘
2194,09:54:37,257.01,-0.12,12,308412,卖盘
2195,09:54:32,257.13,--,4,102852,卖盘
2196,09:54:26,257.13,-0.25,1,25713,买盘
2197,09:54:22,257.38,--,0,0,中性盘
2198,09:54:17,257.38,0.25,31,797878,买盘
2199,09:54:11,257.13,-0.01,1,25713,卖盘
2200,09:54:07,257.14,-0.24,5,128570,卖盘
2201,09:54:01,257.38,--,15,386070,卖盘
2202,09:53:52,257.38,0.08,6,154428,买盘
2203,09:53:47,257.3,-0.1,15,385950,中性盘
2204,09:53:41,257.4,0.03,8,205919,买盘
2205,09:53:37,257.37,--,15,386055,买盘
2206,09:53:32,257.37,-0.01,8,205896,卖盘
2207,09:53:26,257.38,--,7,180166,卖盘
2208,09:53:22,257.38,0.28,10,257380,卖盘
2209,09:53:17,257.1,-0.28,5,128550,卖盘
2210,09:53:07,257.38,0.26,6,154428,买盘
2211,09:52:56,257.12,--,0,0,中性盘
2212,09:52:52,257.12,0.39,4,102848,买盘
2213,09:52:47,256.73,--,1,25673,中性盘
2214,09:52:41,256.73,-0.27,8,205384,卖盘
2215,09:52:37,257.0,--,4,102800,卖盘
2216,09:52:32,257.0,--,15,385500,买盘
2217,09:52:26,257.0,-0.44,2,64507,卖盘
2218,09:52:20,257.44,--,1,25744,买盘
2219,09:52:17,257.44,-0.04,3,77232,买盘
2220,09:52:11,257.48,0.04,4,102992,买盘
2221,09:52:05,257.44,-0.04,3,77232,买盘
2222,09:52:02,257.48,0.04,15,386220,买盘
2223,09:51:56,257.44,-0.04,40,1029760,卖盘
2224,09:51:50,257.48,0.04,3,77244,买盘
2225,09:51:47,257.44,-0.04,8,205952,卖盘
2226,09:51:41,257.48,0.88,209,5393948,买盘
2227,09:51:35,256.6,-0.37,5,128300,卖盘
2228,09:51:31,256.97,-0.47,2,51394,买盘
2229,09:51:26,257.44,--,0,0,买盘
2230,09:51:20,257.44,--,0,0,卖盘
2231,09:51:16,257.44,0.74,103,2666820,买盘
2232,09:51:11,256.7,-0.05,1,25670,卖盘
2233,09:51:05,256.75,--,0,0,中性盘
2234,09:51:01,256.75,--,2,51350,卖盘
2235,09:50:56,256.75,0.19,21,539175,中性盘
2236,09:50:50,256.56,--,0,0,中性盘
2237,09:50:46,256.56,-0.19,19,487464,卖盘
2238,09:50:41,256.75,0.44,7,179725,买盘
2239,09:50:31,256.31,-0.44,6,153786,卖盘
2240,09:50:26,256.75,0.42,30,770250,买盘
2241,09:50:20,256.33,-0.14,6,153798,卖盘
2242,09:50:16,256.47,-0.11,61,1564467,买盘
2243,09:50:11,256.58,-0.17,11,282238,卖盘
2244,09:50:05,256.75,-0.25,2,51350,买盘
2245,09:50:01,257.0,0.57,55,1413500,买盘
2246,09:49:56,256.43,-0.07,2,51286,买盘
2247,09:49:46,256.5,--,1,25650,买盘
2248,09:49:41,256.5,0.07,2,51300,买盘
2249,09:49:35,256.43,--,0,0,中性盘
2250,09:49:31,256.43,--,8,205144,卖盘
2251,09:49:26,256.43,0.13,2,51286,买盘
2252,09:49:16,256.3,--,1,25630,卖盘
2253,09:49:10,256.3,--,17,435710,卖盘
2254,09:49:05,256.3,--,5,128150,卖盘
2255,09:49:01,256.3,0.1,57,1463473,买盘
2256,09:48:56,256.2,--,2,51240,卖盘
2257,09:48:50,256.2,0.17,1,25620,买盘
2258,09:48:46,256.03,0.02,3,79369,卖盘
2259,09:48:40,256.01,-0.29,3,76803,卖盘
2260,09:48:35,256.3,0.29,15,384450,买盘
2261,09:48:31,256.01,--,10,256010,卖盘
2262,09:48:26,256.01,-0.29,1,25601,卖盘
2263,09:48:20,256.3,0.29,33,845790,买盘
2264,09:48:16,256.01,--,3,76803,卖盘
2265,09:48:11,256.01,--,2,51202,卖盘
2266,09:48:05,256.01,--,0,0,卖盘
2267,09:48:01,256.01,0.01,3,76803,买盘
2268,09:47:50,256.0,--,0,0,卖盘
2269,09:47:46,256.0,--,2,51200,卖盘
2270,09:47:41,256.0,-0.01,22,563200,卖盘
2271,09:47:31,256.01,--,4,102404,卖盘
2272,09:47:26,256.01,-0.09,1,25601,卖盘
2273,09:47:20,256.1,0.09,1,25610,买盘
2274,09:47:16,256.01,-0.1,4,102404,卖盘
2275,09:47:11,256.11,--,1,25611,买盘
2276,09:47:01,256.11,-0.09,1,25611,卖盘
2277,09:46:55,256.2,--,7,179340,卖盘
2278,09:46:46,256.2,0.2,5,128100,卖盘
2279,09:46:35,256.0,-0.11,56,1433600,卖盘
2280,09:46:31,256.11,0.01,12,329101,买盘
2281,09:46:20,256.1,0.1,1,25610,中性盘
2282,09:46:16,256.0,-0.3,87,2227200,卖盘
2283,09:46:05,256.3,0.29,2,51260,买盘
2284,09:46:00,256.01,--,0,0,卖盘
2285,09:45:56,256.01,-0.48,7,179207,中性盘
2286,09:45:50,256.49,0.49,22,564278,买盘
2287,09:45:46,256.0,-0.49,9,230400,卖盘
2288,09:45:41,256.49,0.49,6,153894,买盘
2289,09:45:35,256.0,-0.02,2,51200,卖盘
2290,09:45:31,256.02,-0.47,15,384030,卖盘
2291,09:45:25,256.49,0.39,2,51298,买盘
2292,09:45:20,256.1,--,3,76830,卖盘
2293,09:45:14,256.1,0.1,2,51220,卖盘
2294,09:45:11,256.0,--,0,0,卖盘
2295,09:44:55,256.0,-0.01,1,25600,卖盘
2296,09:44:50,256.01,0.01,50,1280050,中性盘
2297,09:44:44,256.0,--,1,25600,卖盘
2298,09:44:41,256.0,-0.4,1,25600,卖盘
2299,09:44:35,256.4,0.4,5,128199,买盘
2300,09:44:29,256.0,0.37,85,2186240,买盘
2301,09:44:25,255.63,-0.02,12,327206,卖盘
2302,09:44:20,255.65,0.01,0,5113,卖盘
2303,09:44:14,255.64,0.01,3,76692,买盘
2304,09:44:10,255.63,-0.01,6,153378,卖盘
2305,09:44:05,255.64,0.01,11,281204,买盘
2306,09:43:55,255.63,-0.27,13,332319,卖盘
2307,09:43:50,255.9,0.02,3,76770,买盘
2308,09:43:44,255.88,0.25,1,25588,中性盘
2309,09:43:40,255.63,-0.25,54,1380402,卖盘
2310,09:43:29,255.88,-0.02,2,51176,卖盘
2311,09:43:25,255.9,-0.08,9,230310,买盘
2312,09:43:20,255.98,--,2,51196,买盘
2313,09:43:14,255.98,-0.02,2,51196,买盘
2314,09:43:10,256.0,0.02,6,153600,买盘
2315,09:43:04,255.98,0.09,5,127990,买盘
2316,09:42:59,255.89,-0.09,4,102356,卖盘
2317,09:42:55,255.98,-0.51,2,51196,卖盘
2318,09:42:50,256.49,0.6,4,102596,中性盘
2319,09:42:40,255.89,0.01,7,179123,买盘
2320,09:42:29,255.88,-0.62,2,51176,卖盘
2321,09:42:25,256.5,--,1,25650,买盘
2322,09:42:20,256.5,-0.12,15,397831,卖盘
2323,09:42:14,256.62,0.12,3,76986,买盘
2324,09:42:10,256.5,--,41,1051650,卖盘
2325,09:42:04,256.5,0.53,48,1243768,买盘
2326,09:41:59,255.97,0.09,102,2610894,买盘
2327,09:41:49,255.88,-0.01,11,281468,中性盘
2328,09:41:44,255.89,0.58,2,51178,买盘
2329,09:41:40,255.31,0.04,5,127655,卖盘
2330,09:41:35,255.27,-0.7,2,51054,卖盘
2331,09:41:25,255.97,0.66,12,307164,买盘
2332,09:41:19,255.31,0.31,6,153186,卖盘
2333,09:41:14,255.0,--,0,0,卖盘
2334,09:41:10,255.0,-0.1,110,2805000,卖盘
2335,09:41:04,255.1,-0.35,117,2984670,卖盘
2336,09:40:59,255.45,0.15,1,25545,买盘
2337,09:40:55,255.3,--,10,255300,买盘
2338,09:40:49,255.3,-0.28,15,382950,卖盘
2339,09:40:44,255.58,0.26,3,76674,买盘
2340,09:40:40,255.32,0.02,1,25532,中性盘
2341,09:40:34,255.3,--,12,306360,卖盘
2342,09:40:29,255.3,--,1,25530,卖盘
2343,09:40:25,255.3,0.05,7,178710,买盘
2344,09:40:19,255.25,-0.05,7,178675,卖盘
2345,09:40:14,255.3,0.05,16,408480,买盘
2346,09:40:10,255.25,0.15,22,561550,买盘
2347,09:40:04,255.1,-0.13,11,280610,卖盘
2348,09:39:59,255.23,-0.02,6,153138,卖盘
2349,09:39:55,255.25,0.15,16,408400,买盘
2350,09:39:49,255.1,-0.4,74,1887740,卖盘
2351,09:39:44,255.5,0.27,4,102200,中性盘
2352,09:39:40,255.23,--,7,178661,卖盘
2353,09:39:34,255.23,-0.05,3,76569,卖盘
2354,09:39:29,255.28,-0.01,7,178696,卖盘
2355,09:39:24,255.29,-0.51,1,25529,卖盘
2356,09:39:19,255.8,0.32,11,281380,买盘
2357,09:39:14,255.48,-0.22,4,102192,卖盘
2358,09:39:09,255.7,0.09,2,51140,中性盘
2359,09:39:04,255.61,--,14,357854,中性盘
2360,09:38:59,255.61,-0.29,1,25561,卖盘
2361,09:38:54,255.9,0.1,4,102360,买盘
2362,09:38:49,255.8,-0.2,61,1560380,卖盘
2363,09:38:44,256.0,--,4,102400,买盘
2364,09:38:39,256.0,--,1,25600,买盘
2365,09:38:34,256.0,--,284,7270400,卖盘
2366,09:38:29,256.0,--,6,153600,卖盘
2367,09:38:25,256.0,-0.48,20,512000,卖盘
2368,09:38:19,256.48,0.45,31,808168,中性盘
2369,09:38:14,256.03,0.02,11,281632,中性盘
2370,09:38:09,256.01,--,11,281611,卖盘
2371,09:38:04,256.01,--,2,51202,卖盘
2372,09:37:59,256.01,-0.04,10,268554,卖盘
2373,09:37:53,256.05,--,6,153630,买盘
2374,09:37:49,256.05,--,3,76815,中性盘
2375,09:37:44,256.05,-0.25,61,1561905,卖盘
2376,09:37:38,256.3,0.25,3,76890,买盘
2377,09:37:34,256.05,--,4,102420,卖盘
2378,09:37:29,256.05,-0.45,54,1382670,卖盘
2379,09:37:23,256.5,0.2,1,25650,中性盘
2380,09:37:19,256.3,--,6,153780,卖盘
2381,09:37:14,256.3,--,4,102520,卖盘
2382,09:37:08,256.3,--,1,25630,卖盘
2383,09:37:04,256.3,-0.6,66,1691580,卖盘
2384,09:36:58,256.9,0.6,20,513799,买盘
2385,09:36:53,256.3,--,2,51260,卖盘
2386,09:36:49,256.3,-0.3,57,1460910,卖盘
2387,09:36:43,256.6,--,59,1519072,买盘
2388,09:36:34,256.6,0.1,21,538860,买盘
2389,09:36:28,256.5,-0.09,9,230850,卖盘
2390,09:36:23,256.59,0.07,2,51317,买盘
2391,09:36:19,256.52,0.01,10,256519,买盘
2392,09:36:13,256.51,-0.43,6,153906,卖盘
2393,09:36:08,256.94,0.34,4,113310,买盘
2394,09:36:04,256.6,-0.1,24,630979,卖盘
2395,09:35:58,256.7,--,9,231030,买盘
2396,09:35:53,256.7,--,1,25670,买盘
2397,09:35:49,256.7,--,4,102680,买盘
2398,09:35:43,256.7,--,7,179690,买盘
2399,09:35:38,256.7,-0.25,74,1910104,卖盘
2400,09:35:34,256.95,0.17,9,231255,买盘
2401,09:35:23,256.78,-0.04,5,128389,卖盘
2402,09:35:19,256.82,-0.06,11,282502,卖盘
2403,09:35:13,256.88,-0.01,22,580291,中性盘
2404,09:35:08,256.89,0.01,2,51378,中性盘
2405,09:35:04,256.88,0.08,18,462384,买盘
2406,09:34:58,256.8,-0.08,17,443493,卖盘
2407,09:34:53,256.88,--,8,205504,卖盘
2408,09:34:49,256.88,0.06,38,976144,买盘
2409,09:34:43,256.82,--,15,403977,买盘
2410,09:34:38,256.82,0.01,5,128410,买盘
2411,09:34:34,256.81,-0.07,2,51362,卖盘
2412,09:34:28,256.88,-0.01,6,154128,买盘
2413,09:34:23,256.89,0.02,18,462402,买盘
2414,09:34:19,256.87,-0.02,10,256870,卖盘
2415,09:34:13,256.89,--,7,179823,买盘
2416,09:34:08,256.89,--,5,128445,买盘
2417,09:34:04,256.89,0.02,34,884729,买盘
2418,09:33:58,256.87,0.07,9,245567,买盘
2419,09:33:53,256.8,-0.07,3,77040,中性盘
2420,09:33:49,256.87,0.07,31,796297,买盘
2421,09:33:43,256.8,-0.07,14,359520,卖盘
2422,09:33:38,256.87,--,17,436679,买盘
2423,09:33:34,256.87,0.07,9,231183,买盘
2424,09:33:28,256.8,0.05,1,25680,卖盘
2425,09:33:23,256.75,--,0,0,卖盘
2426,09:33:19,256.75,--,5,128375,卖盘
2427,09:33:13,256.75,--,10,256750,中性盘
2428,09:33:08,256.75,--,12,308100,买盘
2429,09:33:04,256.75,--,15,385125,买盘
2430,09:32:58,256.75,0.27,6,154050,买盘
2431,09:32:53,256.48,--,5,128240,买盘
2432,09:32:49,256.48,0.08,6,153888,买盘
2433,09:32:43,256.4,-0.01,49,1256360,卖盘
2434,09:32:38,256.41,-0.34,9,243589,中性盘
2435,09:32:33,256.75,0.35,5,128375,买盘
2436,09:32:28,256.4,-0.08,125,3204999,卖盘
2437,09:32:18,256.48,0.08,8,221085,中性盘
2438,09:32:13,256.4,0.22,106,2717839,买盘
2439,09:32:08,256.18,-0.13,6,153708,卖盘
2440,09:32:03,256.31,0.01,25,640775,买盘
2441,09:31:58,256.3,0.1,12,307560,买盘
2442,09:31:53,256.2,-0.11,3,76860,卖盘
2443,09:31:48,256.31,0.01,9,230679,买盘
2444,09:31:43,256.3,0.1,8,205040,买盘
2445,09:31:38,256.2,-0.29,10,256200,卖盘
2446,09:31:33,256.49,0.19,15,384735,买盘
2447,09:31:28,256.3,-0.01,3,76890,卖盘
2448,09:31:23,256.31,-0.18,1,25631,中性盘
2449,09:31:18,256.49,0.19,2,51298,中性盘
2450,09:31:13,256.3,--,2,51260,卖盘
2451,09:31:08,256.3,--,15,384450,中性盘
2452,09:31:03,256.3,--,8,205040,买盘
2453,09:30:58,256.3,-0.2,2,51260,卖盘
2454,09:30:53,256.5,--,21,538650,买盘
2455,09:30:47,256.5,--,10,256500,买盘
2456,09:30:43,256.5,-0.36,10,256500,卖盘
2457,09:30:37,256.86,0.36,4,102744,买盘
2458,09:30:32,256.5,0.28,1,25650,卖盘
2459,09:30:28,256.22,-0.28,3,76866,卖盘
2460,09:30:22,256.5,--,12,307800,买盘
2461,09:30:17,256.5,0.28,5,128250,买盘
2462,09:30:13,256.22,0.03,2,51244,中性盘
2463,09:30:07,256.19,-0.31,143,3663517,卖盘
2464,09:30:02,256.5,-0.39,2,51300,卖盘
2465,09:28:44,256.89,--,0,0,买盘
2466,09:25:01,256.89,256.89,231,5934159,买盘
