,time,price,change,volume,amount,type
0,15:00:00,5.53,--,0,0,买盘
1,15:00:00,5.53,--,92,50876,买盘
2,14:59:58,5.53,--,139,76867,买盘
3,14:59:53,5.53,--,383,211799,买盘
4,14:59:47,5.53,--,208,115024,买盘
5,14:59:43,5.53,0.01,74,40922,买盘
6,14:59:38,5.52,-0.01,468,258335,卖盘
7,14:59:32,5.53,--,302,167006,买盘
8,14:59:28,5.53,0.01,57,31521,买盘
9,14:59:23,5.52,-0.01,764,421727,卖盘
10,14:59:17,5.53,0.01,966,534198,买盘
11,14:59:13,5.52,--,639,352728,卖盘
12,14:59:08,5.52,--,387,213623,卖盘
13,14:59:02,5.52,-0.01,125,69000,卖盘
14,14:58:58,5.53,0.01,416,230048,买盘
15,14:58:53,5.52,-0.01,836,461471,卖盘
16,14:58:47,5.53,--,457,252721,买盘
17,14:58:43,5.53,--,58,32074,买盘
18,14:58:38,5.53,0.01,913,504889,买盘
19,14:58:32,5.52,--,305,168360,卖盘
20,14:58:28,5.52,--,71,39192,卖盘
21,14:58:23,5.52,-0.01,108,59615,卖盘
22,14:58:17,5.53,--,61,33733,买盘
23,14:58:13,5.53,0.01,28,15484,买盘
24,14:58:08,5.52,--,912,503423,卖盘
25,14:58:02,5.52,--,375,206999,卖盘
26,14:57:58,5.52,-0.01,170,93840,卖盘
27,14:57:53,5.53,0.01,821,454013,买盘
28,14:57:47,5.52,-0.01,300,165600,卖盘
29,14:57:43,5.53,--,62,34286,买盘
30,14:57:38,5.53,--,1117,617701,买盘
31,14:57:32,5.53,0.01,901,498253,买盘
32,14:57:28,5.52,--,291,160632,卖盘
33,14:57:23,5.52,--,106,58859,卖盘
34,14:57:17,5.52,-0.01,2041,1126632,卖盘
35,14:57:13,5.53,0.01,1060,586180,买盘
36,14:57:08,5.52,--,1193,658536,卖盘
37,14:57:02,5.52,-0.01,416,229631,卖盘
38,14:56:58,5.53,--,42,23226,买盘
39,14:56:53,5.53,0.01,1051,581203,买盘
40,14:56:47,5.52,-0.01,7121,3930791,卖盘
41,14:56:43,5.53,--,112,61936,买盘
42,14:56:38,5.53,0.01,210,116130,买盘
43,14:56:32,5.52,-0.01,280,154560,卖盘
44,14:56:28,5.53,--,68,37604,买盘
45,14:56:23,5.53,0.01,101,55853,买盘
46,14:56:17,5.52,-0.01,385,212519,卖盘
47,14:56:13,5.53,0.01,275,152075,买盘
48,14:56:08,5.52,--,314,173328,卖盘
49,14:56:02,5.52,--,2571,1419192,卖盘
50,14:55:58,5.52,-0.01,52,28703,卖盘
51,14:55:53,5.53,--,440,243320,买盘
52,14:55:47,5.53,--,850,470050,买盘
53,14:55:43,5.53,--,126,69678,买盘
54,14:55:37,5.53,0.01,1691,935123,买盘
55,14:55:32,5.52,--,228,125855,卖盘
56,14:55:28,5.52,-0.01,4872,2689344,卖盘
57,14:55:22,5.53,--,1048,579544,买盘
58,14:55:17,5.53,0.01,626,346178,买盘
59,14:55:13,5.52,-0.01,12,6623,卖盘
60,14:55:08,5.53,0.01,43,23779,买盘
61,14:55:02,5.52,-0.01,181,99911,卖盘
62,14:54:56,5.53,0.01,138,76314,买盘
63,14:54:52,5.52,--,1998,1102896,卖盘
64,14:54:47,5.52,-0.01,979,540408,卖盘
65,14:54:41,5.53,--,615,340095,买盘
66,14:54:37,5.53,0.01,76,42028,买盘
67,14:54:32,5.52,-0.01,520,287040,卖盘
68,14:54:26,5.53,0.01,424,234472,买盘
69,14:54:22,5.52,--,146,80592,卖盘
70,14:54:17,5.52,-0.01,1453,802221,卖盘
71,14:54:11,5.53,0.01,1026,567378,买盘
72,14:54:07,5.52,--,232,128063,卖盘
73,14:54:02,5.52,-0.01,1194,659088,卖盘
74,14:53:56,5.53,--,5095,2817535,买盘
75,14:53:52,5.53,0.01,468,258804,买盘
76,14:53:47,5.52,--,519,286488,卖盘
77,14:53:41,5.52,-0.01,1303,719256,卖盘
78,14:53:37,5.53,0.01,248,137144,买盘
79,14:53:32,5.52,--,389,214727,卖盘
80,14:53:26,5.52,--,399,220247,卖盘
81,14:53:22,5.52,-0.01,170,93840,卖盘
82,14:53:17,5.53,0.01,257,142121,买盘
83,14:53:11,5.52,--,816,450431,卖盘
84,14:53:07,5.52,--,232,128063,卖盘
85,14:53:02,5.52,-0.01,636,351072,卖盘
86,14:52:56,5.53,0.01,89,49217,买盘
87,14:52:52,5.52,-0.01,19,10488,卖盘
88,14:52:47,5.53,0.01,847,468391,买盘
89,14:52:41,5.52,-0.01,4261,2352072,卖盘
90,14:52:37,5.53,--,430,237790,买盘
91,14:52:32,5.53,--,680,376040,买盘
92,14:52:26,5.53,0.01,207,114471,买盘
93,14:52:22,5.52,-0.01,11,6071,卖盘
94,14:52:17,5.53,--,158,87374,买盘
95,14:52:11,5.53,0.01,167,92351,买盘
96,14:52:07,5.52,--,3240,1788479,卖盘
97,14:52:02,5.52,-0.01,1177,649704,卖盘
98,14:51:56,5.53,0.01,74,40922,买盘
99,14:51:52,5.52,--,102,56303,卖盘
100,14:51:47,5.52,--,1055,582360,卖盘
101,14:51:41,5.52,-0.01,92,50789,卖盘
102,14:51:37,5.53,0.01,52,28756,买盘
103,14:51:32,5.52,-0.01,359,198167,卖盘
104,14:51:26,5.53,0.01,1276,705628,买盘
105,14:51:22,5.52,-0.01,121,66792,卖盘
106,14:51:17,5.53,--,209,115577,买盘
107,14:51:11,5.53,--,416,230048,买盘
108,14:51:07,5.53,0.01,76,42028,买盘
109,14:51:02,5.52,--,872,481343,卖盘
110,14:50:56,5.52,-0.01,663,365976,卖盘
111,14:50:52,5.53,--,872,482216,买盘
112,14:50:47,5.53,--,1029,569424,买盘
113,14:50:41,5.53,--,866,478898,买盘
114,14:50:37,5.53,--,137,75761,买盘
115,14:50:32,5.53,--,4599,2543247,买盘
116,14:50:26,5.53,--,628,347284,买盘
117,14:50:22,5.53,--,794,439082,买盘
118,14:50:17,5.53,--,191,105623,买盘
119,14:50:11,5.53,--,1364,754292,买盘
120,14:50:07,5.53,--,62,34286,买盘
121,14:50:02,5.53,--,229,126637,买盘
122,14:49:56,5.53,--,3232,1787478,卖盘
123,14:49:52,5.53,--,261,144333,卖盘
124,14:49:47,5.53,-0.01,661,365533,卖盘
125,14:49:41,5.54,0.01,28,15512,买盘
126,14:49:37,5.53,-0.01,695,384335,卖盘
127,14:49:32,5.54,0.01,5593,3098522,买盘
128,14:49:26,5.53,-0.01,94,51982,卖盘
129,14:49:16,5.54,0.01,18,9972,买盘
130,14:49:11,5.53,--,1570,868210,卖盘
131,14:49:07,5.53,-0.01,864,477792,卖盘
132,14:49:01,5.54,--,187,103598,买盘
133,14:48:56,5.54,0.01,1738,962852,买盘
134,14:48:52,5.53,--,213,117789,卖盘
135,14:48:47,5.53,--,13,7189,卖盘
136,14:48:41,5.53,--,299,165347,卖盘
137,14:48:36,5.53,--,41,22673,卖盘
138,14:48:31,5.53,-0.01,1350,746550,卖盘
139,14:48:26,5.54,--,208,115232,买盘
140,14:48:21,5.54,--,25,13850,买盘
141,14:48:16,5.54,0.01,306,169524,买盘
142,14:48:11,5.53,-0.01,822,454566,卖盘
143,14:48:07,5.54,--,3868,2142872,买盘
144,14:48:01,5.54,--,71,39334,买盘
145,14:47:56,5.54,0.01,811,449294,买盘
146,14:47:51,5.53,--,27,14931,卖盘
147,14:47:46,5.53,--,3489,1929522,卖盘
148,14:47:41,5.53,--,53,29309,卖盘
149,14:47:35,5.53,-0.01,196,108388,卖盘
150,14:47:31,5.54,--,130,72020,买盘
151,14:47:25,5.54,0.01,1399,775046,买盘
152,14:47:20,5.53,--,257,142121,卖盘
153,14:47:16,5.53,-0.01,1428,789684,卖盘
154,14:47:10,5.54,--,1271,704134,买盘
155,14:47:05,5.54,--,670,371180,买盘
156,14:47:01,5.54,--,2057,1139578,买盘
157,14:46:55,5.54,0.01,110,60940,买盘
158,14:46:50,5.53,--,143,79079,卖盘
159,14:46:46,5.53,-0.01,3807,2105271,卖盘
160,14:46:40,5.54,--,803,444862,买盘
161,14:46:35,5.54,--,1612,893048,买盘
162,14:46:31,5.54,--,367,203318,买盘
163,14:46:25,5.54,0.01,2031,1125174,买盘
164,14:46:20,5.53,-0.01,1186,655858,卖盘
165,14:46:16,5.54,--,82,45428,买盘
166,14:46:10,5.54,--,352,195008,买盘
167,14:46:05,5.54,--,1586,878732,卖盘
168,14:46:01,5.54,--,1125,623250,卖盘
169,14:45:55,5.54,--,40,22160,卖盘
170,14:45:50,5.54,--,419,232126,卖盘
171,14:45:46,5.54,--,14,7756,卖盘
172,14:45:40,5.54,--,176,97504,卖盘
173,14:45:35,5.54,--,452,250408,卖盘
174,14:45:31,5.54,--,331,183839,买盘
175,14:45:25,5.54,--,574,317996,买盘
176,14:45:20,5.54,0.01,123,68142,买盘
177,14:45:16,5.53,-0.01,182,100734,卖盘
178,14:45:10,5.54,--,185,102490,卖盘
179,14:45:05,5.54,--,480,266385,买盘
180,14:45:01,5.54,--,219,121414,卖盘
181,14:44:55,5.54,--,1112,616513,买盘
182,14:44:50,5.54,0.01,1038,575052,买盘
183,14:44:46,5.53,-0.01,238,131614,卖盘
184,14:44:40,5.54,--,1177,652058,买盘
185,14:44:35,5.54,--,890,493060,买盘
186,14:44:31,5.54,--,453,250962,买盘
187,14:44:25,5.54,--,332,183928,买盘
188,14:44:20,5.54,--,931,515774,买盘
189,14:44:16,5.54,0.01,356,197224,买盘
190,14:44:10,5.53,-0.01,358,198184,卖盘
191,14:44:05,5.54,--,2032,1125833,买盘
192,14:44:01,5.54,--,365,202210,买盘
193,14:43:55,5.54,--,359,198886,买盘
194,14:43:50,5.54,--,828,458712,买盘
195,14:43:46,5.54,0.01,238,131852,买盘
196,14:43:40,5.53,-0.01,729,403137,卖盘
197,14:43:35,5.54,--,1009,558986,买盘
198,14:43:31,5.54,--,158,87532,买盘
199,14:43:25,5.54,--,1891,1047614,买盘
200,14:43:20,5.54,--,168,93072,买盘
201,14:43:16,5.54,--,188,104152,买盘
202,14:43:10,5.54,--,501,277554,买盘
203,14:43:05,5.54,--,158,87532,买盘
204,14:43:01,5.54,--,75,41550,买盘
205,14:42:55,5.54,0.01,122,67588,买盘
206,14:42:50,5.53,-0.01,632,350043,卖盘
207,14:42:46,5.54,--,1345,745130,买盘
208,14:42:40,5.54,0.01,223,123542,买盘
209,14:42:35,5.53,-0.01,291,161431,卖盘
210,14:42:31,5.54,--,20,11080,买盘
211,14:42:25,5.54,--,408,226032,买盘
212,14:42:20,5.54,--,481,266474,买盘
213,14:42:15,5.54,--,50,27700,买盘
214,14:42:10,5.54,-0.01,316,175152,卖盘
215,14:42:05,5.55,0.01,1562,866910,买盘
216,14:42:01,5.54,--,204,113016,卖盘
217,14:41:55,5.54,--,673,372842,卖盘
218,14:41:50,5.54,--,28,15512,卖盘
219,14:41:45,5.54,--,1111,615959,买盘
220,14:41:40,5.54,--,3130,1734108,卖盘
221,14:41:35,5.54,--,596,330184,卖盘
222,14:41:30,5.54,--,881,488301,卖盘
223,14:41:25,5.54,--,322,178388,卖盘
224,14:41:20,5.54,-0.01,1303,721862,卖盘
225,14:41:15,5.55,0.01,29,16095,买盘
226,14:41:10,5.54,--,10236,5670744,卖盘
227,14:41:05,5.54,-0.01,127,70358,卖盘
228,14:41:00,5.55,0.01,844,468420,买盘
229,14:40:55,5.54,-0.01,1339,742354,卖盘
230,14:40:50,5.55,0.01,101,56055,买盘
231,14:40:45,5.54,-0.01,388,214952,卖盘
232,14:40:40,5.55,--,32,17760,买盘
233,14:40:34,5.55,--,118,65490,买盘
234,14:40:30,5.55,0.01,52,28860,买盘
235,14:40:25,5.54,-0.01,932,516328,卖盘
236,14:40:19,5.55,0.01,375,208125,买盘
237,14:40:15,5.54,--,925,512549,卖盘
238,14:40:10,5.54,--,228,126312,卖盘
239,14:40:04,5.54,-0.01,183,101382,卖盘
240,14:39:59,5.55,0.01,1090,604950,买盘
241,14:39:55,5.54,--,531,294279,卖盘
242,14:39:49,5.54,--,212,117448,卖盘
243,14:39:44,5.54,--,1319,730726,卖盘
244,14:39:40,5.54,-0.01,461,255394,卖盘
245,14:39:34,5.55,0.01,171,94905,买盘
246,14:39:29,5.54,--,234,129636,卖盘
247,14:39:25,5.54,-0.01,212,117448,卖盘
248,14:39:19,5.55,0.01,329,183144,买盘
249,14:39:14,5.54,--,40,22160,卖盘
250,14:39:10,5.54,--,510,282540,卖盘
251,14:39:04,5.54,-0.01,232,128528,卖盘
252,14:38:59,5.55,0.01,69,38295,买盘
253,14:38:55,5.54,-0.01,21,11634,卖盘
254,14:38:49,5.55,0.01,162,89910,买盘
255,14:38:44,5.54,--,373,206642,卖盘
256,14:38:40,5.54,--,60,33240,卖盘
257,14:38:34,5.54,-0.01,547,303038,卖盘
258,14:38:29,5.55,0.01,174,96570,买盘
259,14:38:25,5.54,-0.01,9,4986,卖盘
260,14:38:19,5.55,--,145,80475,买盘
261,14:38:14,5.55,--,60,33300,买盘
262,14:38:10,5.55,--,64,35520,买盘
263,14:38:04,5.55,0.01,613,340215,买盘
264,14:37:59,5.54,-0.01,631,349574,卖盘
265,14:37:55,5.55,--,64,35520,买盘
266,14:37:49,5.55,0.01,366,203130,买盘
267,14:37:44,5.54,--,59,32686,卖盘
268,14:37:40,5.54,-0.01,402,222708,卖盘
269,14:37:34,5.55,0.01,523,290265,买盘
270,14:37:29,5.54,--,5181,2870274,卖盘
271,14:37:25,5.54,-0.01,139,77006,卖盘
272,14:37:19,5.55,--,516,286380,买盘
273,14:37:14,5.55,--,448,249189,买盘
274,14:37:10,5.55,0.01,15,8325,买盘
275,14:37:04,5.54,-0.01,135,74790,卖盘
276,14:36:59,5.55,0.01,1482,822559,买盘
277,14:36:55,5.54,-0.01,1286,712721,卖盘
278,14:36:49,5.55,--,10001,5550604,卖盘
279,14:36:44,5.55,--,5627,3122985,卖盘
280,14:36:40,5.55,-0.01,1206,669330,卖盘
281,14:36:34,5.56,0.01,1201,667756,买盘
282,14:36:29,5.55,--,150,83250,卖盘
283,14:36:25,5.55,--,325,180375,卖盘
284,14:36:19,5.55,-0.01,1317,730935,卖盘
285,14:36:14,5.56,0.01,133,73948,买盘
286,14:36:10,5.55,--,187,103785,卖盘
287,14:36:04,5.55,-0.01,457,253635,卖盘
288,14:35:59,5.56,--,224,124543,买盘
289,14:35:55,5.56,0.01,50,27799,买盘
290,14:35:49,5.55,--,250,138750,卖盘
291,14:35:44,5.55,--,543,301365,卖盘
292,14:35:39,5.55,--,141,78255,卖盘
293,14:35:34,5.55,-0.01,661,366855,卖盘
294,14:35:29,5.56,0.01,76,42256,买盘
295,14:35:25,5.55,--,1,555,卖盘
296,14:35:19,5.55,-0.01,5,2775,卖盘
297,14:35:14,5.56,0.01,37,20572,买盘
298,14:35:04,5.55,-0.01,21,11655,卖盘
299,14:34:59,5.56,0.01,35,19460,买盘
300,14:34:54,5.55,-0.01,25,13875,卖盘
301,14:34:49,5.56,0.01,109,60603,买盘
302,14:34:44,5.55,--,104,57720,卖盘
303,14:34:39,5.55,--,1,555,卖盘
304,14:34:34,5.55,--,142,78810,卖盘
305,14:34:29,5.55,-0.01,306,169830,卖盘
306,14:34:24,5.56,0.01,532,295792,买盘
307,14:34:19,5.55,-0.01,193,107115,卖盘
308,14:34:14,5.56,0.01,2,1112,买盘
309,14:34:09,5.55,--,27,14985,卖盘
310,14:34:04,5.55,--,138,76867,卖盘
311,14:33:59,5.55,--,14,7770,卖盘
312,14:33:54,5.55,--,1,555,卖盘
313,14:33:49,5.55,--,191,106005,卖盘
314,14:33:43,5.55,-0.01,84,46620,卖盘
315,14:33:39,5.56,--,5,2780,买盘
316,14:33:34,5.56,--,40,22240,买盘
317,14:33:28,5.56,0.01,36,20016,买盘
318,14:33:24,5.55,--,3,1665,卖盘
319,14:33:19,5.55,--,558,309967,卖盘
320,14:33:13,5.55,--,73,40515,卖盘
321,14:33:09,5.55,--,227,125985,卖盘
322,14:33:04,5.55,-0.01,410,227550,卖盘
323,14:32:54,5.56,0.01,733,407548,买盘
324,14:32:49,5.55,--,297,164835,卖盘
325,14:32:43,5.55,-0.01,113,62715,卖盘
326,14:32:39,5.56,0.01,16,8896,买盘
327,14:32:34,5.55,-0.01,207,114885,卖盘
328,14:32:28,5.56,0.01,62,34472,买盘
329,14:32:19,5.55,--,557,309135,卖盘
330,14:32:13,5.55,--,165,91575,卖盘
331,14:32:08,5.55,-0.01,119,66045,卖盘
332,14:32:04,5.56,--,5,2780,买盘
333,14:31:58,5.56,--,20,11120,买盘
334,14:31:53,5.56,0.01,554,308024,买盘
335,14:31:43,5.55,-0.01,14,7770,卖盘
336,14:31:38,5.56,--,103,57267,买盘
337,14:31:34,5.56,0.01,21,11676,买盘
338,14:31:28,5.55,--,7148,3967140,卖盘
339,14:31:23,5.55,--,27,14985,卖盘
340,14:31:19,5.55,-0.01,480,266400,卖盘
341,14:31:13,5.56,0.01,2,1112,买盘
342,14:31:08,5.55,-0.01,288,159840,卖盘
343,14:30:58,5.56,--,20,11120,买盘
344,14:30:53,5.56,0.01,21,11676,买盘
345,14:30:49,5.55,--,530,294150,卖盘
346,14:30:43,5.55,-0.01,64,35520,卖盘
347,14:30:38,5.56,--,2,1112,买盘
348,14:30:34,5.56,--,25,13899,买盘
349,14:30:28,5.56,0.01,103,57267,买盘
350,14:30:23,5.55,--,177,98235,卖盘
351,14:30:19,5.55,-0.01,491,272505,卖盘
352,14:30:13,5.56,--,132,73392,买盘
353,14:30:08,5.56,--,100,55599,买盘
354,14:30:04,5.56,0.01,1,556,买盘
355,14:29:58,5.55,--,160,88800,卖盘
356,14:29:49,5.55,--,511,283605,卖盘
357,14:29:43,5.55,--,1,555,卖盘
358,14:29:38,5.55,-0.01,47,26085,卖盘
359,14:29:34,5.56,0.01,11,6116,买盘
360,14:29:28,5.55,-0.01,51,28305,卖盘
361,14:29:23,5.56,0.01,2,1112,买盘
362,14:29:19,5.55,-0.01,473,262515,卖盘
363,14:29:08,5.56,0.01,505,280780,买盘
364,14:28:58,5.55,--,2,1110,卖盘
365,14:28:53,5.55,--,2,1110,卖盘
366,14:28:49,5.55,--,486,269730,卖盘
367,14:28:43,5.55,--,101,56055,卖盘
368,14:28:38,5.55,--,104,57720,卖盘
369,14:28:34,5.55,-0.01,152,84360,卖盘
370,14:28:28,5.56,0.01,496,275776,买盘
371,14:28:23,5.55,--,8,4440,卖盘
372,14:28:18,5.55,--,461,255855,卖盘
373,14:28:13,5.55,--,278,154290,卖盘
374,14:28:08,5.55,--,45,24975,卖盘
375,14:28:03,5.55,--,10,5550,卖盘
376,14:27:58,5.55,--,90,49950,卖盘
377,14:27:53,5.55,--,180,99900,卖盘
378,14:27:48,5.55,-0.01,571,316905,卖盘
379,14:27:43,5.56,--,28,15567,买盘
380,14:27:38,5.56,0.01,206,114535,买盘
381,14:27:33,5.55,-0.01,11,6105,卖盘
382,14:27:28,5.56,--,165,91740,买盘
383,14:27:23,5.56,--,529,294124,买盘
384,14:27:18,5.56,--,66,36696,买盘
385,14:27:13,5.56,--,183,101748,买盘
386,14:27:07,5.56,--,30,16680,卖盘
387,14:27:03,5.56,--,539,299684,卖盘
388,14:26:58,5.56,--,653,363068,卖盘
389,14:26:52,5.56,0.01,296,164576,中性盘
390,14:26:48,5.55,-0.01,465,258075,卖盘
391,14:26:43,5.56,--,1239,688884,买盘
392,14:26:37,5.56,--,613,340828,买盘
393,14:26:33,5.56,--,10,5560,买盘
394,14:26:28,5.56,--,41,22796,买盘
395,14:26:22,5.56,--,120,66720,买盘
396,14:26:18,5.56,--,124,68944,买盘
397,14:26:13,5.56,--,336,186816,买盘
398,14:26:07,5.56,--,24,13343,买盘
399,14:26:03,5.56,--,111,61715,买盘
400,14:25:58,5.56,--,227,126211,买盘
401,14:25:52,5.56,--,241,133996,买盘
402,14:25:48,5.56,--,127,70612,买盘
403,14:25:43,5.56,0.01,91,50596,买盘
404,14:25:37,5.55,-0.01,8,4440,卖盘
405,14:25:33,5.56,--,1,556,买盘
406,14:25:28,5.56,--,70,38920,买盘
407,14:25:22,5.56,--,19,10564,买盘
408,14:25:17,5.56,--,1,556,买盘
409,14:25:13,5.56,--,203,112867,买盘
410,14:25:07,5.56,--,193,107307,买盘
411,14:25:02,5.56,--,16,8896,买盘
412,14:24:58,5.56,--,33,18348,买盘
413,14:24:52,5.56,--,526,292456,买盘
414,14:24:47,5.56,--,20,11120,买盘
415,14:24:43,5.56,--,171,95076,买盘
416,14:24:37,5.56,--,494,274664,买盘
417,14:24:32,5.56,--,3,1667,买盘
418,14:24:27,5.56,0.01,93,51708,买盘
419,14:24:22,5.55,-0.01,5,2775,卖盘
420,14:24:17,5.56,--,21,11676,买盘
421,14:24:12,5.56,--,5,2780,买盘
422,14:24:07,5.56,--,1,556,买盘
423,14:24:02,5.56,0.01,7,3891,买盘
424,14:23:52,5.55,-0.01,124,68820,卖盘
425,14:23:47,5.56,--,231,128435,买盘
426,14:23:42,5.56,--,6,3335,买盘
427,14:23:37,5.56,--,21,11676,买盘
428,14:23:32,5.56,--,274,152344,买盘
429,14:23:27,5.56,0.01,6,3335,买盘
430,14:23:22,5.55,-0.01,116,64796,卖盘
431,14:23:17,5.56,0.01,21,11676,买盘
432,14:23:12,5.55,--,123,68265,卖盘
433,14:23:07,5.55,-0.01,18,9990,卖盘
434,14:23:02,5.56,--,62,34472,买盘
435,14:22:57,5.56,--,110,61159,买盘
436,14:22:52,5.56,--,1432,796419,卖盘
437,14:22:47,5.56,-0.01,173,96188,卖盘
438,14:22:42,5.57,0.01,162,90378,买盘
439,14:22:37,5.56,--,1109,616604,卖盘
440,14:22:32,5.56,--,17,9452,卖盘
441,14:22:27,5.56,--,375,208499,卖盘
442,14:22:22,5.56,-0.01,1006,559747,卖盘
443,14:22:17,5.57,0.01,1,557,买盘
444,14:22:07,5.56,--,709,394204,卖盘
445,14:22:02,5.56,-0.01,213,118427,卖盘
446,14:21:52,5.57,--,116,64612,买盘
447,14:21:47,5.57,--,102,56814,买盘
448,14:21:42,5.57,--,33,18381,买盘
449,14:21:37,5.57,0.01,10,5570,买盘
450,14:21:32,5.56,-0.01,2,1112,卖盘
451,14:21:17,5.57,0.01,176,98032,买盘
452,14:21:12,5.56,-0.01,100,55599,卖盘
453,14:21:07,5.57,--,59,32863,买盘
454,14:21:02,5.57,0.01,1,557,买盘
455,14:20:57,5.56,-0.01,31,17236,卖盘
456,14:20:52,5.57,0.01,70,38990,买盘
457,14:20:37,5.56,-0.01,1151,639956,卖盘
458,14:20:27,5.57,--,3,1671,买盘
459,14:20:16,5.57,--,37,20609,买盘
460,14:20:07,5.57,0.01,74,41218,买盘
461,14:20:01,5.56,--,65,36557,卖盘
462,14:19:57,5.56,-0.01,50,27799,卖盘
463,14:19:52,5.57,0.01,1,557,买盘
464,14:19:46,5.56,--,128,71168,卖盘
465,14:19:37,5.56,--,13,7505,卖盘
466,14:19:31,5.56,-0.01,3,1667,卖盘
467,14:19:27,5.57,0.01,7,3899,买盘
468,14:19:22,5.56,--,10,5560,卖盘
469,14:19:16,5.56,-0.01,98,54765,卖盘
470,14:19:12,5.57,--,10,5570,买盘
471,14:19:07,5.57,0.01,157,87449,买盘
472,14:19:01,5.56,-0.01,30,16680,卖盘
473,14:18:57,5.57,--,36,20052,买盘
474,14:18:52,5.57,--,65,36205,买盘
475,14:18:46,5.57,--,1,557,买盘
476,14:18:37,5.57,0.01,253,140921,买盘
477,14:18:31,5.56,-0.01,2,1117,卖盘
478,14:18:27,5.57,--,1,557,买盘
479,14:18:22,5.57,0.01,51,28407,买盘
480,14:18:16,5.56,-0.01,60,33721,卖盘
481,14:18:07,5.57,--,5,2785,买盘
482,14:18:01,5.57,0.01,1,557,买盘
483,14:17:57,5.56,-0.01,29,16123,卖盘
484,14:17:52,5.57,--,9,5013,买盘
485,14:17:46,5.57,0.01,7,3899,买盘
486,14:17:42,5.56,-0.01,4,2224,卖盘
487,14:17:37,5.57,--,71,39547,买盘
488,14:17:31,5.57,--,2,1114,买盘
489,14:17:27,5.57,--,1,557,买盘
490,14:17:22,5.57,0.01,220,122540,买盘
491,14:17:16,5.56,--,3359,1867998,卖盘
492,14:17:11,5.56,-0.01,45,25020,卖盘
493,14:17:06,5.57,0.01,230,128110,买盘
494,14:16:56,5.56,-0.01,200,111199,卖盘
495,14:16:51,5.57,--,141,78715,买盘
496,14:16:46,5.57,--,2,1114,买盘
497,14:16:37,5.57,--,35,19495,买盘
498,14:16:31,5.57,0.01,12,6684,买盘
499,14:16:26,5.56,--,67,37252,卖盘
500,14:16:21,5.56,-0.01,139,77606,卖盘
501,14:16:16,5.57,0.01,31,17267,买盘
502,14:16:11,5.56,-0.01,111,62255,卖盘
503,14:16:06,5.57,--,161,89677,买盘
504,14:16:01,5.57,--,21,11697,买盘
505,14:15:51,5.57,0.01,122,67954,买盘
506,14:15:46,5.56,-0.01,80,45002,卖盘
507,14:15:41,5.57,--,91,50687,买盘
508,14:15:36,5.57,0.01,44,24508,买盘
509,14:15:31,5.56,--,315,175140,卖盘
510,14:15:26,5.56,-0.01,77,42812,卖盘
511,14:15:21,5.57,--,7,3899,买盘
512,14:15:16,5.57,0.01,9,5013,买盘
513,14:15:11,5.56,-0.01,12,6671,卖盘
514,14:15:06,5.57,--,57,31749,买盘
515,14:15:01,5.57,--,349,194393,买盘
516,14:14:56,5.57,0.01,2,1114,买盘
517,14:14:51,5.56,-0.01,14,7783,卖盘
518,14:14:46,5.57,--,39,21723,买盘
519,14:14:41,5.57,--,91,50687,买盘
520,14:14:36,5.57,--,1,557,买盘
521,14:14:31,5.57,--,433,241181,买盘
522,14:14:26,5.57,0.01,6,3342,买盘
523,14:14:21,5.56,-0.01,1000,556000,卖盘
524,14:14:16,5.57,--,60,33420,买盘
525,14:14:10,5.57,0.01,4,2228,买盘
526,14:14:06,5.56,-0.01,90,50040,卖盘
527,14:14:01,5.57,--,28,15596,买盘
528,14:13:51,5.57,--,1,557,买盘
529,14:13:46,5.57,--,7,3899,买盘
530,14:13:40,5.57,--,20,11140,买盘
531,14:13:36,5.57,--,37,20609,买盘
532,14:13:31,5.57,--,219,121983,买盘
533,14:13:25,5.57,--,73,40661,买盘
534,14:13:16,5.57,--,193,107501,买盘
535,14:13:10,5.57,--,193,107501,买盘
536,14:13:06,5.57,--,57,31749,买盘
537,14:13:01,5.57,0.01,307,170999,买盘
538,14:12:55,5.56,-0.01,13,7227,卖盘
539,14:12:51,5.57,--,2,1114,买盘
540,14:12:46,5.57,0.01,136,75752,买盘
541,14:12:40,5.56,-0.01,2,1112,卖盘
542,14:12:36,5.57,0.01,1,557,买盘
543,14:12:31,5.56,-0.01,28,15768,卖盘
544,14:12:25,5.57,--,61,33977,买盘
545,14:12:21,5.57,--,3,1671,买盘
546,14:12:16,5.57,--,9,5013,买盘
547,14:12:10,5.57,0.01,25,13925,买盘
548,14:12:06,5.56,-0.01,14,7922,卖盘
549,14:12:01,5.57,0.01,1,557,买盘
550,14:11:55,5.56,--,80,44480,卖盘
551,14:11:40,5.56,--,57,31830,卖盘
552,14:11:36,5.56,-0.01,4,2224,卖盘
553,14:11:31,5.57,--,442,246194,买盘
554,14:11:25,5.57,0.01,4,2228,买盘
555,14:11:21,5.56,-0.01,552,306912,卖盘
556,14:11:16,5.57,--,152,84664,买盘
557,14:11:10,5.57,--,5,2785,买盘
558,14:11:06,5.57,--,63,35091,买盘
559,14:11:01,5.57,0.01,407,226699,买盘
560,14:10:55,5.56,-0.01,263,146228,卖盘
561,14:10:51,5.57,--,101,56257,买盘
562,14:10:40,5.57,0.01,2,1114,买盘
563,14:10:31,5.56,-0.01,101,56155,卖盘
564,14:10:25,5.57,0.01,10,5570,买盘
565,14:10:16,5.56,-0.01,46,25576,卖盘
566,14:10:10,5.57,0.01,16,8912,买盘
567,14:10:06,5.56,-0.01,40,22240,卖盘
568,14:09:55,5.57,--,148,82436,买盘
569,14:09:50,5.57,--,1,557,买盘
570,14:09:46,5.57,0.01,5,2785,买盘
571,14:09:40,5.56,-0.01,52,28911,卖盘
572,14:09:35,5.57,0.01,416,231712,买盘
573,14:09:30,5.56,-0.01,32,17792,卖盘
574,14:09:20,5.57,--,96,53472,买盘
575,14:09:10,5.57,0.01,2304,1283328,买盘
576,14:09:05,5.56,-0.01,102,56711,卖盘
577,14:09:00,5.57,--,141,78537,买盘
578,14:08:55,5.57,--,14,7798,买盘
579,14:08:50,5.57,0.01,57,31749,买盘
580,14:08:35,5.56,--,8,4448,卖盘
581,14:08:30,5.56,-0.01,26,14455,卖盘
582,14:08:25,5.57,--,19,10583,买盘
583,14:08:20,5.57,--,21,11697,买盘
584,14:08:15,5.57,--,3,1671,买盘
585,14:08:10,5.57,0.01,6,3342,买盘
586,14:08:05,5.56,--,404,224623,卖盘
587,14:07:55,5.56,-0.01,0,444,卖盘
588,14:07:50,5.57,0.01,16,8912,买盘
589,14:07:45,5.56,--,90,50040,卖盘
590,14:07:40,5.56,-0.01,62,34472,卖盘
591,14:07:35,5.57,0.01,1,557,买盘
592,14:07:30,5.56,-0.01,7496,4167775,卖盘
593,14:07:25,5.57,--,66,36762,买盘
594,14:07:19,5.57,--,11,6127,买盘
595,14:07:15,5.57,--,7,3899,买盘
596,14:07:10,5.57,--,229,127553,买盘
597,14:07:04,5.57,--,1,557,买盘
598,14:06:55,5.57,--,9,5013,买盘
599,14:06:49,5.57,0.01,26,14482,买盘
600,14:06:45,5.56,-0.01,53,29467,卖盘
601,14:06:40,5.57,--,42,23394,买盘
602,14:06:34,5.57,0.01,21,11697,买盘
603,14:06:30,5.56,-0.01,4969,2762764,卖盘
604,14:06:25,5.57,--,3,1671,买盘
605,14:06:19,5.57,-0.01,2445,1362043,卖盘
606,14:06:15,5.58,0.01,6,3348,买盘
607,14:06:10,5.57,--,42,23394,卖盘
608,14:06:04,5.57,--,537,299109,卖盘
609,14:06:00,5.57,--,28,15596,卖盘
610,14:05:55,5.57,--,108,60156,卖盘
611,14:05:40,5.57,-0.01,50,27850,卖盘
612,14:05:34,5.58,--,17,9486,买盘
613,14:05:30,5.58,--,80,44640,买盘
614,14:05:25,5.58,0.01,1,558,买盘
615,14:05:19,5.57,--,3,1671,卖盘
616,14:05:10,5.57,-0.01,178,99146,卖盘
617,14:05:04,5.58,--,28,15624,买盘
618,14:04:49,5.58,0.01,51,28976,买盘
619,14:04:45,5.57,--,26,14482,卖盘
620,14:04:34,5.57,-0.01,179,99703,卖盘
621,14:04:25,5.58,--,23,12834,买盘
622,14:04:19,5.58,--,21,11718,买盘
623,14:04:15,5.58,--,4,2232,买盘
624,14:04:10,5.58,0.01,31,17298,买盘
625,14:04:04,5.57,--,5,2785,卖盘
626,14:04:00,5.57,-0.01,110,61270,卖盘
627,14:03:55,5.58,0.01,1,558,买盘
628,14:03:49,5.57,-0.01,600,334200,卖盘
629,14:03:45,5.58,--,14,7812,买盘
630,14:03:40,5.58,--,321,179118,买盘
631,14:03:34,5.58,--,6,3348,买盘
632,14:03:25,5.58,0.01,185,103230,买盘
633,14:03:19,5.57,-0.01,340,189380,卖盘
634,14:03:15,5.58,--,12,6696,买盘
635,14:03:04,5.58,--,3,1674,买盘
636,14:03:00,5.58,--,190,106020,买盘
637,14:02:54,5.58,--,133,74214,买盘
638,14:02:49,5.58,0.01,200,111600,买盘
639,14:02:45,5.57,--,600,334200,卖盘
640,14:02:40,5.57,-0.01,214,119198,卖盘
641,14:02:34,5.58,--,1,558,买盘
642,14:02:30,5.58,--,412,229896,买盘
643,14:02:25,5.58,0.01,16,8928,买盘
644,14:02:19,5.57,--,173,96361,卖盘
645,14:02:14,5.57,-0.01,17,9469,卖盘
646,14:02:10,5.58,0.01,231,128898,买盘
647,14:02:04,5.57,--,55,30635,卖盘
648,14:02:00,5.57,--,100,55700,卖盘
649,14:01:55,5.57,-0.01,71,39547,卖盘
650,14:01:49,5.58,0.01,293,163494,买盘
651,14:01:44,5.57,--,1,557,卖盘
652,14:01:34,5.57,--,170,94690,卖盘
653,14:01:29,5.57,-0.01,5,2785,卖盘
654,14:01:24,5.58,--,106,59148,买盘
655,14:01:19,5.58,--,136,75888,买盘
656,14:01:14,5.58,0.01,158,88164,买盘
657,14:01:09,5.57,-0.01,410,228370,卖盘
658,14:01:04,5.58,0.01,202,112716,买盘
659,14:00:54,5.57,--,75,41775,卖盘
660,14:00:49,5.57,--,69,38433,卖盘
661,14:00:44,5.57,-0.01,20,11140,卖盘
662,14:00:39,5.58,--,2,1116,买盘
663,14:00:34,5.58,--,171,95418,买盘
664,14:00:29,5.58,0.01,9,5022,买盘
665,14:00:24,5.57,-0.01,70,38990,卖盘
666,14:00:19,5.58,--,23,12834,买盘
667,14:00:13,5.58,--,50,27900,买盘
668,14:00:04,5.58,0.01,102,56916,买盘
669,13:59:58,5.57,-0.01,9519,5302083,卖盘
670,13:59:54,5.58,--,58,32364,买盘
671,13:59:49,5.58,--,30,16740,买盘
672,13:59:43,5.58,--,31,17298,买盘
673,13:59:39,5.58,0.01,1,558,买盘
674,13:59:34,5.57,-0.01,17,9469,卖盘
675,13:59:28,5.58,0.01,51,28458,买盘
676,13:59:24,5.57,--,95,52915,卖盘
677,13:59:19,5.57,-0.01,7,3899,卖盘
678,13:59:13,5.58,0.01,238,132804,买盘
679,13:59:04,5.57,--,250,139250,卖盘
680,13:58:57,5.57,--,8216,4576729,买盘
681,13:58:54,5.57,--,37,20609,买盘
682,13:58:49,5.57,--,261,145377,买盘
683,13:58:43,5.57,--,125,69625,买盘
684,13:58:39,5.57,--,500,278500,买盘
685,13:58:34,5.57,--,138,76866,买盘
686,13:58:28,5.57,--,198,110286,买盘
687,13:58:18,5.57,--,33,18381,买盘
688,13:58:12,5.57,--,88,49016,买盘
689,13:58:09,5.57,--,1,557,买盘
690,13:58:03,5.57,0.01,41,22837,买盘
691,13:57:57,5.56,--,214,118983,卖盘
692,13:57:54,5.56,-0.01,251,139556,卖盘
693,13:57:49,5.57,--,220,122540,买盘
694,13:57:39,5.57,--,438,243966,买盘
695,13:57:33,5.57,0.01,55,30635,买盘
696,13:57:27,5.56,-0.01,369,205164,卖盘
697,13:57:24,5.57,--,241,134237,买盘
698,13:57:19,5.57,--,505,281285,买盘
699,13:57:12,5.57,--,212,118084,买盘
700,13:57:09,5.57,--,337,187709,买盘
701,13:57:04,5.57,--,435,242295,买盘
702,13:56:57,5.57,0.01,2,1114,买盘
703,13:56:54,5.56,-0.01,20,11120,卖盘
704,13:56:48,5.57,--,206,114742,买盘
705,13:56:38,5.57,0.01,57,31749,买盘
706,13:56:33,5.56,--,333,185148,卖盘
707,13:56:27,5.56,-0.01,51,28355,卖盘
708,13:56:24,5.57,--,46,25622,买盘
709,13:56:12,5.57,--,9,5013,买盘
710,13:56:03,5.57,--,19,10583,买盘
711,13:55:48,5.57,--,290,161530,买盘
712,13:55:42,5.57,--,149,82993,买盘
713,13:55:38,5.57,--,20,11140,买盘
714,13:55:33,5.57,0.01,29,16153,买盘
715,13:55:27,5.56,-0.01,222,123431,卖盘
716,13:55:23,5.57,0.01,102,56814,买盘
717,13:55:18,5.56,-0.01,1,556,卖盘
718,13:55:12,5.57,--,13,7241,买盘
719,13:55:08,5.57,--,8,4873,买盘
720,13:55:03,5.57,0.01,161,89677,买盘
721,13:54:57,5.56,-0.01,436,242415,卖盘
722,13:54:53,5.57,0.01,108,60156,买盘
723,13:54:48,5.56,-0.01,119,66164,卖盘
724,13:54:42,5.57,--,126,70182,买盘
725,13:54:38,5.57,--,47,26179,买盘
726,13:54:33,5.57,0.01,57,31749,买盘
727,13:54:27,5.56,--,10,5560,卖盘
728,13:54:23,5.56,--,11,6116,卖盘
729,13:54:12,5.56,-0.01,192,106751,卖盘
730,13:54:06,5.57,--,58,32306,买盘
731,13:54:03,5.57,0.01,136,75752,买盘
732,13:53:57,5.56,-0.01,142,78952,卖盘
733,13:53:51,5.57,--,37,20609,买盘
734,13:53:42,5.57,--,123,68511,买盘
735,13:53:36,5.57,--,1,557,买盘
736,13:53:27,5.57,--,1,557,买盘
737,13:53:21,5.57,0.01,92,51244,买盘
738,13:53:18,5.56,-0.01,29,16123,卖盘
739,13:53:12,5.57,0.01,52,28964,买盘
740,13:53:06,5.56,--,41,22796,卖盘
741,13:53:03,5.56,-0.01,20,11120,卖盘
742,13:52:57,5.57,--,20,11140,买盘
743,13:52:51,5.57,--,171,95247,买盘
744,13:52:42,5.57,0.01,2,1114,买盘
745,13:52:33,5.56,--,132,73392,卖盘
746,13:52:27,5.56,-0.01,124,68944,卖盘
747,13:52:21,5.57,--,4,2228,买盘
748,13:52:18,5.57,--,15,8355,买盘
749,13:52:12,5.57,--,1,557,买盘
750,13:52:06,5.57,--,65,36205,买盘
751,13:52:03,5.57,--,9,5013,买盘
752,13:51:57,5.57,0.01,10,5570,买盘
753,13:51:51,5.56,-0.01,89,49484,卖盘
754,13:51:42,5.57,--,1,557,买盘
755,13:51:36,5.57,0.01,106,59042,买盘
756,13:51:27,5.56,-0.01,919,510963,卖盘
757,13:51:18,5.57,0.01,85,47345,买盘
758,13:51:12,5.56,-0.01,264,146784,卖盘
759,13:51:06,5.57,--,23,12811,买盘
760,13:51:03,5.57,0.01,213,118641,买盘
761,13:50:57,5.56,-0.01,25,13899,卖盘
762,13:50:51,5.57,--,68,37876,买盘
763,13:50:48,5.57,--,34,18938,买盘
764,13:50:42,5.57,--,72,40104,买盘
765,13:50:36,5.57,--,73,40661,买盘
766,13:50:27,5.57,--,120,66840,买盘
767,13:50:21,5.57,--,288,160416,买盘
768,13:50:18,5.57,--,13,7241,买盘
769,13:50:12,5.57,0.01,61,33977,买盘
770,13:50:06,5.56,--,4,2224,卖盘
771,13:49:51,5.56,-0.01,63,35028,卖盘
772,13:49:42,5.57,--,57,31749,买盘
773,13:49:36,5.57,--,6,3342,买盘
774,13:49:27,5.57,--,61,33977,买盘
775,13:49:21,5.57,--,260,144820,买盘
776,13:49:18,5.57,--,8,4456,买盘
777,13:49:12,5.57,--,226,125882,买盘
778,13:49:06,5.57,0.01,1,557,买盘
779,13:49:03,5.56,--,1,556,卖盘
780,13:48:57,5.56,--,100,55599,卖盘
781,13:48:51,5.56,-0.01,200,111199,卖盘
782,13:48:47,5.57,--,114,63498,买盘
783,13:48:42,5.57,--,142,79094,买盘
784,13:48:36,5.57,--,136,75752,买盘
785,13:48:32,5.57,0.01,85,47345,买盘
786,13:48:27,5.56,-0.01,170,94520,卖盘
787,13:48:21,5.57,--,143,79651,买盘
788,13:48:17,5.57,--,1,557,买盘
789,13:48:12,5.57,0.01,484,269588,买盘
790,13:48:06,5.56,-0.01,200,111199,卖盘
791,13:48:02,5.57,0.01,35,19495,买盘
792,13:47:57,5.56,--,64,35584,卖盘
793,13:47:51,5.56,-0.01,29,16123,卖盘
794,13:47:42,5.57,--,2,1114,买盘
795,13:47:36,5.57,--,1,557,买盘
796,13:47:27,5.57,--,1,557,买盘
797,13:47:21,5.57,--,301,167657,买盘
798,13:47:12,5.57,--,130,72410,买盘
799,13:47:06,5.57,0.01,71,39547,买盘
800,13:47:00,5.56,-0.01,50,27799,卖盘
801,13:46:57,5.57,--,292,162644,买盘
802,13:46:51,5.57,--,124,69068,买盘
803,13:46:42,5.57,--,120,66840,买盘
804,13:46:36,5.57,0.01,9,5013,买盘
805,13:46:30,5.56,-0.01,36,20016,卖盘
806,13:46:27,5.57,0.01,2,1114,买盘
807,13:46:21,5.56,--,14,7783,卖盘
808,13:46:15,5.56,--,37,20572,卖盘
809,13:46:12,5.56,-0.01,403,224067,卖盘
810,13:46:06,5.57,--,109,60713,买盘
811,13:46:00,5.57,0.01,2,1114,买盘
812,13:45:51,5.56,-0.01,33,18348,卖盘
813,13:45:45,5.57,0.01,19,10583,买盘
814,13:45:42,5.56,-0.01,234,130103,卖盘
815,13:45:36,5.57,--,12,6684,买盘
816,13:45:30,5.57,--,17,9469,买盘
817,13:45:21,5.57,--,196,109172,买盘
818,13:45:12,5.57,--,2,1114,买盘
819,13:45:06,5.57,--,11,6127,买盘
820,13:45:00,5.57,0.01,1,557,买盘
821,13:44:45,5.56,-0.01,337,187372,卖盘
822,13:44:42,5.57,--,120,66840,买盘
823,13:44:36,5.57,0.01,17,9469,买盘
824,13:44:30,5.56,-0.01,70,38920,卖盘
825,13:44:27,5.57,--,28,15596,买盘
826,13:44:21,5.57,0.01,1037,577976,买盘
827,13:44:15,5.56,--,588,326928,买盘
828,13:44:12,5.56,--,19,10564,买盘
829,13:44:06,5.56,--,571,317476,买盘
830,13:44:00,5.56,0.01,173,96188,买盘
831,13:43:51,5.55,--,117,64935,卖盘
832,13:43:45,5.55,-0.01,881,488955,卖盘
833,13:43:42,5.56,--,59,32804,买盘
834,13:43:36,5.56,--,135,75060,买盘
835,13:43:30,5.56,0.01,178,98968,买盘
836,13:43:27,5.55,--,13,7215,卖盘
837,13:43:21,5.55,-0.01,98,54390,卖盘
838,13:43:15,5.56,--,1144,636064,买盘
839,13:43:06,5.56,--,49,27243,买盘
840,13:43:00,5.56,--,88,48928,买盘
841,13:42:56,5.56,--,13,7227,买盘
842,13:42:51,5.56,--,94,52263,买盘
843,13:42:45,5.56,--,169,93964,买盘
844,13:42:41,5.56,--,130,72280,买盘
845,13:42:36,5.56,--,322,179032,买盘
846,13:42:30,5.56,--,374,207943,买盘
847,13:42:26,5.56,--,50,27799,买盘
848,13:42:21,5.56,--,387,215171,买盘
849,13:42:15,5.56,--,36,20016,买盘
850,13:42:11,5.56,--,59,32804,买盘
851,13:42:06,5.56,--,126,70056,买盘
852,13:42:00,5.56,--,16,8896,买盘
853,13:41:56,5.56,--,8,4448,买盘
854,13:41:51,5.56,--,10,5560,买盘
855,13:41:45,5.56,--,109,60603,买盘
856,13:41:36,5.56,--,160,88960,买盘
857,13:41:30,5.56,--,117,65051,买盘
858,13:41:26,5.56,--,307,170692,买盘
859,13:41:21,5.56,--,160,88960,买盘
860,13:41:15,5.56,--,2271,1262676,买盘
861,13:41:11,5.56,--,5,2780,买盘
862,13:41:06,5.56,--,207,115091,买盘
863,13:41:00,5.56,--,7,3891,买盘
864,13:40:56,5.56,--,1,556,买盘
865,13:40:51,5.56,0.01,30,16680,买盘
866,13:40:45,5.55,-0.01,131,72705,卖盘
867,13:40:41,5.56,--,106,58935,买盘
868,13:40:36,5.56,0.01,1,556,买盘
869,13:40:30,5.55,-0.01,192,106560,卖盘
870,13:40:26,5.56,--,164,91184,买盘
871,13:40:21,5.56,--,161,89516,买盘
872,13:40:15,5.56,0.01,265,147340,买盘
873,13:40:11,5.55,-0.01,25,13875,卖盘
874,13:40:06,5.56,--,232,128991,买盘
875,13:40:00,5.56,--,9,5004,买盘
876,13:39:54,5.56,--,10,5560,买盘
877,13:39:51,5.56,--,10,5560,买盘
878,13:39:45,5.56,--,804,447023,买盘
879,13:39:39,5.56,--,15,8340,买盘
880,13:39:36,5.56,--,91,50596,买盘
881,13:39:30,5.56,0.01,4,2224,买盘
882,13:39:24,5.55,-0.01,23,12765,卖盘
883,13:39:21,5.56,0.01,79,43924,买盘
884,13:39:15,5.55,-0.01,92,51060,卖盘
885,13:39:09,5.56,0.01,489,271884,买盘
886,13:39:06,5.55,-0.01,182,101010,卖盘
887,13:39:00,5.56,--,10,6110,买盘
888,13:38:54,5.56,0.01,18,10008,买盘
889,13:38:51,5.55,--,60,33300,卖盘
890,13:38:39,5.55,-0.01,20,11100,卖盘
891,13:38:30,5.56,0.01,51,28355,买盘
892,13:38:24,5.55,-0.01,738,409590,卖盘
893,13:38:21,5.56,0.01,14,7783,买盘
894,13:38:09,5.55,--,5,2775,卖盘
895,13:38:06,5.55,-0.01,40,22200,卖盘
896,13:38:00,5.56,0.01,262,145672,买盘
897,13:37:54,5.55,--,71,39405,卖盘
898,13:37:51,5.55,-0.01,108,59940,卖盘
899,13:37:45,5.56,--,209,116203,买盘
900,13:37:39,5.56,0.01,1,556,买盘
901,13:37:36,5.55,-0.01,9,4995,卖盘
902,13:37:30,5.56,0.01,83,46148,买盘
903,13:37:24,5.55,--,30,16650,卖盘
904,13:37:21,5.55,--,23,12765,卖盘
905,13:37:15,5.55,-0.01,84,46620,卖盘
906,13:37:09,5.56,--,63,35028,买盘
907,13:37:06,5.56,--,4,2224,买盘
908,13:37:00,5.56,--,118,65608,买盘
909,13:36:54,5.56,0.01,56,31135,买盘
910,13:36:45,5.55,-0.01,116,64380,卖盘
911,13:36:39,5.56,--,93,51708,买盘
912,13:36:30,5.56,0.01,289,160684,买盘
913,13:36:24,5.55,-0.01,21,11655,卖盘
914,13:36:21,5.56,0.01,100,55599,买盘
915,13:36:15,5.55,-0.01,13,7215,卖盘
916,13:36:09,5.56,--,67,37252,买盘
917,13:36:05,5.56,--,1,556,买盘
918,13:36:00,5.56,--,243,135108,买盘
919,13:35:50,5.56,--,1,556,买盘
920,13:35:45,5.56,0.01,114,63383,买盘
921,13:35:39,5.55,--,323,179265,卖盘
922,13:35:35,5.55,--,10,5550,卖盘
923,13:35:30,5.55,-0.01,84,46620,卖盘
924,13:35:24,5.56,0.01,57,31691,买盘
925,13:35:20,5.55,--,43,23865,卖盘
926,13:35:15,5.55,--,1061,588855,卖盘
927,13:35:09,5.55,-0.01,78,43290,卖盘
928,13:35:05,5.56,0.01,2,1112,买盘
929,13:35:00,5.55,-0.01,208,115440,卖盘
930,13:34:54,5.56,--,107,59491,买盘
931,13:34:50,5.56,--,85,47260,买盘
932,13:34:45,5.56,0.01,380,211279,买盘
933,13:34:39,5.55,--,95,52725,卖盘
934,13:34:30,5.55,--,105,58275,卖盘
935,13:34:24,5.55,-0.01,121,67155,卖盘
936,13:34:15,5.56,--,51,28355,买盘
937,13:34:09,5.56,--,9,5004,买盘
938,13:34:05,5.56,0.01,57,31691,买盘
939,13:34:00,5.55,--,119,66045,卖盘
940,13:33:54,5.55,--,2090,1159950,卖盘
941,13:33:50,5.55,--,2,1110,卖盘
942,13:33:45,5.55,-0.01,70,38850,卖盘
943,13:33:39,5.56,--,350,194600,买盘
944,13:33:35,5.56,0.01,10,5560,买盘
945,13:33:30,5.55,-0.01,13,7215,卖盘
946,13:33:24,5.56,0.01,125,69500,买盘
947,13:33:20,5.55,-0.01,29,16095,卖盘
948,13:33:15,5.56,--,403,224067,买盘
949,13:33:09,5.56,0.01,1,556,买盘
950,13:33:05,5.55,-0.01,381,211455,卖盘
951,13:33:00,5.56,0.01,125,69500,买盘
952,13:32:48,5.55,-0.01,14,7770,卖盘
953,13:32:45,5.56,--,28,15567,买盘
954,13:32:39,5.56,0.01,101,56155,买盘
955,13:32:34,5.55,--,101,56055,卖盘
956,13:32:30,5.55,-0.01,619,343545,卖盘
957,13:32:24,5.56,--,139,77284,买盘
958,13:32:18,5.56,--,20,11120,买盘
959,13:32:14,5.56,0.01,2,1112,买盘
960,13:32:09,5.55,-0.01,66,36630,卖盘
961,13:32:03,5.56,0.01,19,10564,买盘
962,13:31:59,5.55,-0.01,102,56610,卖盘
963,13:31:54,5.56,0.01,1,556,买盘
964,13:31:48,5.55,--,169,93795,卖盘
965,13:31:45,5.55,-0.01,10,5550,卖盘
966,13:31:39,5.56,--,302,167912,买盘
967,13:31:33,5.56,0.01,216,120095,买盘
968,13:31:24,5.55,--,190,105450,卖盘
969,13:31:18,5.55,-0.01,12,6660,卖盘
970,13:31:09,5.56,0.01,165,91740,买盘
971,13:31:03,5.55,-0.01,46,25530,卖盘
972,13:30:59,5.56,0.01,87,48372,买盘
973,13:30:54,5.55,--,759,421245,卖盘
974,13:30:48,5.55,-0.01,80,44400,卖盘
975,13:30:44,5.56,0.01,82,45592,买盘
976,13:30:39,5.55,--,311,172605,卖盘
977,13:30:33,5.55,--,126,69930,卖盘
978,13:30:29,5.55,--,340,188877,卖盘
979,13:30:24,5.55,--,252,139860,卖盘
980,13:30:18,5.55,--,188,104340,卖盘
981,13:30:14,5.55,-0.01,59,32745,卖盘
982,13:30:09,5.56,0.01,140,77840,买盘
983,13:30:03,5.55,-0.01,994,551670,卖盘
984,13:29:59,5.56,0.01,255,141780,买盘
985,13:29:54,5.55,-0.01,34,18870,卖盘
986,13:29:48,5.56,0.01,10,5560,买盘
987,13:29:44,5.55,-0.01,7,3885,卖盘
988,13:29:39,5.56,0.01,161,89516,买盘
989,13:29:33,5.55,-0.01,290,160950,卖盘
990,13:29:29,5.56,--,21,11676,买盘
991,13:29:24,5.56,--,42,23352,买盘
992,13:29:18,5.56,--,184,102304,买盘
993,13:29:09,5.56,0.01,57,31691,买盘
994,13:29:03,5.55,--,252,139860,卖盘
995,13:28:54,5.55,-0.01,131,72705,卖盘
996,13:28:48,5.56,0.01,39,21684,买盘
997,13:28:44,5.55,--,300,166500,卖盘
998,13:28:39,5.55,-0.01,183,101565,卖盘
999,13:28:33,5.56,0.01,322,179032,买盘
1000,13:28:24,5.55,-0.01,787,436785,卖盘
1001,13:28:18,5.56,0.01,9,5004,买盘
1002,13:28:14,5.55,-0.01,11,6105,卖盘
1003,13:28:09,5.56,--,37,20572,买盘
1004,13:28:03,5.56,0.01,247,137332,买盘
1005,13:27:59,5.55,--,32,17760,卖盘
1006,13:27:48,5.55,--,31,17205,卖盘
1007,13:27:44,5.55,-0.01,20,11100,卖盘
1008,13:27:39,5.56,--,111,61715,买盘
1009,13:27:33,5.56,0.01,65,36140,买盘
1010,13:27:29,5.55,-0.01,10,5550,卖盘
1011,13:27:24,5.56,--,78,43368,买盘
1012,13:27:18,5.56,0.01,179,99524,买盘
1013,13:27:14,5.55,-0.01,1,555,卖盘
1014,13:27:09,5.56,--,7,3891,买盘
1015,13:27:03,5.56,--,41,22796,买盘
1016,13:26:59,5.56,--,137,76172,买盘
1017,13:26:54,5.56,--,61,33916,买盘
1018,13:26:48,5.56,0.01,17,9591,买盘
1019,13:26:44,5.55,--,80,44400,卖盘
1020,13:26:39,5.55,--,62,34410,卖盘
1021,13:26:33,5.55,--,30,16650,卖盘
1022,13:26:29,5.55,--,83,46065,卖盘
1023,13:26:24,5.55,-0.01,115,63825,卖盘
1024,13:26:09,5.56,--,110,61159,买盘
1025,13:26:03,5.56,0.01,229,127323,买盘
1026,13:25:54,5.55,--,206,114330,卖盘
1027,13:25:48,5.55,--,1543,856365,卖盘
1028,13:25:44,5.55,-0.01,4,2220,卖盘
1029,13:25:39,5.56,0.01,2,1112,买盘
1030,13:25:33,5.55,--,100,55500,卖盘
1031,13:25:24,5.55,--,60,33300,卖盘
1032,13:25:18,5.55,-0.01,5,3191,卖盘
1033,13:25:08,5.56,--,247,137332,买盘
1034,13:25:03,5.56,0.01,169,93964,买盘
1035,13:24:53,5.55,--,44,24420,卖盘
1036,13:24:48,5.55,-0.01,60,33300,卖盘
1037,13:24:42,5.56,--,19,10564,买盘
1038,13:24:38,5.56,--,11,6116,买盘
1039,13:24:27,5.56,--,30,16680,买盘
1040,13:24:23,5.56,0.01,1,556,买盘
1041,13:24:12,5.55,-0.01,50,27750,卖盘
1042,13:24:08,5.56,--,206,114535,买盘
1043,13:24:03,5.56,--,124,68944,买盘
1044,13:23:57,5.56,--,2,1112,买盘
1045,13:23:53,5.56,--,9,5004,买盘
1046,13:23:48,5.56,--,257,142892,买盘
1047,13:23:38,5.56,0.01,46,25576,买盘
1048,13:23:33,5.55,-0.01,145,80475,卖盘
1049,13:23:27,5.56,--,602,334712,买盘
1050,13:23:23,5.56,--,97,53931,买盘
1051,13:23:18,5.56,0.01,90,50040,买盘
1052,13:23:12,5.55,--,44,24420,卖盘
1053,13:23:08,5.55,--,104,57720,卖盘
1054,13:23:03,5.55,-0.01,407,225885,卖盘
1055,13:22:57,5.56,--,10,5560,买盘
1056,13:22:53,5.56,--,149,82844,买盘
1057,13:22:48,5.56,--,10,5560,买盘
1058,13:22:42,5.56,--,8,4448,买盘
1059,13:22:38,5.56,--,11,6116,买盘
1060,13:22:33,5.56,--,110,61159,买盘
1061,13:22:27,5.56,--,20,11120,买盘
1062,13:22:18,5.56,--,1,556,买盘
1063,13:22:12,5.56,--,106,58935,买盘
1064,13:22:08,5.56,0.01,1,556,买盘
1065,13:22:03,5.55,-0.01,50,27750,卖盘
1066,13:21:57,5.56,--,43,23908,买盘
1067,13:21:48,5.56,--,30,16680,买盘
1068,13:21:42,5.56,-0.01,1484,825109,卖盘
1069,13:21:38,5.57,0.01,29,16153,买盘
1070,13:21:33,5.56,--,105,58379,卖盘
1071,13:21:27,5.56,--,43,23908,卖盘
1072,13:21:23,5.56,--,619,344164,卖盘
1073,13:21:18,5.56,--,99,55043,卖盘
1074,13:21:12,5.56,-0.01,41,22796,卖盘
1075,13:21:08,5.57,--,37,20609,买盘
1076,13:21:03,5.57,0.01,216,120312,买盘
1077,13:20:57,5.56,-0.01,17,9452,卖盘
1078,13:20:53,5.57,--,1,557,买盘
1079,13:20:48,5.57,0.01,149,82993,买盘
1080,13:20:42,5.56,--,170,94520,卖盘
1081,13:20:33,5.56,-0.01,151,83956,卖盘
1082,13:20:27,5.57,--,1,557,买盘
1083,13:20:23,5.57,0.01,25,13925,买盘
1084,13:20:18,5.56,--,290,161240,卖盘
1085,13:20:08,5.56,--,21,11676,卖盘
1086,13:19:57,5.56,-0.01,139,77284,卖盘
1087,13:19:53,5.57,0.01,1,557,买盘
1088,13:19:48,5.56,-0.01,770,428119,卖盘
1089,13:19:42,5.57,0.01,16,8912,买盘
1090,13:19:38,5.56,-0.01,361,200716,卖盘
1091,13:19:33,5.57,--,6,3342,买盘
1092,13:19:27,5.57,0.01,9,5013,买盘
1093,13:19:18,5.56,-0.01,48,26687,卖盘
1094,13:19:12,5.57,--,76,42332,买盘
1095,13:19:08,5.57,0.01,669,372633,买盘
1096,13:19:03,5.56,--,83,46565,卖盘
1097,13:18:57,5.56,--,188,104527,卖盘
1098,13:18:53,5.56,-0.01,8,4448,卖盘
1099,13:18:48,5.57,0.01,1,557,买盘
1100,13:18:42,5.56,--,779,433123,卖盘
1101,13:18:38,5.56,--,210,116759,卖盘
1102,13:18:27,5.56,--,1,556,卖盘
1103,13:18:18,5.56,-0.01,34,18904,卖盘
1104,13:18:08,5.57,--,2,1114,买盘
1105,13:18:02,5.57,--,1,557,买盘
1106,13:17:57,5.57,0.01,11,6127,买盘
1107,13:17:48,5.56,--,495,275220,卖盘
1108,13:17:42,5.56,--,234,130103,卖盘
1109,13:17:36,5.56,--,346,192376,卖盘
1110,13:17:32,5.56,--,2602,1446845,买盘
1111,13:17:27,5.56,--,412,229405,买盘
1112,13:17:21,5.56,--,20,11120,买盘
1113,13:17:17,5.56,--,105,58379,买盘
1114,13:17:12,5.56,--,342,190152,买盘
1115,13:17:06,5.56,--,78,43368,买盘
1116,13:17:02,5.56,--,340,189040,买盘
1117,13:16:57,5.56,--,314,174584,买盘
1118,13:16:51,5.56,--,260,144560,买盘
1119,13:16:47,5.56,0.01,386,214893,买盘
1120,13:16:42,5.55,-0.01,200,111000,卖盘
1121,13:16:36,5.56,--,66,36696,买盘
1122,13:16:32,5.56,--,230,127879,买盘
1123,13:16:27,5.56,--,185,102860,买盘
1124,13:16:21,5.56,--,433,240747,买盘
1125,13:16:17,5.56,--,62,34472,买盘
1126,13:16:12,5.56,0.01,249,138444,买盘
1127,13:16:06,5.55,-0.01,55,30525,卖盘
1128,13:16:02,5.56,--,50,27799,买盘
1129,13:15:56,5.56,--,160,88960,买盘
1130,13:15:51,5.56,--,88,48928,买盘
1131,13:15:47,5.56,0.01,65,36140,买盘
1132,13:15:42,5.55,-0.01,116,64380,卖盘
1133,13:15:36,5.56,--,103,57267,买盘
1134,13:15:32,5.56,--,36,20016,买盘
1135,13:15:27,5.56,--,262,145672,买盘
1136,13:15:21,5.56,--,8,4448,买盘
1137,13:15:17,5.56,0.01,227,126211,买盘
1138,13:15:12,5.55,--,10,5550,卖盘
1139,13:15:06,5.55,-0.01,234,129870,卖盘
1140,13:15:02,5.56,--,113,62827,买盘
1141,13:14:57,5.56,--,133,73948,买盘
1142,13:14:51,5.56,--,5,2780,买盘
1143,13:14:42,5.56,--,114,63383,买盘
1144,13:14:36,5.56,0.01,87,48372,买盘
1145,13:14:32,5.55,-0.01,1,555,卖盘
1146,13:14:27,5.56,--,153,85140,买盘
1147,13:14:21,5.56,--,44,24464,买盘
1148,13:14:17,5.56,0.01,10,5560,买盘
1149,13:14:12,5.55,--,12,6660,卖盘
1150,13:14:02,5.55,-0.01,10,5550,卖盘
1151,13:13:57,5.56,0.01,30,16680,买盘
1152,13:13:51,5.55,-0.01,129,71595,卖盘
1153,13:13:42,5.56,--,106,58935,买盘
1154,13:13:36,5.56,--,11,6116,买盘
1155,13:13:32,5.56,--,163,90628,买盘
1156,13:13:27,5.56,--,112,62271,买盘
1157,13:13:21,5.56,0.01,52,28911,买盘
1158,13:13:17,5.55,-0.01,11,6105,卖盘
1159,13:13:12,5.56,--,683,379748,买盘
1160,13:13:06,5.56,--,27,15011,买盘
1161,13:13:02,5.56,0.01,10,5560,买盘
1162,13:12:57,5.55,-0.02,1102,611615,卖盘
1163,13:12:51,5.57,0.01,32,17824,买盘
1164,13:12:47,5.56,--,310,172910,卖盘
1165,13:12:42,5.56,-0.01,37,20572,卖盘
1166,13:12:36,5.57,0.01,41,22837,买盘
1167,13:12:32,5.56,--,133,73948,卖盘
1168,13:12:27,5.56,--,65,36140,卖盘
1169,13:12:21,5.56,--,10,5560,卖盘
1170,13:12:12,5.56,--,97,53931,买盘
1171,13:12:06,5.56,--,12,6671,买盘
1172,13:12:02,5.56,--,53,29467,买盘
1173,13:11:57,5.56,0.01,220,122319,中性盘
1174,13:11:51,5.55,-0.01,5171,2869905,卖盘
1175,13:11:47,5.56,--,30,16680,卖盘
1176,13:11:36,5.56,--,10,5560,卖盘
1177,13:11:32,5.56,-0.01,3000,1667999,卖盘
1178,13:11:27,5.57,--,522,290754,买盘
1179,13:11:21,5.57,0.01,147,81879,买盘
1180,13:11:17,5.56,--,53,29467,卖盘
1181,13:11:12,5.56,-0.01,61,33916,卖盘
1182,13:11:06,5.57,--,52,28964,买盘
1183,13:11:01,5.57,0.01,17,9469,买盘
1184,13:10:57,5.56,--,38,21128,卖盘
1185,13:10:51,5.56,-0.01,331,184036,卖盘
1186,13:10:46,5.57,0.01,37,20609,买盘
1187,13:10:42,5.56,-0.01,510,283560,卖盘
1188,13:10:36,5.57,0.01,11,6127,买盘
1189,13:10:26,5.56,-0.01,277,154012,卖盘
1190,13:10:21,5.57,0.01,31,17267,买盘
1191,13:10:15,5.56,--,21,11676,卖盘
1192,13:10:11,5.56,-0.01,10,5560,卖盘
1193,13:10:06,5.57,0.01,33,18381,买盘
1194,13:10:00,5.56,--,179,99524,卖盘
1195,13:09:56,5.56,--,35,19460,卖盘
1196,13:09:51,5.56,--,110,61159,卖盘
1197,13:09:45,5.56,--,168,93408,卖盘
1198,13:09:41,5.56,--,11,6116,卖盘
1199,13:09:36,5.56,-0.01,1089,605484,卖盘
1200,13:09:30,5.57,0.01,1,557,买盘
1201,13:09:20,5.56,--,23,12788,卖盘
1202,13:09:15,5.56,-0.01,90,50040,卖盘
1203,13:09:06,5.57,--,258,144123,买盘
1204,13:09:00,5.57,--,1,557,买盘
1205,13:08:56,5.57,0.01,15,8355,买盘
1206,13:08:50,5.56,--,92,51152,卖盘
1207,13:08:45,5.56,--,23,12788,卖盘
1208,13:08:41,5.56,-0.01,10,5560,卖盘
1209,13:08:36,5.57,--,2,1114,买盘
1210,13:08:29,5.57,0.01,72,40104,买盘
1211,13:08:26,5.56,--,80,44480,卖盘
1212,13:08:21,5.56,--,10,5560,卖盘
1213,13:08:15,5.56,--,10,5560,卖盘
1214,13:08:11,5.56,-0.01,326,181806,卖盘
1215,13:08:05,5.57,0.01,19,10583,买盘
1216,13:07:59,5.56,-0.01,13,7227,卖盘
1217,13:07:51,5.57,0.01,2,1114,买盘
1218,13:07:45,5.56,-0.01,649,360844,卖盘
1219,13:07:36,5.57,0.01,551,306907,买盘
1220,13:07:29,5.56,--,60,33360,卖盘
1221,13:07:26,5.56,--,110,61159,卖盘
1222,13:07:20,5.56,--,324,180694,卖盘
1223,13:07:14,5.56,-0.01,72,40171,卖盘
1224,13:07:11,5.57,0.01,10,5570,买盘
1225,13:07:05,5.56,--,10,5560,卖盘
1226,13:06:56,5.56,-0.01,4,2224,卖盘
1227,13:06:51,5.57,--,15,8355,买盘
1228,13:06:45,5.57,0.01,44,24508,买盘
1229,13:06:41,5.56,-0.01,7,3891,卖盘
1230,13:06:35,5.57,--,32,17824,买盘
1231,13:06:29,5.57,0.01,226,125882,买盘
1232,13:06:15,5.56,-0.01,4,2224,卖盘
1233,13:06:05,5.57,0.01,8,4456,买盘
1234,13:05:56,5.56,--,81,45036,卖盘
1235,13:05:50,5.56,-0.01,80,44480,卖盘
1236,13:05:41,5.57,--,23,12811,买盘
1237,13:05:35,5.57,0.01,244,135908,买盘
1238,13:05:29,5.56,-0.01,26,14455,卖盘
1239,13:05:20,5.57,--,15,8355,买盘
1240,13:05:14,5.57,0.01,94,52358,买盘
1241,13:05:05,5.56,--,60,33360,卖盘
1242,13:04:59,5.56,-0.01,5,2780,卖盘
1243,13:04:50,5.57,0.01,2,1114,买盘
1244,13:04:44,5.56,-0.01,20,11120,卖盘
1245,13:04:35,5.57,--,61,33977,买盘
1246,13:04:29,5.57,0.01,82,45674,买盘
1247,13:04:26,5.56,-0.01,50,27799,卖盘
1248,13:04:20,5.57,--,4,2228,买盘
1249,13:04:14,5.57,--,2,1114,买盘
1250,13:04:05,5.57,--,24,13368,买盘
1251,13:03:59,5.57,0.01,178,99146,买盘
1252,13:03:50,5.56,-0.01,158,87848,卖盘
1253,13:03:44,5.57,--,21,11697,买盘
1254,13:03:40,5.57,--,1,557,买盘
1255,13:03:35,5.57,--,123,68511,买盘
1256,13:03:29,5.57,0.01,31,17267,买盘
1257,13:03:25,5.56,--,1,556,卖盘
1258,13:03:20,5.56,-0.01,149,82844,卖盘
1259,13:03:14,5.57,0.01,2,1114,买盘
1260,13:03:08,5.56,--,20,11120,卖盘
1261,13:03:05,5.56,--,57,31691,卖盘
1262,13:02:59,5.56,--,149,82844,卖盘
1263,13:02:53,5.56,--,1,556,卖盘
1264,13:02:50,5.56,-0.01,3,1667,卖盘
1265,13:02:44,5.57,--,20,11140,买盘
1266,13:02:38,5.57,0.01,75,41775,买盘
1267,13:02:29,5.56,-0.01,83,46148,卖盘
1268,13:02:14,5.57,0.01,97,54029,买盘
1269,13:02:08,5.56,--,82,45592,卖盘
1270,13:02:05,5.56,--,513,285228,卖盘
1271,13:01:59,5.56,--,143,79508,卖盘
1272,13:01:53,5.56,-0.01,6395,3555619,卖盘
1273,13:01:50,5.57,0.01,21,11697,买盘
1274,13:01:44,5.56,-0.01,150,83400,卖盘
1275,13:01:38,5.57,0.01,679,378203,买盘
1276,13:01:29,5.56,--,2,1112,卖盘
1277,13:01:23,5.56,--,90,50040,卖盘
1278,13:01:14,5.56,--,182,101192,卖盘
1279,13:01:08,5.56,-0.01,131,72836,卖盘
1280,13:00:59,5.57,--,162,90234,买盘
1281,13:00:53,5.57,0.01,16,8912,买盘
1282,13:00:44,5.56,-0.01,56,31135,卖盘
1283,13:00:38,5.57,--,2,1114,买盘
1284,13:00:35,5.57,0.01,11,6127,买盘
1285,13:00:29,5.56,--,1,556,卖盘
1286,13:00:23,5.56,--,3,1667,卖盘
1287,13:00:20,5.56,--,55,30579,卖盘
1288,13:00:14,5.56,--,125,69500,卖盘
1289,13:00:08,5.56,--,1615,897939,卖盘
1290,13:00:05,5.56,--,916,509796,卖盘
1291,11:30:00,5.56,--,0,0,卖盘
1292,11:29:59,5.56,--,0,0,卖盘
1293,11:29:59,5.56,--,35,19460,卖盘
1294,11:29:57,5.56,-0.01,20,11120,卖盘
1295,11:29:52,5.57,--,165,91905,买盘
1296,11:29:41,5.57,--,61,33977,买盘
1297,11:29:37,5.57,--,27,15039,买盘
1298,11:29:31,5.57,--,1,557,买盘
1299,11:29:27,5.57,0.01,114,63498,买盘
1300,11:29:07,5.56,--,2,1112,卖盘
1301,11:29:01,5.56,-0.01,174,96744,卖盘
1302,11:28:56,5.57,--,7,3899,买盘
1303,11:28:52,5.57,--,1,557,买盘
1304,11:28:46,5.57,0.01,1145,637765,买盘
1305,11:28:41,5.56,--,7,3891,卖盘
1306,11:28:36,5.56,--,362,201272,卖盘
1307,11:28:26,5.56,-0.01,40,22240,卖盘
1308,11:28:16,5.57,--,1,557,买盘
1309,11:28:11,5.57,--,66,36762,买盘
1310,11:28:06,5.57,0.01,58,32306,买盘
1311,11:28:01,5.56,-0.01,99,55049,卖盘
1312,11:27:56,5.57,--,702,391014,买盘
1313,11:27:41,5.57,--,1,557,买盘
1314,11:27:36,5.57,0.01,201,111957,买盘
1315,11:27:31,5.56,--,14,7783,卖盘
1316,11:27:26,5.56,-0.01,10,5560,卖盘
1317,11:27:21,5.57,--,1,557,买盘
1318,11:27:10,5.57,--,35,19495,买盘
1319,11:27:06,5.57,0.01,21,11697,买盘
1320,11:27:01,5.56,-0.01,11,6116,卖盘
1321,11:26:55,5.57,0.01,242,134794,买盘
1322,11:26:51,5.56,--,1,556,卖盘
1323,11:26:40,5.56,-0.01,310,172910,卖盘
1324,11:26:36,5.57,--,6,3342,买盘
1325,11:26:31,5.57,0.01,1,557,买盘
1326,11:26:25,5.56,-0.01,80,44480,卖盘
1327,11:26:21,5.57,--,156,86892,买盘
1328,11:26:16,5.57,0.01,2,1114,买盘
1329,11:26:10,5.56,-0.01,178,98968,卖盘
1330,11:26:06,5.57,0.01,1,557,买盘
1331,11:26:01,5.56,-0.01,322,179032,卖盘
1332,11:25:54,5.57,--,1,557,买盘
1333,11:25:39,5.57,--,1,557,买盘
1334,11:25:36,5.57,0.01,37,20609,买盘
1335,11:25:30,5.56,-0.01,381,211835,卖盘
1336,11:25:24,5.57,--,3,1671,买盘
1337,11:25:21,5.57,--,320,178240,买盘
1338,11:25:16,5.57,0.01,33,18381,买盘
1339,11:25:10,5.56,--,20,11120,卖盘
1340,11:25:06,5.56,-0.01,2,1112,卖盘
1341,11:25:00,5.57,--,102,56814,买盘
1342,11:24:54,5.57,--,263,146491,买盘
1343,11:24:51,5.57,0.01,6,3342,买盘
1344,11:24:46,5.56,-0.01,2,1112,卖盘
1345,11:24:40,5.57,--,43,23951,买盘
1346,11:24:36,5.57,0.01,1,557,买盘
1347,11:24:30,5.56,--,162,90350,卖盘
1348,11:24:21,5.56,--,166,92296,卖盘
1349,11:24:15,5.56,-0.01,15,8340,卖盘
1350,11:24:09,5.57,--,115,64055,买盘
1351,11:24:06,5.57,0.01,2,1114,买盘
1352,11:24:00,5.56,-0.01,1,556,卖盘
1353,11:23:54,5.57,0.01,558,310806,买盘
1354,11:23:51,5.56,--,42,23352,卖盘
1355,11:23:45,5.56,-0.01,123,68388,卖盘
1356,11:23:40,5.57,--,155,86335,买盘
1357,11:23:30,5.57,0.01,62,34534,买盘
1358,11:23:15,5.56,-0.01,79,43924,卖盘
1359,11:23:09,5.57,--,37,20609,买盘
1360,11:23:05,5.57,0.01,69,38433,买盘
1361,11:23:00,5.56,--,116,64495,卖盘
1362,11:22:55,5.56,-0.01,152,84512,卖盘
1363,11:22:51,5.57,--,1,557,买盘
1364,11:22:45,5.57,0.01,22,12254,买盘
1365,11:22:39,5.56,-0.01,210,116759,卖盘
1366,11:22:35,5.57,--,1,557,买盘
1367,11:22:30,5.57,--,204,113628,买盘
1368,11:22:24,5.57,--,157,87449,买盘
1369,11:22:15,5.57,0.01,24,13368,买盘
1370,11:22:09,5.56,-0.01,316,175696,卖盘
1371,11:22:06,5.57,--,21,11697,买盘
1372,11:22:00,5.57,0.01,101,56257,买盘
1373,11:21:54,5.56,--,12,6671,卖盘
1374,11:21:51,5.56,--,10,5560,卖盘
1375,11:21:45,5.56,-0.01,2,1112,卖盘
1376,11:21:39,5.57,0.01,8,4456,买盘
1377,11:21:36,5.56,--,18,10008,卖盘
1378,11:21:30,5.56,-0.01,160,88960,卖盘
1379,11:21:24,5.57,0.01,760,423320,买盘
1380,11:21:15,5.56,--,90,50040,卖盘
1381,11:21:09,5.56,--,9,5004,卖盘
1382,11:21:05,5.56,--,2,1112,卖盘
1383,11:21:00,5.56,--,177,98412,卖盘
1384,11:20:54,5.56,--,286,159016,卖盘
1385,11:20:50,5.56,--,100,55599,卖盘
1386,11:20:45,5.56,-0.01,223,123987,卖盘
1387,11:20:39,5.57,--,151,84107,买盘
1388,11:20:35,5.57,--,40,22280,买盘
1389,11:20:30,5.57,0.01,1,557,买盘
1390,11:20:18,5.56,--,2,1112,卖盘
1391,11:20:15,5.56,--,89,49484,卖盘
1392,11:20:09,5.56,-0.01,467,259651,卖盘
1393,11:20:03,5.57,--,2,1114,买盘
1394,11:20:00,5.57,--,839,467323,买盘
1395,11:19:54,5.57,--,50,27850,买盘
1396,11:19:48,5.57,--,350,194950,买盘
1397,11:19:45,5.57,--,4,2228,买盘
1398,11:19:33,5.57,0.01,208,115856,买盘
1399,11:19:30,5.56,-0.01,5,2780,卖盘
1400,11:19:24,5.57,--,202,112514,买盘
1401,11:19:18,5.57,0.01,51,28407,买盘
1402,11:19:15,5.56,--,10,5560,卖盘
1403,11:19:09,5.56,-0.01,265,147340,卖盘
1404,11:19:03,5.57,0.01,100,55700,买盘
1405,11:18:54,5.56,--,11,6116,卖盘
1406,11:18:48,5.56,-0.01,30,16680,卖盘
1407,11:18:45,5.57,--,147,81879,买盘
1408,11:18:39,5.57,--,1,557,买盘
1409,11:18:33,5.57,0.01,3,1671,买盘
1410,11:18:30,5.56,--,130,72280,卖盘
1411,11:18:24,5.56,--,164,91184,卖盘
1412,11:18:18,5.56,--,38,21128,卖盘
1413,11:18:15,5.56,--,110,61159,卖盘
1414,11:18:09,5.56,--,1,556,卖盘
1415,11:18:03,5.56,--,3,1667,卖盘
1416,11:17:48,5.56,-0.01,36,20016,卖盘
1417,11:17:45,5.57,--,4,2228,买盘
1418,11:17:33,5.57,--,208,115856,买盘
1419,11:17:30,5.57,0.01,34,18938,买盘
1420,11:17:24,5.56,-0.01,128,71168,卖盘
1421,11:17:18,5.57,--,130,72410,买盘
1422,11:17:03,5.57,0.01,1,557,买盘
1423,11:17:00,5.56,-0.01,80,44480,卖盘
1424,11:16:54,5.57,--,13,7241,买盘
1425,11:16:45,5.57,0.01,136,75752,买盘
1426,11:16:39,5.56,--,3,1667,卖盘
1427,11:16:33,5.56,--,8,4448,卖盘
1428,11:16:18,5.56,-0.01,105,58379,卖盘
1429,11:16:15,5.57,--,152,84664,买盘
1430,11:16:09,5.57,--,3,1671,买盘
1431,11:16:03,5.57,--,107,59599,买盘
1432,11:16:00,5.57,--,30,16710,买盘
1433,11:15:54,5.57,--,13,7241,买盘
1434,11:15:48,5.57,--,5,2785,买盘
1435,11:15:39,5.57,0.01,11,6127,买盘
1436,11:15:33,5.56,-0.01,124,68944,卖盘
1437,11:15:30,5.57,--,10,5570,买盘
1438,11:15:18,5.57,0.01,110,61270,买盘
1439,11:15:09,5.56,-0.01,7,3891,卖盘
1440,11:15:03,5.57,0.01,6,3342,买盘
1441,11:14:54,5.56,--,40,22240,卖盘
1442,11:14:48,5.56,--,228,126767,卖盘
1443,11:14:44,5.56,-0.01,279,155124,卖盘
1444,11:14:33,5.57,--,146,81322,买盘
1445,11:14:29,5.57,--,1,557,买盘
1446,11:14:24,5.57,0.01,161,89677,买盘
1447,11:14:18,5.56,--,82,45592,卖盘
1448,11:14:14,5.56,--,10,5560,卖盘
1449,11:14:09,5.56,--,80,44480,卖盘
1450,11:14:03,5.56,--,28,15567,卖盘
1451,11:13:59,5.56,-0.01,58,32247,卖盘
1452,11:13:54,5.57,0.01,1,557,买盘
1453,11:13:48,5.56,-0.01,60,33360,卖盘
1454,11:13:44,5.57,0.01,63,35091,买盘
1455,11:13:39,5.56,--,933,519159,买盘
1456,11:13:33,5.56,--,547,304132,买盘
1457,11:13:29,5.56,--,117,65051,买盘
1458,11:13:24,5.56,--,304,169024,买盘
1459,11:13:18,5.56,--,729,405324,买盘
1460,11:13:12,5.56,--,6000,3335999,买盘
1461,11:13:09,5.56,--,30,16680,买盘
1462,11:13:03,5.56,--,504,280224,买盘
1463,11:12:54,5.56,--,77,42812,买盘
1464,11:12:48,5.56,--,399,221843,买盘
1465,11:12:39,5.56,--,33,18348,买盘
1466,11:12:33,5.56,0.01,63,35028,买盘
1467,11:12:27,5.55,-0.01,242,134310,卖盘
1468,11:12:24,5.56,--,85,47260,买盘
1469,11:12:18,5.56,--,190,105639,买盘
1470,11:12:12,5.56,--,50,27799,买盘
1471,11:12:09,5.56,--,283,157348,买盘
1472,11:12:03,5.56,--,631,350980,卖盘
1473,11:11:54,5.56,--,135,75471,买盘
1474,11:11:48,5.56,0.01,1240,689440,买盘
1475,11:11:42,5.55,-0.01,214,118770,卖盘
1476,11:11:39,5.56,--,150,83400,买盘
1477,11:11:33,5.56,--,828,460367,买盘
1478,11:11:27,5.56,--,296,164576,买盘
1479,11:11:24,5.56,--,61,33916,买盘
1480,11:11:18,5.56,--,241,133996,买盘
1481,11:11:12,5.56,--,58,32247,买盘
1482,11:11:09,5.56,--,2274,1264344,买盘
1483,11:11:03,5.56,--,5,2780,买盘
1484,11:10:57,5.56,--,68,37808,买盘
1485,11:10:54,5.56,--,11,6116,买盘
1486,11:10:48,5.56,--,53,29467,买盘
1487,11:10:42,5.56,--,77,42812,买盘
1488,11:10:39,5.56,--,190,105639,买盘
1489,11:10:33,5.56,--,929,516523,买盘
1490,11:10:27,5.56,--,37,20572,买盘
1491,11:10:18,5.56,--,498,276888,买盘
1492,11:10:12,5.56,--,25,13899,买盘
1493,11:10:09,5.56,0.01,100,55599,买盘
1494,11:10:03,5.55,-0.01,113,62715,卖盘
1495,11:09:57,5.56,--,310,172360,买盘
1496,11:09:54,5.56,--,15,8340,买盘
1497,11:09:48,5.56,--,25,13899,买盘
1498,11:09:42,5.56,--,176,97856,买盘
1499,11:09:39,5.56,0.01,42,23352,买盘
1500,11:09:33,5.55,-0.01,275,152625,卖盘
1501,11:09:27,5.56,--,54,30023,买盘
1502,11:09:24,5.56,--,100,55599,买盘
1503,11:09:18,5.56,--,85,47260,买盘
1504,11:09:12,5.56,--,130,72280,买盘
1505,11:09:09,5.56,--,101,56155,买盘
1506,11:09:03,5.56,--,110,61159,买盘
1507,11:08:57,5.56,--,116,64495,买盘
1508,11:08:54,5.56,0.01,92,51152,买盘
1509,11:08:48,5.55,-0.01,59,32745,卖盘
1510,11:08:42,5.56,--,1272,707232,买盘
1511,11:08:39,5.56,0.01,68,37808,买盘
1512,11:08:33,5.55,-0.01,247,137085,卖盘
1513,11:08:27,5.56,--,401,222955,买盘
1514,11:08:23,5.56,0.01,69,38364,买盘
1515,11:08:18,5.55,-0.01,186,103230,卖盘
1516,11:08:12,5.56,0.01,348,193488,买盘
1517,11:08:08,5.55,-0.01,430,238650,卖盘
1518,11:08:03,5.56,--,90,50040,买盘
1519,11:07:57,5.56,--,390,216839,买盘
1520,11:07:53,5.56,0.01,10,5560,买盘
1521,11:07:48,5.55,--,958,531690,卖盘
1522,11:07:42,5.55,--,340,188700,卖盘
1523,11:07:38,5.55,-0.01,39,21645,卖盘
1524,11:07:33,5.56,0.01,419,232963,买盘
1525,11:07:27,5.55,-0.01,1569,870795,卖盘
1526,11:07:18,5.56,--,31,17236,买盘
1527,11:07:12,5.56,--,7,3891,买盘
1528,11:07:08,5.56,0.01,20,11120,买盘
1529,11:07:03,5.55,-0.01,150,83250,卖盘
1530,11:06:48,5.56,--,18,10008,买盘
1531,11:06:42,5.56,--,63,35028,买盘
1532,11:06:38,5.56,0.01,100,55599,买盘
1533,11:06:33,5.55,-0.01,252,139860,卖盘
1534,11:06:27,5.56,--,251,139556,买盘
1535,11:06:23,5.56,--,106,58935,买盘
1536,11:06:18,5.56,--,258,143448,买盘
1537,11:06:12,5.56,--,93,51708,买盘
1538,11:06:08,5.56,--,36,20016,买盘
1539,11:06:03,5.56,--,166,92296,买盘
1540,11:05:57,5.56,--,15,8340,买盘
1541,11:05:51,5.56,--,20,11120,买盘
1542,11:05:48,5.56,--,24,13343,买盘
1543,11:05:42,5.56,--,84,46704,买盘
1544,11:05:33,5.56,--,58,32247,买盘
1545,11:05:27,5.56,--,135,75060,买盘
1546,11:05:21,5.56,0.01,111,61715,买盘
1547,11:05:18,5.55,--,423,234765,卖盘
1548,11:05:12,5.55,-0.01,275,152625,卖盘
1549,11:05:06,5.56,--,47,26131,买盘
1550,11:05:03,5.56,0.01,43,23908,买盘
1551,11:04:57,5.55,-0.01,312,173160,卖盘
1552,11:04:51,5.56,0.01,5,2780,买盘
1553,11:04:48,5.55,--,200,111000,卖盘
1554,11:04:42,5.55,-0.01,60,33300,卖盘
1555,11:04:36,5.56,0.01,493,274108,买盘
1556,11:04:27,5.55,-0.01,158,87690,卖盘
1557,11:04:21,5.56,--,30,16680,买盘
1558,11:04:18,5.56,--,73,40588,买盘
1559,11:04:12,5.56,--,172,95632,买盘
1560,11:04:06,5.56,0.01,146,81176,买盘
1561,11:04:03,5.55,--,20,11100,卖盘
1562,11:03:57,5.55,--,413,229215,卖盘
1563,11:03:51,5.55,-0.01,144,79920,卖盘
1564,11:03:42,5.56,0.01,123,68388,买盘
1565,11:03:36,5.55,--,21,11655,卖盘
1566,11:03:33,5.55,-0.01,59,32745,卖盘
1567,11:03:27,5.56,0.01,25,13899,买盘
1568,11:03:21,5.55,-0.01,127,70485,卖盘
1569,11:03:18,5.56,--,1,556,买盘
1570,11:03:12,5.56,--,156,86736,买盘
1571,11:03:06,5.56,0.01,123,68388,买盘
1572,11:03:03,5.55,--,200,111000,卖盘
1573,11:02:57,5.55,--,3,1665,卖盘
1574,11:02:51,5.55,-0.01,420,233100,卖盘
1575,11:02:42,5.56,0.01,1224,680544,买盘
1576,11:02:36,5.55,-0.01,151,83805,卖盘
1577,11:02:33,5.56,--,188,104527,买盘
1578,11:02:27,5.56,--,101,56155,买盘
1579,11:02:21,5.56,0.01,238,132328,买盘
1580,11:02:18,5.55,-0.01,308,170940,卖盘
1581,11:02:12,5.56,--,52,28911,买盘
1582,11:02:06,5.56,0.01,204,113423,买盘
1583,11:02:03,5.55,-0.01,72,39960,卖盘
1584,11:01:57,5.56,0.01,216,120095,买盘
1585,11:01:51,5.55,--,83,46065,卖盘
1586,11:01:48,5.55,--,25,13875,卖盘
1587,11:01:42,5.55,-0.01,54,29970,卖盘
1588,11:01:36,5.56,--,73,40588,买盘
1589,11:01:32,5.56,--,352,195712,买盘
1590,11:01:27,5.56,--,60,33360,买盘
1591,11:01:17,5.56,--,71,39476,买盘
1592,11:01:12,5.56,0.01,121,67276,买盘
1593,11:01:06,5.55,--,130,72150,卖盘
1594,11:01:02,5.55,--,20,11100,卖盘
1595,11:00:57,5.55,-0.01,52,28860,卖盘
1596,11:00:51,5.56,0.01,84,46704,买盘
1597,11:00:47,5.55,-0.01,307,170385,卖盘
1598,11:00:42,5.56,--,237,131772,买盘
1599,11:00:36,5.56,--,97,53931,买盘
1600,11:00:32,5.56,0.01,135,75060,买盘
1601,11:00:27,5.55,--,79,43845,卖盘
1602,11:00:21,5.55,--,839,465645,卖盘
1603,11:00:17,5.55,-0.01,412,228660,卖盘
1604,11:00:12,5.56,--,353,196268,买盘
1605,11:00:06,5.56,--,2515,1398845,卖盘
1606,11:00:02,5.56,-0.01,366,203496,卖盘
1607,10:59:57,5.57,--,5135,2860195,买盘
1608,10:59:51,5.57,0.01,7828,4360196,买盘
1609,10:59:47,5.56,--,120,66720,卖盘
1610,10:59:42,5.56,--,20,11120,卖盘
1611,10:59:36,5.56,--,7,3891,卖盘
1612,10:59:32,5.56,-0.01,11,6116,卖盘
1613,10:59:27,5.57,0.01,31,17267,买盘
1614,10:59:21,5.56,--,197,109531,卖盘
1615,10:59:17,5.56,--,129,71724,卖盘
1616,10:59:12,5.56,-0.01,198,110087,卖盘
1617,10:59:06,5.57,--,17,9469,买盘
1618,10:59:02,5.57,--,87,48459,买盘
1619,10:58:57,5.57,--,66,36762,买盘
1620,10:58:51,5.57,0.01,1,557,买盘
1621,10:58:47,5.56,-0.01,33,18348,卖盘
1622,10:58:36,5.57,0.01,176,98032,买盘
1623,10:58:30,5.56,--,71,39476,卖盘
1624,10:58:27,5.56,-0.01,258,143448,卖盘
1625,10:58:21,5.57,0.01,4,2228,买盘
1626,10:58:15,5.56,--,100,55599,卖盘
1627,10:58:12,5.56,--,117,65051,卖盘
1628,10:58:06,5.56,--,102,56711,卖盘
1629,10:57:57,5.56,-0.01,143,79508,卖盘
1630,10:57:51,5.57,0.01,123,68511,买盘
1631,10:57:45,5.56,-0.01,2,1112,卖盘
1632,10:57:41,5.57,--,33,18381,买盘
1633,10:57:36,5.57,--,232,129224,买盘
1634,10:57:30,5.57,0.01,521,290197,买盘
1635,10:57:27,5.56,-0.01,8,4448,卖盘
1636,10:57:21,5.57,0.01,56,31192,买盘
1637,10:57:15,5.56,--,167,92852,卖盘
1638,10:57:11,5.56,--,100,55599,卖盘
1639,10:57:06,5.56,--,63,35028,卖盘
1640,10:56:57,5.56,-0.01,4,2224,卖盘
1641,10:56:51,5.57,--,8,4456,买盘
1642,10:56:45,5.57,--,10,5570,买盘
1643,10:56:41,5.57,0.01,310,172670,买盘
1644,10:56:36,5.56,-0.01,96,53375,卖盘
1645,10:56:30,5.57,--,50,27850,买盘
1646,10:56:27,5.57,0.01,119,66283,买盘
1647,10:56:21,5.56,-0.01,2,1112,卖盘
1648,10:56:15,5.57,0.01,159,88563,买盘
1649,10:56:06,5.56,--,69,38364,卖盘
1650,10:56:00,5.56,-0.01,34,18904,卖盘
1651,10:55:57,5.57,0.01,1,557,买盘
1652,10:55:51,5.56,--,598,332488,卖盘
1653,10:55:45,5.56,-0.01,1010,561560,卖盘
1654,10:55:41,5.57,0.01,144,80208,买盘
1655,10:55:36,5.56,--,67,37252,卖盘
1656,10:55:30,5.56,--,377,209611,卖盘
1657,10:55:26,5.56,--,664,369184,卖盘
1658,10:55:21,5.56,-0.01,201,111755,卖盘
1659,10:55:15,5.57,--,336,187152,买盘
1660,10:55:06,5.57,--,1,557,买盘
1661,10:55:00,5.57,--,10,5570,买盘
1662,10:54:51,5.57,--,42,23394,买盘
1663,10:54:45,5.57,0.01,2,1114,买盘
1664,10:54:41,5.56,-0.01,1149,638844,卖盘
1665,10:54:36,5.57,--,1,557,买盘
1666,10:54:30,5.57,0.01,197,109729,买盘
1667,10:54:26,5.56,--,2,1112,卖盘
1668,10:54:21,5.56,-0.01,32,17792,卖盘
1669,10:54:15,5.57,--,1000,557000,买盘
1670,10:54:06,5.57,--,518,288526,买盘
1671,10:54:00,5.57,--,200,111400,买盘
1672,10:53:51,5.57,0.01,34,18938,买盘
1673,10:53:45,5.56,-0.01,75,41700,卖盘
1674,10:53:41,5.57,0.01,10,5570,买盘
1675,10:53:36,5.56,--,148,82288,卖盘
1676,10:53:30,5.56,-0.01,103,57267,卖盘
1677,10:53:26,5.57,--,35,19495,买盘
1678,10:53:21,5.57,0.01,11,6127,买盘
1679,10:53:15,5.56,--,27,15011,卖盘
1680,10:53:11,5.56,-0.01,27,15011,卖盘
1681,10:53:06,5.57,--,84,46788,买盘
1682,10:53:00,5.57,0.01,1467,817119,买盘
1683,10:52:56,5.56,--,42,23352,卖盘
1684,10:52:51,5.56,-0.01,20,11120,卖盘
1685,10:52:45,5.57,0.01,120,66840,买盘
1686,10:52:41,5.56,-0.01,626,348056,卖盘
1687,10:52:36,5.57,--,32,17824,买盘
1688,10:52:30,5.57,0.01,150,83550,买盘
1689,10:52:26,5.56,-0.01,20,11120,卖盘
1690,10:52:21,5.57,0.01,1,557,买盘
1691,10:52:15,5.56,-0.01,210,116759,卖盘
1692,10:52:11,5.57,--,1,557,买盘
1693,10:52:06,5.57,0.01,9,5013,买盘
1694,10:52:00,5.56,--,42,23352,卖盘
1695,10:51:56,5.56,--,43,23908,卖盘
1696,10:51:51,5.56,-0.01,40,22240,卖盘
1697,10:51:45,5.57,0.01,1,557,买盘
1698,10:51:36,5.56,--,10,5560,卖盘
1699,10:51:30,5.56,-0.01,35,19460,卖盘
1700,10:51:21,5.57,--,80,44560,买盘
1701,10:51:15,5.57,--,17,9469,买盘
1702,10:51:11,5.57,0.01,37,20609,买盘
1703,10:51:06,5.56,-0.01,51,28355,卖盘
1704,10:51:00,5.57,0.01,51,28407,买盘
1705,10:50:51,5.56,--,718,399208,卖盘
1706,10:50:45,5.56,-0.01,51,28355,卖盘
1707,10:50:39,5.57,--,1,557,买盘
1708,10:50:36,5.57,--,21,11697,买盘
1709,10:50:30,5.57,0.01,110,61270,买盘
1710,10:50:21,5.56,-0.01,267,148452,卖盘
1711,10:50:15,5.57,--,489,272373,买盘
1712,10:50:06,5.57,0.01,46,25622,买盘
1713,10:50:00,5.56,-0.01,370,205720,卖盘
1714,10:49:54,5.57,--,29,16153,买盘
1715,10:49:50,5.57,0.01,57,31749,买盘
1716,10:49:45,5.56,-0.01,90,50040,卖盘
1717,10:49:35,5.57,0.01,37,20609,买盘
1718,10:49:30,5.56,-0.01,3857,2144492,卖盘
1719,10:49:24,5.57,--,3,1671,买盘
1720,10:49:20,5.57,--,1,557,买盘
1721,10:49:15,5.57,--,100,55700,买盘
1722,10:49:09,5.57,--,7,3899,买盘
1723,10:49:05,5.57,0.01,1,557,买盘
1724,10:49:00,5.56,-0.01,7,3891,卖盘
1725,10:48:45,5.57,--,391,217787,买盘
1726,10:48:39,5.57,--,40,22280,买盘
1727,10:48:35,5.57,0.01,211,117527,买盘
1728,10:48:30,5.56,-0.01,49,27243,卖盘
1729,10:48:24,5.57,--,170,94690,买盘
1730,10:48:20,5.57,--,4,2228,买盘
1731,10:48:15,5.57,0.01,338,188266,买盘
1732,10:48:09,5.56,--,6,3335,卖盘
1733,10:48:05,5.56,--,91,50596,卖盘
1734,10:48:00,5.56,-0.01,76,42256,卖盘
1735,10:47:54,5.57,--,261,145377,买盘
1736,10:47:50,5.57,--,100,55700,买盘
1737,10:47:45,5.57,0.01,134,74638,买盘
1738,10:47:39,5.56,--,5,2780,卖盘
1739,10:47:35,5.56,-0.01,496,276054,卖盘
1740,10:47:30,5.57,0.01,891,496287,买盘
1741,10:47:24,5.56,--,10,5560,卖盘
1742,10:47:20,5.56,-0.01,10,5560,卖盘
1743,10:47:15,5.57,0.01,98,54586,买盘
1744,10:47:09,5.56,-0.01,54,30023,卖盘
1745,10:47:05,5.57,0.01,8,4456,买盘
1746,10:47:00,5.56,--,94,52263,卖盘
1747,10:46:54,5.56,-0.01,28,15567,卖盘
1748,10:46:45,5.57,0.01,56,31192,买盘
1749,10:46:39,5.56,-0.01,9,5004,卖盘
1750,10:46:35,5.57,--,1,557,买盘
1751,10:46:20,5.57,--,1,557,买盘
1752,10:46:15,5.57,0.01,608,338656,买盘
1753,10:46:09,5.56,-0.01,26,14455,卖盘
1754,10:46:05,5.57,0.01,1,557,买盘
1755,10:46:00,5.56,--,952,529312,卖盘
1756,10:45:54,5.56,--,220,122319,卖盘
1757,10:45:50,5.56,-0.01,187,103971,卖盘
1758,10:45:45,5.57,0.01,1,557,买盘
1759,10:45:39,5.56,--,10,5560,卖盘
1760,10:45:35,5.56,--,146,81176,卖盘
1761,10:45:30,5.56,--,30,16680,卖盘
1762,10:45:24,5.56,--,261,145116,卖盘
1763,10:45:15,5.56,--,353,196268,卖盘
1764,10:45:09,5.56,--,702,390312,卖盘
1765,10:45:05,5.56,0.01,1779,989452,买盘
1766,10:45:00,5.55,--,2204,1223220,卖盘
1767,10:44:54,5.55,-0.01,195,108225,卖盘
1768,10:44:50,5.56,--,9959,5537204,买盘
1769,10:44:45,5.56,0.01,184,102304,买盘
1770,10:44:39,5.55,--,99,54945,卖盘
1771,10:44:35,5.55,-0.01,239,132645,卖盘
1772,10:44:30,5.56,0.01,35,19460,买盘
1773,10:44:24,5.55,--,63,34965,卖盘
1774,10:44:20,5.55,--,20,11100,卖盘
1775,10:44:09,5.55,-0.01,6,3330,卖盘
1776,10:44:05,5.56,0.01,50,27799,买盘
1777,10:44:00,5.55,--,52,28860,卖盘
1778,10:43:54,5.55,--,310,172050,卖盘
1779,10:43:50,5.55,--,539,299145,卖盘
1780,10:43:45,5.55,-0.01,278,154290,卖盘
1781,10:43:39,5.56,0.01,103,57267,买盘
1782,10:43:35,5.55,-0.01,2,1110,卖盘
1783,10:43:30,5.56,--,244,135664,买盘
1784,10:43:24,5.56,--,30,16680,买盘
1785,10:43:20,5.56,0.01,143,79508,买盘
1786,10:43:15,5.55,-0.01,23,12765,卖盘
1787,10:43:09,5.56,0.01,129,71724,买盘
1788,10:43:05,5.55,-0.01,384,213120,卖盘
1789,10:43:00,5.56,--,121,67276,买盘
1790,10:42:54,5.56,--,955,530980,买盘
1791,10:42:49,5.56,--,1,556,买盘
1792,10:42:45,5.56,--,163,90628,买盘
1793,10:42:39,5.56,--,84,46704,买盘
1794,10:42:35,5.56,--,48,26687,买盘
1795,10:42:30,5.56,--,140,77840,买盘
1796,10:42:24,5.56,--,17,9452,买盘
1797,10:42:18,5.56,0.01,29,16123,买盘
1798,10:42:14,5.55,-0.01,195,108225,卖盘
1799,10:42:09,5.56,--,33,18348,买盘
1800,10:42:03,5.56,--,124,68944,买盘
1801,10:42:00,5.56,--,50,27799,买盘
1802,10:41:54,5.56,--,19890,11059067,卖盘
1803,10:41:48,5.56,-0.01,23,12788,卖盘
1804,10:41:45,5.57,--,833,463981,买盘
1805,10:41:39,5.57,--,333,185481,买盘
1806,10:41:33,5.57,0.01,122,67954,买盘
1807,10:41:29,5.56,-0.01,89,49484,卖盘
1808,10:41:24,5.57,--,221,123097,买盘
1809,10:41:18,5.57,0.01,194,108269,买盘
1810,10:41:14,5.56,-0.01,2,1112,卖盘
1811,10:41:09,5.57,0.01,124,69068,买盘
1812,10:41:03,5.56,--,183,101748,卖盘
1813,10:40:59,5.56,-0.01,118,65608,卖盘
1814,10:40:54,5.57,--,12,6684,买盘
1815,10:40:48,5.57,0.01,61,33977,买盘
1816,10:40:44,5.56,-0.01,1,556,卖盘
1817,10:40:39,5.57,--,148,82436,买盘
1818,10:40:33,5.57,0.01,200,111400,买盘
1819,10:40:29,5.56,-0.01,180,100080,卖盘
1820,10:40:24,5.57,--,156,86892,买盘
1821,10:40:18,5.57,0.01,570,317490,买盘
1822,10:40:14,5.56,--,80,44480,卖盘
1823,10:40:09,5.56,--,1310,728465,卖盘
1824,10:40:03,5.56,-0.01,1207,671092,卖盘
1825,10:39:59,5.57,--,128,71296,买盘
1826,10:39:54,5.57,--,274,152618,买盘
1827,10:39:48,5.57,0.01,175,97475,买盘
1828,10:39:44,5.56,-0.01,176,97856,卖盘
1829,10:39:39,5.57,--,449,250093,买盘
1830,10:39:33,5.57,--,417,232269,买盘
1831,10:39:29,5.57,--,110,61270,买盘
1832,10:39:24,5.57,--,397,221129,买盘
1833,10:39:18,5.57,--,235,130895,买盘
1834,10:39:14,5.57,--,3,1671,买盘
1835,10:39:09,5.57,--,182,101374,买盘
1836,10:39:03,5.57,--,643,358151,买盘
1837,10:38:59,5.57,--,168,93576,买盘
1838,10:38:54,5.57,--,1675,932975,买盘
1839,10:38:48,5.57,--,373,207761,买盘
1840,10:38:44,5.57,0.01,55,30635,买盘
1841,10:38:39,5.56,-0.01,1084,602704,卖盘
1842,10:38:32,5.57,--,63,35091,买盘
1843,10:38:29,5.57,--,209,116413,买盘
1844,10:38:24,5.57,0.01,60,33420,买盘
1845,10:38:18,5.56,-0.01,70,38920,卖盘
1846,10:38:14,5.57,0.01,10,5570,买盘
1847,10:38:09,5.56,-0.01,24,13343,卖盘
1848,10:38:03,5.57,--,149,82993,买盘
1849,10:37:59,5.57,--,20,11140,买盘
1850,10:37:53,5.57,--,40,22280,买盘
1851,10:37:48,5.57,--,63,35091,买盘
1852,10:37:44,5.57,--,111,61827,买盘
1853,10:37:39,5.57,--,589,328073,买盘
1854,10:37:33,5.57,--,171,95247,买盘
1855,10:37:29,5.57,--,95,52915,买盘
1856,10:37:24,5.57,--,81,45117,买盘
1857,10:37:18,5.57,--,63,35091,买盘
1858,10:37:14,5.57,--,223,124211,买盘
1859,10:37:09,5.57,0.01,154,85778,买盘
1860,10:37:03,5.56,-0.01,397,220731,卖盘
1861,10:36:59,5.57,--,20,11140,买盘
1862,10:36:54,5.57,0.01,99,55143,买盘
1863,10:36:48,5.56,-0.01,200,111199,卖盘
1864,10:36:44,5.57,0.01,379,211103,买盘
1865,10:36:39,5.56,-0.01,67,37252,卖盘
1866,10:36:33,5.57,--,2034,1132938,买盘
1867,10:36:29,5.57,--,3,1671,买盘
1868,10:36:23,5.57,--,322,179354,买盘
1869,10:36:18,5.57,0.01,571,318047,买盘
1870,10:36:14,5.56,--,83,46253,卖盘
1871,10:36:09,5.56,-0.01,284,157904,卖盘
1872,10:36:02,5.57,0.01,175,97475,买盘
1873,10:35:59,5.56,-0.01,10,5560,卖盘
1874,10:35:53,5.57,0.01,814,453398,买盘
1875,10:35:48,5.56,-0.01,203,112867,卖盘
1876,10:35:44,5.57,0.01,484,269588,买盘
1877,10:35:39,5.56,-0.01,20,11120,卖盘
1878,10:35:32,5.57,0.01,177,98589,买盘
1879,10:35:29,5.56,-0.01,300,166800,卖盘
1880,10:35:24,5.57,--,485,270145,买盘
1881,10:35:18,5.57,0.01,394,219458,买盘
1882,10:35:13,5.56,-0.01,46,25576,卖盘
1883,10:35:08,5.57,--,14,8160,买盘
1884,10:35:03,5.57,--,67,37319,买盘
1885,10:34:53,5.57,--,356,198292,买盘
1886,10:34:48,5.57,--,1247,694579,买盘
1887,10:34:42,5.57,--,20,11140,买盘
1888,10:34:39,5.57,--,322,179354,买盘
1889,10:34:27,5.57,0.01,207,115299,买盘
1890,10:34:23,5.56,--,67,37252,卖盘
1891,10:34:18,5.56,--,109,60603,卖盘
1892,10:34:11,5.56,--,122,67832,卖盘
1893,10:34:08,5.56,--,184,102304,卖盘
1894,10:34:03,5.56,-0.01,81,45036,卖盘
1895,10:33:57,5.57,--,100,55700,买盘
1896,10:33:53,5.57,--,40,22280,买盘
1897,10:33:42,5.57,--,35,19495,买盘
1898,10:33:38,5.57,--,120,66840,买盘
1899,10:33:32,5.57,0.01,1,557,买盘
1900,10:33:27,5.56,-0.01,135,75060,卖盘
1901,10:33:23,5.57,--,1,557,买盘
1902,10:33:18,5.57,0.01,196,109172,买盘
1903,10:33:12,5.56,--,23,12788,卖盘
1904,10:33:08,5.56,--,87,48372,卖盘
1905,10:33:02,5.56,--,33,18348,卖盘
1906,10:32:56,5.56,--,756,420335,卖盘
1907,10:32:53,5.56,--,40,22240,卖盘
1908,10:32:47,5.56,-0.01,271,150676,卖盘
1909,10:32:41,5.57,0.01,167,93019,买盘
1910,10:32:38,5.56,--,40,22240,卖盘
1911,10:32:33,5.56,-0.01,91,50596,卖盘
1912,10:32:27,5.57,0.01,232,129224,买盘
1913,10:32:23,5.56,--,3123,1736387,卖盘
1914,10:32:17,5.56,--,152,84512,卖盘
1915,10:32:12,5.56,--,76,42256,卖盘
1916,10:32:08,5.56,--,49,27243,卖盘
1917,10:32:03,5.56,--,1013,563228,卖盘
1918,10:31:56,5.56,--,957,532092,卖盘
1919,10:31:53,5.56,--,30,16680,卖盘
1920,10:31:47,5.56,--,469,260763,卖盘
1921,10:31:41,5.56,--,182,101297,卖盘
1922,10:31:38,5.56,--,5,2780,卖盘
1923,10:31:32,5.56,-0.01,86,47816,卖盘
1924,10:31:26,5.57,0.01,319,177683,买盘
1925,10:31:23,5.56,-0.01,89,49484,卖盘
1926,10:31:17,5.57,0.01,187,104159,买盘
1927,10:31:11,5.56,-0.01,40,22240,卖盘
1928,10:31:08,5.57,--,51,28407,买盘
1929,10:31:02,5.57,--,1997,1112329,卖盘
1930,10:30:56,5.57,--,447,248979,卖盘
1931,10:30:53,5.57,--,218,121426,卖盘
1932,10:30:47,5.57,--,16638,9267366,卖盘
1933,10:30:41,5.57,--,202,112514,卖盘
1934,10:30:38,5.57,--,150,83550,卖盘
1935,10:30:32,5.57,--,264,147048,卖盘
1936,10:30:26,5.57,--,414,230598,卖盘
1937,10:30:23,5.57,--,378,210546,卖盘
1938,10:30:17,5.57,--,982,546974,卖盘
1939,10:30:11,5.57,--,653,364049,卖盘
1940,10:30:08,5.57,--,587,326959,卖盘
1941,10:30:02,5.57,--,639,355923,卖盘
1942,10:29:56,5.57,-0.01,216,120312,卖盘
1943,10:29:47,5.58,0.01,52,29016,买盘
1944,10:29:41,5.57,--,124,69068,卖盘
1945,10:29:38,5.57,-0.01,5,2785,卖盘
1946,10:29:32,5.58,0.01,2,1116,买盘
1947,10:29:26,5.57,-0.01,258,143706,卖盘
1948,10:29:23,5.58,--,13,7254,买盘
1949,10:29:17,5.58,--,350,195300,买盘
1950,10:29:11,5.58,0.01,245,136710,买盘
1951,10:29:02,5.57,--,1,557,卖盘
1952,10:28:56,5.57,--,117,65169,卖盘
1953,10:28:47,5.57,--,19,10583,卖盘
1954,10:28:41,5.57,--,69,38433,卖盘
1955,10:28:38,5.57,-0.01,2,1114,卖盘
1956,10:28:32,5.58,--,216,120528,买盘
1957,10:28:26,5.58,0.01,95,53010,买盘
1958,10:28:22,5.57,--,598,333086,卖盘
1959,10:28:17,5.57,-0.01,160,89120,卖盘
1960,10:28:11,5.58,--,288,160704,买盘
1961,10:28:02,5.58,--,7,3906,买盘
1962,10:27:50,5.58,0.01,3,1674,买盘
1963,10:27:47,5.57,-0.01,12,6684,卖盘
1964,10:27:41,5.58,--,2,1116,买盘
1965,10:27:35,5.58,--,170,94860,买盘
1966,10:27:32,5.58,--,24,13392,买盘
1967,10:27:26,5.58,--,279,155682,买盘
1968,10:27:17,5.58,--,20,11160,买盘
1969,10:27:11,5.58,--,131,73098,买盘
1970,10:27:05,5.58,0.01,128,71424,买盘
1971,10:27:02,5.57,--,187,104159,卖盘
1972,10:26:56,5.57,--,123,68511,卖盘
1973,10:26:50,5.57,--,20,11140,卖盘
1974,10:26:47,5.57,--,144,80208,卖盘
1975,10:26:41,5.57,--,9,5013,卖盘
1976,10:26:35,5.57,-0.01,125,69625,卖盘
1977,10:26:32,5.58,0.01,3,1674,买盘
1978,10:26:26,5.57,-0.01,540,300780,卖盘
1979,10:26:17,5.58,0.01,58,32364,买盘
1980,10:26:11,5.57,--,364,202748,卖盘
1981,10:26:05,5.57,-0.01,27,15039,卖盘
1982,10:25:56,5.58,0.01,1,558,买盘
1983,10:25:50,5.57,-0.01,202,112514,卖盘
1984,10:25:47,5.58,0.01,153,85374,买盘
1985,10:25:41,5.57,--,21,11697,卖盘
1986,10:25:35,5.57,-0.01,2,1114,卖盘
1987,10:25:32,5.58,0.01,119,66402,买盘
1988,10:25:26,5.57,-0.01,39,21723,卖盘
1989,10:25:20,5.58,0.01,228,127224,买盘
1990,10:25:17,5.57,--,72,40104,卖盘
1991,10:25:11,5.57,-0.01,134,74638,卖盘
1992,10:25:05,5.58,0.01,220,122760,买盘
1993,10:25:02,5.57,--,105,58485,卖盘
1994,10:24:56,5.57,--,106,59042,卖盘
1995,10:24:50,5.57,-0.01,52,28964,卖盘
1996,10:24:41,5.58,0.01,352,196416,买盘
1997,10:24:35,5.57,-0.01,15,8355,卖盘
1998,10:24:32,5.58,0.01,124,69192,买盘
1999,10:24:26,5.57,--,276,153732,卖盘
2000,10:24:20,5.57,--,62,34534,卖盘
2001,10:24:11,5.57,-0.01,1001,557779,卖盘
2002,10:24:05,5.58,0.01,139,77562,买盘
2003,10:24:02,5.57,-0.01,250,139250,卖盘
2004,10:23:56,5.58,--,16,8928,买盘
2005,10:23:50,5.58,--,403,224874,买盘
2006,10:23:47,5.58,0.01,30,16740,买盘
2007,10:23:41,5.57,-0.01,10,5570,卖盘
2008,10:23:35,5.58,--,138,77004,买盘
2009,10:23:32,5.58,0.01,1,558,买盘
2010,10:23:26,5.57,--,125,69625,卖盘
2011,10:23:20,5.57,-0.01,52,28964,卖盘
2012,10:23:17,5.58,--,1,558,买盘
2013,10:23:11,5.58,0.01,16,8928,买盘
2014,10:23:05,5.57,-0.01,133,74081,卖盘
2015,10:23:02,5.58,--,60,33480,买盘
2016,10:22:56,5.58,--,6,3348,买盘
2017,10:22:50,5.58,0.01,162,90396,买盘
2018,10:22:47,5.57,--,7,3899,卖盘
2019,10:22:41,5.57,-0.01,209,116413,卖盘
2020,10:22:35,5.58,0.01,72,40176,买盘
2021,10:22:31,5.57,-0.01,11,6127,卖盘
2022,10:22:26,5.58,0.01,1,558,买盘
2023,10:22:20,5.57,-0.01,336,187152,卖盘
2024,10:22:16,5.58,--,100,55800,买盘
2025,10:22:11,5.58,0.01,150,83700,买盘
2026,10:22:05,5.57,--,70,38990,卖盘
2027,10:21:50,5.57,--,46,25622,卖盘
2028,10:21:46,5.57,--,20,11140,卖盘
2029,10:21:41,5.57,-0.01,95,52915,卖盘
2030,10:21:35,5.58,--,5,2790,买盘
2031,10:21:31,5.58,--,51,28458,买盘
2032,10:21:26,5.58,0.01,5,2790,买盘
2033,10:21:20,5.57,--,119,66283,卖盘
2034,10:21:16,5.57,--,15,8355,卖盘
2035,10:21:11,5.57,-0.01,13,7241,卖盘
2036,10:21:05,5.58,--,334,186372,买盘
2037,10:21:01,5.58,--,20,11160,买盘
2038,10:20:56,5.58,--,50,27900,买盘
2039,10:20:50,5.58,--,99,55242,买盘
2040,10:20:41,5.58,--,131,73098,买盘
2041,10:20:35,5.58,--,1002,559116,买盘
2042,10:20:31,5.58,0.01,13,7254,买盘
2043,10:20:26,5.57,-0.01,107,59599,卖盘
2044,10:20:20,5.58,--,67,37386,买盘
2045,10:20:16,5.58,--,5,2790,买盘
2046,10:20:11,5.58,--,1024,571392,买盘
2047,10:20:05,5.58,--,68,37944,买盘
2048,10:19:56,5.58,--,1013,565254,买盘
2049,10:19:50,5.58,--,31,17298,买盘
2050,10:19:41,5.58,--,450,251100,买盘
2051,10:19:35,5.58,0.01,161,89838,买盘
2052,10:19:29,5.57,-0.01,10,5570,卖盘
2053,10:19:26,5.58,--,155,86490,买盘
2054,10:19:20,5.58,--,241,134478,买盘
2055,10:19:14,5.58,0.01,152,84816,买盘
2056,10:19:11,5.57,-0.01,217,120869,卖盘
2057,10:19:05,5.58,--,26,14508,买盘
2058,10:18:59,5.58,--,10,5580,买盘
2059,10:18:56,5.58,--,258,143964,买盘
2060,10:18:50,5.58,--,377,210366,买盘
2061,10:18:44,5.58,-0.01,504,281232,卖盘
2062,10:18:41,5.59,0.01,1,559,买盘
2063,10:18:35,5.58,--,4636,2586888,卖盘
2064,10:18:29,5.58,--,112,62496,卖盘
2065,10:18:26,5.58,--,8,4464,卖盘
2066,10:18:20,5.58,--,196,109368,卖盘
2067,10:18:14,5.58,-0.01,330,184140,卖盘
2068,10:18:11,5.59,--,8,4472,买盘
2069,10:18:05,5.59,--,82,45838,买盘
2070,10:17:59,5.59,--,193,107887,买盘
2071,10:17:56,5.59,0.01,227,126893,买盘
2072,10:17:50,5.58,--,170,94860,卖盘
2073,10:17:44,5.58,--,320,178560,卖盘
2074,10:17:41,5.58,--,27,15066,卖盘
2075,10:17:35,5.58,-0.01,34,18972,卖盘
2076,10:17:29,5.59,0.01,437,244283,买盘
2077,10:17:26,5.58,--,27,15066,卖盘
2078,10:17:20,5.58,--,786,438588,卖盘
2079,10:17:14,5.58,-0.01,80,44640,卖盘
2080,10:17:11,5.59,0.01,132,73788,买盘
2081,10:17:05,5.58,--,218,121644,卖盘
2082,10:16:59,5.58,--,79,44082,卖盘
2083,10:16:56,5.58,--,392,218736,卖盘
2084,10:16:50,5.58,--,110,61380,卖盘
2085,10:16:44,5.58,-0.01,127,70866,卖盘
2086,10:16:35,5.59,0.01,1,559,买盘
2087,10:16:29,5.58,--,3,1674,卖盘
2088,10:16:26,5.58,-0.01,34,18972,卖盘
2089,10:16:20,5.59,0.01,1,559,买盘
2090,10:16:14,5.58,--,3,1674,卖盘
2091,10:16:10,5.58,--,6,3348,卖盘
2092,10:16:05,5.58,-0.01,1,558,卖盘
2093,10:15:59,5.59,--,68,38012,买盘
2094,10:15:55,5.59,0.01,16,8944,买盘
2095,10:15:50,5.58,-0.01,132,73656,卖盘
2096,10:15:44,5.59,0.01,1,559,买盘
2097,10:15:40,5.58,-0.01,41,22878,卖盘
2098,10:15:35,5.59,--,238,133416,买盘
2099,10:15:29,5.59,--,194,108446,买盘
2100,10:15:26,5.59,--,12,6708,买盘
2101,10:15:20,5.59,--,98,54782,买盘
2102,10:15:14,5.59,0.01,117,65403,买盘
2103,10:15:10,5.58,--,150,83700,卖盘
2104,10:15:05,5.58,-0.01,112,62496,卖盘
2105,10:14:59,5.59,0.01,3,1677,买盘
2106,10:14:55,5.58,--,200,111600,卖盘
2107,10:14:50,5.58,--,220,122760,卖盘
2108,10:14:44,5.58,-0.01,1369,763902,卖盘
2109,10:14:40,5.59,0.01,1,559,买盘
2110,10:14:35,5.58,-0.01,295,164610,卖盘
2111,10:14:29,5.59,0.01,41,22919,买盘
2112,10:14:25,5.58,--,20,11160,卖盘
2113,10:14:20,5.58,--,167,93186,卖盘
2114,10:14:14,5.58,--,13,7254,卖盘
2115,10:14:10,5.58,--,326,181908,卖盘
2116,10:14:05,5.58,--,52,29200,卖盘
2117,10:13:59,5.58,--,38,21204,卖盘
2118,10:13:55,5.58,-0.01,101,56358,卖盘
2119,10:13:50,5.59,0.01,228,127452,买盘
2120,10:13:44,5.58,-0.01,68,37944,卖盘
2121,10:13:35,5.59,0.01,1,559,买盘
2122,10:13:29,5.58,-0.01,844,470952,卖盘
2123,10:13:25,5.59,0.01,10,5590,买盘
2124,10:13:20,5.58,-0.01,61,34038,卖盘
2125,10:13:14,5.59,0.01,172,96148,买盘
2126,10:13:05,5.58,--,381,212598,卖盘
2127,10:12:59,5.58,-0.01,126,70308,卖盘
2128,10:12:55,5.59,0.01,226,126334,买盘
2129,10:12:50,5.58,--,205,114390,卖盘
2130,10:12:44,5.58,--,180,100440,卖盘
2131,10:12:38,5.58,-0.01,30,16740,卖盘
2132,10:12:35,5.59,--,51,28509,买盘
2133,10:12:29,5.59,0.01,66,36894,买盘
2134,10:12:23,5.58,-0.01,80,44640,卖盘
2135,10:12:20,5.59,--,70,39130,买盘
2136,10:12:14,5.59,0.01,80,44720,买盘
2137,10:12:08,5.58,-0.01,34,18972,卖盘
2138,10:12:05,5.59,--,184,102856,买盘
2139,10:11:59,5.59,--,580,324220,买盘
2140,10:11:53,5.59,0.01,65,36335,买盘
2141,10:11:50,5.58,-0.01,3,1674,卖盘
2142,10:11:44,5.59,--,132,73788,买盘
2143,10:11:38,5.59,0.01,365,204035,买盘
2144,10:11:35,5.58,-0.01,76,42408,卖盘
2145,10:11:29,5.59,0.01,69,38571,买盘
2146,10:11:23,5.58,--,55,30690,卖盘
2147,10:11:14,5.58,-0.01,21,11718,卖盘
2148,10:11:08,5.59,--,3,1677,买盘
2149,10:10:59,5.59,--,38,21242,买盘
2150,10:10:53,5.59,0.01,1002,560118,买盘
2151,10:10:50,5.58,-0.01,400,223200,卖盘
2152,10:10:44,5.59,--,327,182793,买盘
2153,10:10:38,5.59,0.01,2162,1208558,买盘
2154,10:10:35,5.58,--,27,15066,卖盘
2155,10:10:29,5.58,--,89,49662,卖盘
2156,10:10:23,5.58,-0.01,94,52452,卖盘
2157,10:10:20,5.59,0.01,1,559,买盘
2158,10:10:14,5.58,-0.01,5486,3061188,卖盘
2159,10:10:08,5.59,--,265,148135,买盘
2160,10:10:05,5.59,--,3,1677,买盘
2161,10:09:59,5.59,0.01,143,79937,买盘
2162,10:09:53,5.58,-0.01,43,23994,卖盘
2163,10:09:44,5.59,--,359,200681,买盘
2164,10:09:38,5.59,0.01,1,559,买盘
2165,10:09:29,5.58,-0.01,123,68634,卖盘
2166,10:09:23,5.59,0.01,15,8385,买盘
2167,10:09:19,5.58,-0.01,33,18414,卖盘
2168,10:09:08,5.59,0.01,8,4472,买盘
2169,10:08:59,5.58,--,30,16740,卖盘
2170,10:08:53,5.58,--,30,16740,卖盘
2171,10:08:44,5.58,--,128,71424,卖盘
2172,10:08:38,5.58,-0.01,1649,920142,卖盘
2173,10:08:34,5.59,--,220,122980,买盘
2174,10:08:29,5.59,0.01,31,17329,买盘
2175,10:08:23,5.58,-0.01,348,194184,卖盘
2176,10:08:19,5.59,0.01,200,111800,买盘
2177,10:08:14,5.58,--,115,64170,卖盘
2178,10:08:08,5.58,--,106,59148,卖盘
2179,10:08:04,5.58,--,551,307458,卖盘
2180,10:07:59,5.58,-0.01,34,18972,卖盘
2181,10:07:53,5.59,0.01,18,10062,买盘
2182,10:07:49,5.58,-0.01,10,5580,卖盘
2183,10:07:44,5.59,--,146,81614,买盘
2184,10:07:38,5.59,0.01,81,45279,买盘
2185,10:07:29,5.58,-0.01,28,15624,卖盘
2186,10:07:23,5.59,0.01,4,2236,买盘
2187,10:07:14,5.58,-0.01,360,200880,卖盘
2188,10:07:08,5.59,--,1,559,买盘
2189,10:07:04,5.59,0.01,50,27950,买盘
2190,10:06:59,5.58,--,89,49662,卖盘
2191,10:06:53,5.58,--,97,54126,卖盘
2192,10:06:49,5.58,--,114,63612,卖盘
2193,10:06:44,5.58,-0.01,123,68634,卖盘
2194,10:06:38,5.59,0.01,380,212420,买盘
2195,10:06:34,5.58,--,50,27900,买盘
2196,10:06:29,5.58,--,531,296298,买盘
2197,10:06:23,5.58,--,753,420174,买盘
2198,10:06:17,5.58,--,45,25110,买盘
2199,10:06:14,5.58,--,464,258912,买盘
2200,10:06:08,5.58,--,418,233244,买盘
2201,10:06:04,5.58,--,1150,641700,买盘
2202,10:05:59,5.58,--,335,186930,买盘
2203,10:05:53,5.58,0.01,48,26784,买盘
2204,10:05:47,5.57,-0.01,76,42332,卖盘
2205,10:05:44,5.58,--,14,7812,买盘
2206,10:05:38,5.58,--,465,259470,买盘
2207,10:05:32,5.58,--,111,61938,买盘
2208,10:05:29,5.58,--,342,190836,买盘
2209,10:05:23,5.58,--,73,40734,买盘
2210,10:05:14,5.58,--,325,181350,买盘
2211,10:05:08,5.58,--,527,294066,卖盘
2212,10:05:02,5.58,--,166,92628,卖盘
2213,10:04:53,5.58,--,317,176886,买盘
2214,10:04:47,5.58,--,61,34038,买盘
2215,10:04:44,5.58,--,187,104346,卖盘
2216,10:04:38,5.58,--,359,200322,卖盘
2217,10:04:32,5.58,--,148,82584,卖盘
2218,10:04:28,5.58,-0.01,1,558,卖盘
2219,10:04:23,5.59,0.01,880,491920,买盘
2220,10:04:17,5.58,--,5089,2839662,卖盘
2221,10:04:14,5.58,-0.01,20,11160,卖盘
2222,10:04:08,5.59,0.01,76,42484,买盘
2223,10:04:02,5.58,-0.01,282,157579,卖盘
2224,10:03:59,5.59,0.01,93,51987,买盘
2225,10:03:53,5.58,--,49,27342,卖盘
2226,10:03:47,5.58,--,97,54126,卖盘
2227,10:03:43,5.58,-0.01,202,112716,卖盘
2228,10:03:38,5.59,--,4093,2287987,买盘
2229,10:03:32,5.59,0.01,98,54782,买盘
2230,10:03:28,5.58,-0.01,30,16740,卖盘
2231,10:03:23,5.59,0.01,70,39130,买盘
2232,10:03:17,5.58,--,237,132458,卖盘
2233,10:03:13,5.58,--,9,5022,卖盘
2234,10:03:08,5.58,--,134,74811,卖盘
2235,10:03:02,5.58,--,129,71982,卖盘
2236,10:02:53,5.58,-0.01,866,483228,卖盘
2237,10:02:47,5.59,--,644,359996,买盘
2238,10:02:43,5.59,0.01,10,5590,买盘
2239,10:02:38,5.58,--,1099,613242,卖盘
2240,10:02:32,5.58,-0.01,164,91512,卖盘
2241,10:02:28,5.59,0.01,6,3354,买盘
2242,10:02:23,5.58,--,35,19530,卖盘
2243,10:02:17,5.58,--,88,49104,卖盘
2244,10:02:13,5.58,--,108,60264,卖盘
2245,10:02:08,5.58,--,720,401760,卖盘
2246,10:02:02,5.58,-0.01,327,182717,卖盘
2247,10:01:58,5.59,0.01,274,153166,买盘
2248,10:01:53,5.58,--,430,239940,卖盘
2249,10:01:47,5.58,--,215,119970,卖盘
2250,10:01:43,5.58,-0.01,37,20646,卖盘
2251,10:01:38,5.59,--,184,102856,买盘
2252,10:01:32,5.59,0.01,111,62049,买盘
2253,10:01:28,5.58,-0.01,74,41292,卖盘
2254,10:01:23,5.59,0.01,113,63167,买盘
2255,10:01:17,5.58,--,203,113592,卖盘
2256,10:01:13,5.58,--,113,63226,卖盘
2257,10:01:08,5.58,-0.01,51,28458,卖盘
2258,10:01:02,5.59,0.01,272,152126,买盘
2259,10:00:58,5.58,--,50,27900,卖盘
2260,10:00:53,5.58,--,59,32922,卖盘
2261,10:00:47,5.58,--,231,128898,卖盘
2262,10:00:43,5.58,--,127,70866,卖盘
2263,10:00:38,5.58,--,82,45756,卖盘
2264,10:00:32,5.58,--,434,242172,卖盘
2265,10:00:28,5.58,--,114,63612,卖盘
2266,10:00:23,5.58,--,152,84816,卖盘
2267,10:00:17,5.58,--,377,210366,卖盘
2268,10:00:13,5.58,--,55,30690,卖盘
2269,10:00:08,5.58,--,540,301320,卖盘
2270,10:00:02,5.58,-0.01,119,66653,卖盘
2271,09:59:53,5.59,--,263,147017,买盘
2272,09:59:47,5.59,--,252,140868,买盘
2273,09:59:43,5.59,--,2,1118,买盘
2274,09:59:32,5.59,--,338,188942,买盘
2275,09:59:28,5.59,--,3,1677,买盘
2276,09:59:23,5.59,0.01,119,66521,买盘
2277,09:59:17,5.58,-0.01,121,67518,卖盘
2278,09:59:08,5.59,--,112,62608,买盘
2279,09:59:02,5.59,--,171,95756,买盘
2280,09:58:58,5.59,--,50,28033,买盘
2281,09:58:53,5.59,--,712,398008,买盘
2282,09:58:47,5.59,0.01,66,36894,买盘
2283,09:58:38,5.58,--,222,123876,卖盘
2284,09:58:28,5.58,--,9,5022,卖盘
2285,09:58:23,5.58,--,50,27900,卖盘
2286,09:58:17,5.58,--,592,330336,卖盘
2287,09:58:11,5.58,-0.01,40,22320,卖盘
2288,09:58:07,5.59,0.01,201,112359,买盘
2289,09:58:02,5.58,--,86,47988,卖盘
2290,09:57:56,5.58,--,590,329471,卖盘
2291,09:57:52,5.58,-0.01,57,31806,卖盘
2292,09:57:47,5.59,--,76,42484,买盘
2293,09:57:41,5.59,--,132,73788,买盘
2294,09:57:37,5.59,--,3,1677,买盘
2295,09:57:26,5.59,--,262,146458,买盘
2296,09:57:22,5.59,0.01,183,102297,买盘
2297,09:57:17,5.58,--,38,21204,卖盘
2298,09:57:11,5.58,--,50,27900,卖盘
2299,09:57:07,5.58,--,80,44640,卖盘
2300,09:57:02,5.58,--,94,52452,卖盘
2301,09:56:56,5.58,--,99,55493,卖盘
2302,09:56:52,5.58,--,10,5580,卖盘
2303,09:56:47,5.58,-0.01,90,50220,卖盘
2304,09:56:41,5.59,0.01,6,3354,买盘
2305,09:56:37,5.58,--,370,206460,卖盘
2306,09:56:32,5.58,--,26,14508,卖盘
2307,09:56:26,5.58,--,10,5580,卖盘
2308,09:56:22,5.58,-0.01,3,1674,卖盘
2309,09:56:17,5.59,0.01,201,112359,买盘
2310,09:56:11,5.58,-0.01,966,539028,卖盘
2311,09:56:07,5.59,0.01,16,8944,买盘
2312,09:56:02,5.58,--,10,5580,卖盘
2313,09:55:56,5.58,-0.01,147,82277,卖盘
2314,09:55:52,5.59,--,5,2795,买盘
2315,09:55:47,5.59,0.01,110,61490,买盘
2316,09:55:41,5.58,-0.01,492,274536,卖盘
2317,09:55:37,5.59,0.01,101,56459,买盘
2318,09:55:32,5.58,-0.01,3634,2028056,卖盘
2319,09:55:26,5.59,--,72,40248,买盘
2320,09:55:22,5.59,--,86,48074,买盘
2321,09:55:17,5.59,0.01,187,104533,买盘
2322,09:55:11,5.58,--,61,34038,卖盘
2323,09:55:07,5.58,--,63,35154,卖盘
2324,09:55:02,5.58,--,197,109926,卖盘
2325,09:54:56,5.58,-0.01,1387,774336,卖盘
2326,09:54:52,5.59,0.01,21,11739,买盘
2327,09:54:47,5.58,-0.01,120,66960,卖盘
2328,09:54:37,5.59,0.01,1,559,买盘
2329,09:54:32,5.58,-0.01,10,5580,卖盘
2330,09:54:26,5.59,0.01,201,112359,买盘
2331,09:54:22,5.58,--,11,6138,卖盘
2332,09:54:17,5.58,--,50,27900,卖盘
2333,09:54:11,5.58,-0.01,150,83700,卖盘
2334,09:54:07,5.59,0.01,103,57577,买盘
2335,09:54:02,5.58,--,1101,614497,卖盘
2336,09:53:56,5.58,--,6,3348,卖盘
2337,09:53:52,5.58,--,346,193319,卖盘
2338,09:53:47,5.58,-0.01,693,386694,卖盘
2339,09:53:41,5.59,0.01,342,191178,买盘
2340,09:53:37,5.58,--,188,104904,卖盘
2341,09:53:32,5.58,--,131,73098,卖盘
2342,09:53:26,5.58,-0.01,620,345960,卖盘
2343,09:53:22,5.59,0.01,238,133042,买盘
2344,09:53:17,5.58,-0.01,272,151776,卖盘
2345,09:53:11,5.59,--,106,59254,买盘
2346,09:53:07,5.59,--,19,10621,买盘
2347,09:53:02,5.59,0.01,401,224159,买盘
2348,09:52:56,5.58,--,283,158103,卖盘
2349,09:52:52,5.58,--,126,70369,卖盘
2350,09:52:47,5.58,-0.01,1020,569160,卖盘
2351,09:52:41,5.59,0.01,57,31863,买盘
2352,09:52:37,5.58,--,564,314712,卖盘
2353,09:52:32,5.58,--,210,117180,卖盘
2354,09:52:26,5.58,--,102,56916,卖盘
2355,09:52:22,5.58,--,260,145080,卖盘
2356,09:52:17,5.58,-0.01,37,20646,卖盘
2357,09:52:11,5.59,--,10,5590,买盘
2358,09:52:07,5.59,--,320,178880,买盘
2359,09:52:02,5.59,0.01,4080,2280720,买盘
2360,09:51:56,5.58,--,778,434124,卖盘
2361,09:51:51,5.58,-0.01,16,8928,卖盘
2362,09:51:47,5.59,0.01,100,56151,买盘
2363,09:51:41,5.58,-0.01,62,34596,卖盘
2364,09:51:37,5.59,--,487,272233,买盘
2365,09:51:32,5.59,0.01,379,211861,买盘
2366,09:51:26,5.58,--,385,214830,卖盘
2367,09:51:22,5.58,-0.01,59,32922,卖盘
2368,09:51:17,5.59,--,50,27950,买盘
2369,09:51:11,5.59,--,62,34658,买盘
2370,09:51:06,5.59,--,95,53105,买盘
2371,09:51:02,5.59,0.01,210,117390,买盘
2372,09:50:56,5.58,-0.01,128,71680,卖盘
2373,09:50:50,5.59,--,9,5031,买盘
2374,09:50:47,5.59,--,150,84403,买盘
2375,09:50:41,5.59,--,501,280059,买盘
2376,09:50:35,5.59,0.01,365,204035,买盘
2377,09:50:31,5.58,--,119,66402,卖盘
2378,09:50:26,5.58,--,251,140058,卖盘
2379,09:50:20,5.58,-0.01,242,135036,卖盘
2380,09:50:17,5.59,--,544,304096,买盘
2381,09:50:11,5.59,--,4367,2441153,卖盘
2382,09:50:05,5.59,--,272,152048,卖盘
2383,09:50:01,5.59,--,69,38571,卖盘
2384,09:49:56,5.59,--,61,34099,卖盘
2385,09:49:50,5.59,--,72,40248,卖盘
2386,09:49:46,5.59,-0.01,89,50002,卖盘
2387,09:49:41,5.6,--,41,22960,买盘
2388,09:49:35,5.6,--,51,28560,买盘
2389,09:49:31,5.6,0.01,152,85120,买盘
2390,09:49:26,5.59,--,235,131365,卖盘
2391,09:49:16,5.59,-0.01,40,22360,卖盘
2392,09:49:11,5.6,--,305,170800,买盘
2393,09:49:05,5.6,0.01,33,18480,买盘
2394,09:49:01,5.59,--,87,48633,卖盘
2395,09:48:56,5.59,-0.01,422,235898,卖盘
2396,09:48:50,5.6,0.01,538,301280,买盘
2397,09:48:46,5.59,--,43,24204,卖盘
2398,09:48:41,5.59,-0.01,103,57660,卖盘
2399,09:48:35,5.6,0.01,230,128799,买盘
2400,09:48:31,5.59,--,2,1118,卖盘
2401,09:48:26,5.59,--,373,208507,卖盘
2402,09:48:20,5.59,--,841,470119,卖盘
2403,09:48:16,5.59,-0.01,1,559,卖盘
2404,09:48:11,5.6,0.01,386,216160,买盘
2405,09:48:05,5.59,--,187,104533,卖盘
2406,09:48:01,5.59,--,152,84968,卖盘
2407,09:47:56,5.59,--,359,200681,卖盘
2408,09:47:50,5.59,--,41,22919,卖盘
2409,09:47:41,5.59,-0.01,205,114846,卖盘
2410,09:47:35,5.6,0.01,516,288960,买盘
2411,09:47:31,5.59,--,119,66521,卖盘
2412,09:47:26,5.59,--,331,185029,卖盘
2413,09:47:20,5.59,--,126,70434,卖盘
2414,09:47:16,5.59,--,20,11180,卖盘
2415,09:47:11,5.59,-0.01,82,45838,卖盘
2416,09:47:05,5.6,0.01,140,78400,买盘
2417,09:47:01,5.59,--,40,22360,卖盘
2418,09:46:56,5.59,-0.01,66,36894,卖盘
2419,09:46:50,5.6,0.01,181,101360,买盘
2420,09:46:46,5.59,--,100,55900,卖盘
2421,09:46:41,5.59,-0.01,86,48325,卖盘
2422,09:46:35,5.6,0.01,8,4480,买盘
2423,09:46:31,5.59,--,92,51428,卖盘
2424,09:46:20,5.59,-0.01,433,242047,卖盘
2425,09:46:16,5.6,0.01,131,73360,买盘
2426,09:46:11,5.59,-0.01,20,11180,卖盘
2427,09:46:05,5.6,0.01,52,29119,买盘
2428,09:46:01,5.59,--,12,6708,卖盘
2429,09:45:56,5.59,-0.01,334,186706,卖盘
2430,09:45:50,5.6,--,21,11760,买盘
2431,09:45:46,5.6,0.01,70,39200,买盘
2432,09:45:41,5.59,-0.01,97,54485,卖盘
2433,09:45:35,5.6,0.01,227,127668,买盘
2434,09:45:31,5.59,-0.01,132,73788,卖盘
2435,09:45:26,5.6,--,200,112000,买盘
2436,09:45:20,5.6,--,2,1120,买盘
2437,09:45:11,5.6,--,1,560,买盘
2438,09:45:05,5.6,0.01,42,23520,买盘
2439,09:44:56,5.59,--,6,3354,卖盘
2440,09:44:50,5.59,-0.01,212,118508,卖盘
2441,09:44:46,5.6,--,238,133280,买盘
2442,09:44:41,5.6,--,268,150080,买盘
2443,09:44:35,5.6,0.01,100,56252,买盘
2444,09:44:30,5.59,--,8,4472,卖盘
2445,09:44:26,5.59,--,400,223600,卖盘
2446,09:44:20,5.59,--,1067,596453,卖盘
2447,09:44:10,5.59,-0.01,207,115713,卖盘
2448,09:44:05,5.6,0.01,111,62159,买盘
2449,09:44:00,5.59,-0.01,200,111800,卖盘
2450,09:43:56,5.6,0.01,3,1680,买盘
2451,09:43:50,5.59,--,276,154284,卖盘
2452,09:43:44,5.59,-0.01,88,49192,卖盘
2453,09:43:40,5.6,0.01,50,28000,买盘
2454,09:43:35,5.59,-0.01,215,120436,卖盘
2455,09:43:29,5.6,0.01,1,560,买盘
2456,09:43:25,5.59,--,118,65962,卖盘
2457,09:43:20,5.59,--,690,385710,卖盘
2458,09:43:14,5.59,-0.01,233,130247,卖盘
2459,09:43:05,5.6,--,23,12880,买盘
2460,09:42:59,5.6,0.01,581,325360,买盘
2461,09:42:50,5.59,--,203,113477,卖盘
2462,09:42:44,5.59,-0.01,2706,1512654,卖盘
2463,09:42:35,5.6,0.01,1109,621292,买盘
2464,09:42:29,5.59,--,27,15093,卖盘
2465,09:42:25,5.59,--,2,1118,卖盘
2466,09:42:20,5.59,--,226,126334,卖盘
2467,09:42:14,5.59,-0.01,273,152607,卖盘
2468,09:42:05,5.6,--,4,2240,买盘
2469,09:41:59,5.6,--,123,68880,买盘
2470,09:41:55,5.6,0.01,195,109200,买盘
2471,09:41:50,5.59,--,223,124657,卖盘
2472,09:41:44,5.59,-0.01,1573,879307,卖盘
2473,09:41:40,5.6,--,179,100419,买盘
2474,09:41:35,5.6,0.01,437,244971,买盘
2475,09:41:29,5.59,-0.01,45,25155,卖盘
2476,09:41:25,5.6,--,126,70560,买盘
2477,09:41:20,5.6,--,445,249199,买盘
2478,09:41:14,5.6,0.01,60,33600,买盘
2479,09:41:10,5.59,--,1,559,卖盘
2480,09:41:04,5.59,--,237,132483,卖盘
2481,09:40:59,5.59,--,88,49192,卖盘
2482,09:40:49,5.59,--,166,92794,卖盘
2483,09:40:44,5.59,--,866,484094,卖盘
2484,09:40:40,5.59,-0.01,1307,730613,卖盘
2485,09:40:34,5.6,0.01,137,76720,买盘
2486,09:40:29,5.59,--,2080,1162971,卖盘
2487,09:40:25,5.59,-0.01,1,559,卖盘
2488,09:40:19,5.6,0.01,714,399840,买盘
2489,09:40:14,5.59,-0.01,21,11739,卖盘
2490,09:40:10,5.6,--,408,228480,买盘
2491,09:40:04,5.6,0.01,75,42000,买盘
2492,09:39:59,5.59,--,261,145899,卖盘
2493,09:39:49,5.59,--,1740,972660,卖盘
2494,09:39:44,5.59,--,476,266084,卖盘
2495,09:39:40,5.59,-0.01,130,72670,卖盘
2496,09:39:34,5.6,0.01,163,91280,买盘
2497,09:39:29,5.59,-0.01,79,44412,卖盘
2498,09:39:25,5.6,--,1,560,买盘
2499,09:39:19,5.6,--,155,86800,买盘
2500,09:39:14,5.6,0.01,32,17920,买盘
2501,09:39:10,5.59,-0.01,185,103415,卖盘
2502,09:39:04,5.6,0.01,29,16239,买盘
2503,09:38:59,5.59,--,190,106210,卖盘
2504,09:38:49,5.59,--,138,77142,卖盘
2505,09:38:44,5.59,--,5,2795,卖盘
2506,09:38:40,5.59,-0.01,111,62049,卖盘
2507,09:38:34,5.6,0.01,166,92960,买盘
2508,09:38:29,5.59,--,103,57828,卖盘
2509,09:38:25,5.59,-0.01,73,40807,卖盘
2510,09:38:19,5.6,0.01,1,560,买盘
2511,09:38:14,5.59,-0.01,395,220805,卖盘
2512,09:38:04,5.6,--,334,187040,买盘
2513,09:37:59,5.6,0.01,36,20160,买盘
2514,09:37:55,5.59,-0.01,344,192296,卖盘
2515,09:37:49,5.6,--,1,560,买盘
2516,09:37:44,5.6,0.01,47,26320,买盘
2517,09:37:39,5.59,-0.01,432,241488,卖盘
2518,09:37:34,5.6,--,325,182000,买盘
2519,09:37:29,5.6,--,420,235451,买盘
2520,09:37:25,5.6,--,200,112000,买盘
2521,09:37:19,5.6,--,4,2240,买盘
2522,09:37:14,5.6,0.01,170,95200,买盘
2523,09:37:09,5.59,-0.01,30,16770,卖盘
2524,09:37:04,5.6,--,651,364560,卖盘
2525,09:36:59,5.6,--,122,68320,卖盘
2526,09:36:54,5.6,0.01,195,109200,买盘
2527,09:36:49,5.59,-0.01,110,61490,卖盘
2528,09:36:44,5.6,--,67,37520,买盘
2529,09:36:38,5.6,--,27,15119,买盘
2530,09:36:34,5.6,--,436,244591,卖盘
2531,09:36:29,5.6,-0.01,3013,1687543,卖盘
2532,09:36:23,5.61,--,395,222144,买盘
2533,09:36:19,5.61,0.01,1001,561561,买盘
2534,09:36:14,5.6,--,6,3751,卖盘
2535,09:36:08,5.6,-0.01,53,29679,卖盘
2536,09:36:04,5.61,0.01,101,56661,买盘
2537,09:35:59,5.6,--,4,2240,卖盘
2538,09:35:53,5.6,-0.01,200,112000,卖盘
2539,09:35:49,5.61,0.01,1,561,买盘
2540,09:35:43,5.6,--,141,78960,卖盘
2541,09:35:38,5.6,--,43,24080,卖盘
2542,09:35:34,5.6,--,173,96880,卖盘
2543,09:35:28,5.6,--,352,197120,卖盘
2544,09:35:23,5.6,-0.01,126,70812,卖盘
2545,09:35:19,5.61,0.01,162,90882,买盘
2546,09:35:13,5.6,-0.01,64,35840,卖盘
2547,09:35:08,5.61,0.01,39,21879,买盘
2548,09:35:04,5.6,-0.01,11,6160,卖盘
2549,09:34:58,5.61,--,30,16830,买盘
2550,09:34:53,5.61,0.01,100,56100,买盘
2551,09:34:49,5.6,--,1,560,卖盘
2552,09:34:43,5.6,-0.01,41,22960,卖盘
2553,09:34:38,5.61,0.01,1108,621588,买盘
2554,09:34:34,5.6,-0.01,164,91840,卖盘
2555,09:34:28,5.61,0.01,2342,1313862,买盘
2556,09:34:23,5.6,-0.01,76,42560,卖盘
2557,09:34:19,5.61,--,46,25806,买盘
2558,09:34:13,5.61,--,711,398871,买盘
2559,09:34:08,5.61,0.01,135,75735,买盘
2560,09:34:04,5.6,-0.01,36,20160,卖盘
2561,09:33:58,5.61,0.01,124,69564,买盘
2562,09:33:53,5.6,-0.01,344,192640,卖盘
2563,09:33:49,5.61,--,406,227766,买盘
2564,09:33:43,5.61,0.01,599,336039,买盘
2565,09:33:38,5.6,--,735,411600,卖盘
2566,09:33:34,5.6,--,184,103040,卖盘
2567,09:33:23,5.6,-0.01,17,9520,卖盘
2568,09:33:13,5.61,--,10,5610,买盘
2569,09:33:08,5.61,--,122,68442,买盘
2570,09:33:04,5.61,0.01,24,13464,买盘
2571,09:32:58,5.6,-0.01,651,364560,卖盘
2572,09:32:53,5.61,0.01,525,294525,买盘
2573,09:32:49,5.6,--,501,280560,卖盘
2574,09:32:43,5.6,--,150,84000,卖盘
2575,09:32:38,5.6,--,706,395360,卖盘
2576,09:32:34,5.6,-0.01,121,67760,卖盘
2577,09:32:28,5.61,0.01,1056,592416,买盘
2578,09:32:23,5.6,--,837,469072,卖盘
2579,09:32:19,5.6,-0.01,428,239679,卖盘
2580,09:32:13,5.61,0.01,433,242913,买盘
2581,09:32:08,5.6,--,27,15119,卖盘
2582,09:32:04,5.6,-0.01,130,72800,卖盘
2583,09:31:58,5.61,--,1028,576708,买盘
2584,09:31:53,5.61,--,66,37026,买盘
2585,09:31:48,5.61,0.01,1,561,买盘
2586,09:31:43,5.6,--,327,183120,卖盘
2587,09:31:38,5.6,--,196,109760,卖盘
2588,09:31:34,5.6,--,127,71120,卖盘
2589,09:31:28,5.6,--,35,19600,卖盘
2590,09:31:23,5.6,-0.01,185,103600,卖盘
2591,09:31:18,5.61,0.01,12,6732,买盘
2592,09:31:13,5.6,-0.01,54,30239,卖盘
2593,09:31:08,5.61,0.01,87,48807,买盘
2594,09:31:03,5.6,-0.01,1,560,卖盘
2595,09:30:58,5.61,--,70,39270,买盘
2596,09:30:53,5.61,--,116,65076,买盘
2597,09:30:48,5.61,--,15,8415,买盘
2598,09:30:43,5.61,--,450,252646,卖盘
2599,09:30:38,5.61,--,299,167739,卖盘
2600,09:30:33,5.61,--,82,46002,卖盘
2601,09:30:28,5.61,-0.01,252,141372,卖盘
2602,09:30:23,5.62,0.01,131,73622,买盘
2603,09:30:13,5.61,--,549,308353,买盘
2604,09:30:08,5.61,--,3683,2066163,卖盘
2605,09:30:03,5.61,-0.01,228,127908,卖盘
2606,09:28:44,5.62,--,0,0,买盘
2607,09:25:07,5.62,5.62,2950,1657900,买盘
