,time,price,change,volume,amount,type
0,15:00:00,4.39,--,0,0,买盘
1,15:00:00,4.39,--,0,0,买盘
2,14:59:58,4.39,--,3,1317,买盘
3,14:59:53,4.39,--,845,370955,买盘
4,14:59:47,4.39,--,49,21511,买盘
5,14:59:43,4.39,--,15,6584,买盘
6,14:59:38,4.39,--,596,261643,卖盘
7,14:59:32,4.39,-0.01,30,13169,卖盘
8,14:59:28,4.4,--,240,105600,买盘
9,14:59:23,4.4,--,25,11000,买盘
10,14:59:17,4.4,--,12,5280,买盘
11,14:59:13,4.4,0.01,48,21120,买盘
12,14:59:02,4.39,-0.01,23,10097,卖盘
13,14:58:58,4.4,--,68,29920,买盘
14,14:58:53,4.4,--,15,6600,买盘
15,14:58:47,4.4,--,133,58520,买盘
16,14:58:43,4.4,--,138,60720,买盘
17,14:58:38,4.4,--,752,330880,卖盘
18,14:58:28,4.4,-0.01,467,205480,卖盘
19,14:58:23,4.41,0.01,21,9261,买盘
20,14:58:13,4.4,-0.01,113,49720,卖盘
21,14:58:08,4.41,0.01,2,882,买盘
22,14:58:02,4.4,--,9,3960,卖盘
23,14:57:58,4.4,-0.01,10,4400,卖盘
24,14:57:53,4.41,--,180,79380,买盘
25,14:57:47,4.41,--,657,289737,买盘
26,14:57:43,4.41,0.01,1280,564480,买盘
27,14:57:38,4.4,--,1073,472120,卖盘
28,14:57:32,4.4,-0.01,271,119240,卖盘
29,14:57:23,4.41,0.01,64,28224,买盘
30,14:57:17,4.4,--,95,41800,卖盘
31,14:57:13,4.4,--,100,44000,卖盘
32,14:57:08,4.4,--,31,13640,卖盘
33,14:57:02,4.4,--,100,44000,卖盘
34,14:56:58,4.4,--,5,2200,卖盘
35,14:56:53,4.4,--,726,319440,卖盘
36,14:56:47,4.4,0.01,4716,2075040,买盘
37,14:56:43,4.39,-0.01,64,28095,卖盘
38,14:56:38,4.4,0.01,105,46200,买盘
39,14:56:32,4.39,--,60,26339,卖盘
40,14:56:23,4.39,-0.01,21,9219,卖盘
41,14:56:17,4.4,0.01,14,6160,买盘
42,14:56:13,4.39,--,1,438,卖盘
43,14:56:02,4.39,--,84,36876,卖盘
44,14:55:58,4.39,-0.01,147,64532,卖盘
45,14:55:53,4.4,--,333,146520,买盘
46,14:55:47,4.4,0.01,147,64680,买盘
47,14:55:43,4.39,-0.01,162,71118,卖盘
48,14:55:38,4.4,--,28,12320,买盘
49,14:55:32,4.4,--,151,66440,买盘
50,14:55:28,4.4,0.01,10,4400,买盘
51,14:55:17,4.39,--,8,3511,卖盘
52,14:55:08,4.39,-0.01,50,21950,卖盘
53,14:55:02,4.4,0.01,11,4840,买盘
54,14:54:53,4.39,-0.01,30,13169,卖盘
55,14:54:47,4.4,--,137,60280,买盘
56,14:54:32,4.4,--,10,4400,买盘
57,14:54:28,4.4,0.01,8,3520,买盘
58,14:54:23,4.39,--,275,120724,卖盘
59,14:54:13,4.39,--,100,43900,卖盘
60,14:54:08,4.39,-0.01,7,3073,卖盘
61,14:54:02,4.4,0.01,5,2200,买盘
62,14:53:58,4.39,--,109,47851,卖盘
63,14:53:53,4.39,--,139,61020,卖盘
64,14:53:47,4.39,-0.01,43,18877,卖盘
65,14:53:43,4.4,0.01,2,880,买盘
66,14:53:37,4.39,-0.01,106,46534,卖盘
67,14:53:32,4.4,0.01,20,8800,买盘
68,14:53:26,4.39,-0.01,128,56191,卖盘
69,14:53:22,4.4,--,14,6160,买盘
70,14:53:17,4.4,0.01,184,80960,买盘
71,14:53:07,4.39,--,10,4390,卖盘
72,14:53:02,4.39,--,365,160235,卖盘
73,14:52:56,4.39,--,75,32925,卖盘
74,14:52:52,4.39,--,32,14047,卖盘
75,14:52:47,4.39,-0.01,172,75508,卖盘
76,14:52:32,4.4,0.01,2,880,买盘
77,14:52:26,4.39,--,73,32046,卖盘
78,14:52:22,4.39,-0.01,1498,657622,卖盘
79,14:52:17,4.4,--,343,150920,买盘
80,14:52:07,4.4,0.01,69,30360,买盘
81,14:52:02,4.39,-0.01,1,438,卖盘
82,14:51:52,4.4,0.01,5,2200,买盘
83,14:51:47,4.39,--,123,53996,卖盘
84,14:51:32,4.39,--,10,4390,卖盘
85,14:51:26,4.39,-0.01,142,62337,卖盘
86,14:51:22,4.4,0.01,174,76560,买盘
87,14:51:17,4.39,--,131,57508,卖盘
88,14:51:11,4.39,-0.01,5,2195,卖盘
89,14:51:07,4.4,0.01,1,440,买盘
90,14:51:02,4.39,-0.01,16,7023,卖盘
91,14:50:52,4.4,0.01,99,43560,买盘
92,14:50:37,4.39,--,785,344615,卖盘
93,14:50:32,4.39,-0.01,4,1755,卖盘
94,14:50:26,4.4,0.01,3,1320,买盘
95,14:50:22,4.39,--,51,22389,卖盘
96,14:50:17,4.39,-0.01,3,1317,卖盘
97,14:50:07,4.4,0.01,14,6160,买盘
98,14:50:02,4.39,--,209,91751,卖盘
99,14:49:52,4.39,--,180,79020,卖盘
100,14:49:37,4.39,-0.01,72,31607,卖盘
101,14:49:32,4.4,0.01,1454,639760,买盘
102,14:49:26,4.39,--,68,29851,卖盘
103,14:49:22,4.39,-0.01,9,3950,卖盘
104,14:49:17,4.4,--,82,36080,买盘
105,14:49:11,4.4,--,263,115720,买盘
106,14:48:56,4.4,0.01,60,26400,买盘
107,14:48:47,4.39,-0.01,42,18438,卖盘
108,14:48:41,4.4,0.01,220,96800,买盘
109,14:48:32,4.39,--,100,43900,卖盘
110,14:48:26,4.39,--,1,438,卖盘
111,14:48:11,4.39,--,2,877,卖盘
112,14:48:01,4.39,--,21,9219,卖盘
113,14:47:56,4.39,-0.01,123,53996,卖盘
114,14:47:46,4.4,--,69,30360,买盘
115,14:47:31,4.4,0.01,78,34320,买盘
116,14:47:16,4.39,-0.01,1,438,卖盘
117,14:47:11,4.4,0.01,2,880,买盘
118,14:47:06,4.39,-0.01,32,14047,卖盘
119,14:47:01,4.4,--,52,22880,买盘
120,14:46:56,4.4,--,5,2200,买盘
121,14:46:41,4.4,0.01,6,2640,买盘
122,14:46:36,4.39,-0.01,11,4829,卖盘
123,14:46:25,4.4,0.01,8,3520,买盘
124,14:46:11,4.39,--,57,25022,卖盘
125,14:46:05,4.39,-0.01,6,2634,卖盘
126,14:45:50,4.4,0.01,11,4840,买盘
127,14:45:46,4.39,-0.01,1,438,卖盘
128,14:45:40,4.4,--,15,6600,买盘
129,14:45:35,4.4,0.01,356,156640,买盘
130,14:45:25,4.39,-0.01,9,3950,卖盘
131,14:45:16,4.4,0.01,10,4400,买盘
132,14:45:10,4.39,-0.01,2,877,卖盘
133,14:45:05,4.4,0.01,27,11880,买盘
134,14:45:01,4.39,-0.01,8,3511,卖盘
135,14:44:55,4.4,--,401,176440,卖盘
136,14:44:50,4.4,--,20,8800,卖盘
137,14:44:35,4.4,-0.01,7,3080,卖盘
138,14:44:31,4.41,0.01,9,3969,买盘
139,14:44:25,4.4,-0.01,104,45760,卖盘
140,14:44:20,4.41,--,108,47628,买盘
141,14:44:16,4.41,0.01,30,13230,买盘
142,14:44:10,4.4,-0.01,120,52800,卖盘
143,14:43:50,4.41,--,10,4410,买盘
144,14:43:46,4.41,0.01,1,441,买盘
145,14:43:40,4.4,--,144,63360,卖盘
146,14:43:31,4.4,--,5,2200,卖盘
147,14:43:10,4.4,--,2,880,卖盘
148,14:43:05,4.4,--,86,37840,买盘
149,14:43:01,4.4,--,72,31680,买盘
150,14:42:50,4.4,--,50,22000,买盘
151,14:42:46,4.4,--,4,1760,买盘
152,14:42:40,4.4,--,6,2640,买盘
153,14:42:35,4.4,--,12,5280,买盘
154,14:42:31,4.4,--,100,44000,买盘
155,14:42:10,4.4,--,64,28160,买盘
156,14:41:46,4.4,0.01,10,4400,买盘
157,14:41:25,4.39,-0.01,3,1317,卖盘
158,14:41:10,4.4,0.01,9,3960,买盘
159,14:41:05,4.39,-0.01,127,55752,卖盘
160,14:41:00,4.4,--,1,440,买盘
161,14:40:55,4.4,0.01,30,13200,买盘
162,14:40:50,4.39,-0.01,3,1317,卖盘
163,14:40:35,4.4,--,11,4840,买盘
164,14:40:31,4.4,0.01,10,4400,买盘
165,14:40:25,4.39,--,23,10097,卖盘
166,14:40:05,4.39,--,2,877,卖盘
167,14:40:00,4.39,-0.01,56,24584,卖盘
168,14:39:55,4.4,0.01,192,84480,买盘
169,14:39:45,4.39,--,60,26339,卖盘
170,14:39:25,4.39,-0.01,890,390710,卖盘
171,14:39:15,4.4,0.01,10,4400,买盘
172,14:39:10,4.39,-0.01,2,877,卖盘
173,14:39:04,4.4,--,201,88440,买盘
174,14:39:00,4.4,0.01,500,220000,买盘
175,14:38:55,4.39,-0.01,10,4390,卖盘
176,14:38:49,4.4,0.01,60,26400,买盘
177,14:38:40,4.39,-0.01,4,1755,卖盘
178,14:38:25,4.4,--,64,28160,卖盘
179,14:38:19,4.4,--,1000,440000,卖盘
180,14:38:14,4.4,--,20,8800,卖盘
181,14:38:10,4.4,--,41,18040,卖盘
182,14:37:55,4.4,--,63,27720,卖盘
183,14:37:34,4.4,0.01,193,84920,买盘
184,14:37:29,4.39,-0.01,686,301154,卖盘
185,14:37:19,4.4,--,73,32120,卖盘
186,14:37:10,4.4,0.01,266,117040,买盘
187,14:37:04,4.39,-0.01,2,877,卖盘
188,14:36:55,4.4,--,15,6600,买盘
189,14:36:49,4.4,--,936,411840,卖盘
190,14:36:44,4.4,--,68,29920,卖盘
191,14:36:40,4.4,--,116,51040,卖盘
192,14:36:34,4.4,--,69,30360,卖盘
193,14:36:29,4.4,-0.01,7,3080,卖盘
194,14:36:25,4.41,--,910,401596,卖盘
195,14:36:19,4.41,--,147,64827,卖盘
196,14:36:14,4.41,-0.01,86,37926,卖盘
197,14:36:10,4.42,0.01,671,296582,买盘
198,14:36:04,4.41,--,199,87759,卖盘
199,14:35:55,4.41,--,32,14112,卖盘
200,14:35:49,4.41,--,21,9261,卖盘
201,14:35:44,4.41,--,113,49833,卖盘
202,14:35:40,4.41,--,23,10143,卖盘
203,14:35:34,4.41,--,216,95256,卖盘
204,14:35:29,4.41,--,468,206542,卖盘
205,14:35:25,4.41,--,69,30429,卖盘
206,14:35:14,4.41,--,76,33516,卖盘
207,14:35:04,4.41,--,2,882,卖盘
208,14:34:59,4.41,--,20,8820,卖盘
209,14:34:54,4.41,-0.01,1,441,卖盘
210,14:34:49,4.42,--,5,2210,买盘
211,14:34:29,4.42,--,2,884,买盘
212,14:34:24,4.42,--,2,884,买盘
213,14:34:09,4.42,0.01,50,22100,买盘
214,14:34:04,4.41,-0.01,2,882,卖盘
215,14:33:59,4.42,--,60,26520,买盘
216,14:33:54,4.42,--,1,442,买盘
217,14:33:49,4.42,0.01,501,221442,买盘
218,14:33:34,4.41,-0.01,38,16758,卖盘
219,14:33:29,4.42,0.01,50,22100,买盘
220,14:33:19,4.41,--,25,11025,卖盘
221,14:33:14,4.41,--,30,13230,卖盘
222,14:33:09,4.41,--,2,882,卖盘
223,14:32:59,4.41,0.01,298,131418,买盘
224,14:32:39,4.4,--,10,4400,卖盘
225,14:32:34,4.4,--,311,136840,卖盘
226,14:32:13,4.4,-0.01,10,4400,卖盘
227,14:32:09,4.41,0.01,52,22932,买盘
228,14:31:49,4.4,--,55,24200,卖盘
229,14:31:04,4.4,--,53,23320,卖盘
230,14:30:58,4.4,--,48,21120,卖盘
231,14:30:54,4.4,--,10,4400,卖盘
232,14:30:49,4.4,-0.01,230,101200,卖盘
233,14:30:28,4.41,--,141,62181,卖盘
234,14:30:13,4.41,--,10,4410,卖盘
235,14:30:04,4.41,--,11,4851,卖盘
236,14:29:58,4.41,--,3,1323,卖盘
237,14:29:53,4.41,--,90,39690,卖盘
238,14:29:49,4.41,--,150,66150,卖盘
239,14:29:43,4.41,--,10,4410,卖盘
240,14:29:34,4.41,--,20,8820,卖盘
241,14:29:19,4.41,--,50,22050,卖盘
242,14:29:04,4.41,--,77,33957,卖盘
243,14:28:58,4.41,--,105,46305,卖盘
244,14:28:53,4.41,-0.01,19,8379,卖盘
245,14:28:43,4.42,0.01,36,15912,买盘
246,14:28:28,4.41,--,110,48510,卖盘
247,14:28:04,4.41,--,2,882,卖盘
248,14:27:58,4.41,--,20,8820,卖盘
249,14:27:53,4.41,--,13,5733,卖盘
250,14:27:49,4.41,--,46,20286,卖盘
251,14:27:28,4.41,--,7,3087,卖盘
252,14:27:08,4.41,--,2,882,卖盘
253,14:26:58,4.41,-0.01,180,79380,卖盘
254,14:26:22,4.42,0.01,5,2210,买盘
255,14:26:18,4.41,--,8,3528,卖盘
256,14:26:08,4.41,--,2,882,卖盘
257,14:26:03,4.41,-0.01,50,22050,卖盘
258,14:25:52,4.42,0.01,14,6188,买盘
259,14:25:37,4.41,--,50,22050,卖盘
260,14:25:28,4.41,--,181,79821,卖盘
261,14:25:13,4.41,--,10,4410,卖盘
262,14:25:07,4.41,-0.01,2,882,卖盘
263,14:24:52,4.42,--,8,3536,买盘
264,14:24:43,4.42,--,5,2210,买盘
265,14:24:37,4.42,-0.01,30,13260,卖盘
266,14:24:28,4.43,0.01,5,2215,买盘
267,14:24:22,4.42,--,70,30940,买盘
268,14:24:07,4.42,--,37,16354,卖盘
269,14:24:03,4.42,-0.01,31,13923,卖盘
270,14:23:58,4.43,0.01,15,6645,买盘
271,14:23:52,4.42,--,38,16796,卖盘
272,14:23:43,4.42,--,56,24752,卖盘
273,14:23:37,4.42,--,50,22100,卖盘
274,14:23:27,4.42,--,41,18343,买盘
275,14:23:22,4.42,0.01,2,884,卖盘
276,14:23:12,4.41,-0.01,500,220500,卖盘
277,14:23:02,4.42,--,9,3978,买盘
278,14:22:57,4.42,--,33,14807,卖盘
279,14:22:37,4.42,-0.01,52,22984,卖盘
280,14:22:22,4.43,0.01,35,15504,买盘
281,14:22:12,4.42,--,75,33150,卖盘
282,14:22:07,4.42,--,1,442,卖盘
283,14:22:02,4.42,--,62,27404,卖盘
284,14:21:52,4.42,--,38,16796,卖盘
285,14:21:32,4.42,--,100,44200,卖盘
286,14:21:27,4.42,--,1,442,卖盘
287,14:21:22,4.42,--,133,58786,卖盘
288,14:21:07,4.42,-0.01,20,8840,卖盘
289,14:21:02,4.43,0.01,128,56704,买盘
290,14:20:57,4.42,--,70,30940,卖盘
291,14:20:52,4.42,--,46,20332,卖盘
292,14:20:27,4.42,--,30,13260,卖盘
293,14:20:22,4.42,-0.01,36,15912,卖盘
294,14:20:17,4.43,--,101,44743,买盘
295,14:20:12,4.43,0.01,5,2215,买盘
296,14:20:07,4.42,--,122,53924,卖盘
297,14:19:57,4.42,--,39,17459,卖盘
298,14:19:32,4.42,--,21,9503,卖盘
299,14:19:12,4.42,0.01,394,174369,买盘
300,14:19:07,4.41,-0.01,20,8820,卖盘
301,14:19:02,4.42,--,20,8840,买盘
302,14:18:52,4.42,--,255,112710,买盘
303,14:18:46,4.42,--,123,54366,买盘
304,14:18:42,4.42,-0.01,73,32266,卖盘
305,14:18:31,4.43,0.01,20,8860,买盘
306,14:18:27,4.42,--,74,32708,卖盘
307,14:18:22,4.42,--,90,39780,卖盘
308,14:18:16,4.42,--,0,0,卖盘
309,14:18:12,4.42,-0.02,150,66300,卖盘
310,14:18:01,4.44,0.01,51,22644,买盘
311,14:17:42,4.43,--,0,0,买盘
312,14:17:31,4.43,--,712,315416,卖盘
313,14:17:27,4.43,--,5,2215,卖盘
314,14:17:16,4.43,0.01,1,443,卖盘
315,14:17:12,4.42,--,0,0,卖盘
316,14:17:07,4.42,--,0,0,卖盘
317,14:16:52,4.42,--,9,3978,卖盘
318,14:16:22,4.42,--,400,176800,卖盘
319,14:16:07,4.42,-0.01,105,46410,卖盘
320,14:16:01,4.43,-0.01,10,4430,中性盘
321,14:15:52,4.44,0.01,391,173604,买盘
322,14:15:41,4.43,0.01,4,1772,卖盘
323,14:15:27,4.42,-0.01,200,88400,卖盘
324,14:15:01,4.43,--,170,75310,卖盘
325,14:14:56,4.43,--,81,35883,卖盘
326,14:14:41,4.43,-0.01,15,6645,卖盘
327,14:14:36,4.44,--,55,24420,买盘
328,14:14:31,4.44,--,17,7548,买盘
329,14:14:26,4.44,--,5,2220,买盘
330,14:14:21,4.44,--,10,4440,买盘
331,14:14:16,4.44,--,9,3996,买盘
332,14:13:51,4.44,--,714,317016,买盘
333,14:13:36,4.44,--,2,888,买盘
334,14:13:31,4.44,--,100,44400,买盘
335,14:13:25,4.44,--,5,2220,买盘
336,14:13:16,4.44,--,17,7548,买盘
337,14:13:11,4.44,--,5,2220,买盘
338,14:12:51,4.44,--,5,2220,买盘
339,14:12:46,4.44,0.01,5,2220,买盘
340,14:12:36,4.43,-0.01,5,2215,卖盘
341,14:12:31,4.44,0.01,111,49284,买盘
342,14:12:25,4.43,-0.01,750,332250,卖盘
343,14:12:10,4.44,--,20,8880,买盘
344,14:12:06,4.44,--,306,136090,卖盘
345,14:12:01,4.44,--,46,20424,卖盘
346,14:11:55,4.44,--,1,444,卖盘
347,14:11:51,4.44,--,44,19536,卖盘
348,14:11:46,4.44,--,636,282384,卖盘
349,14:11:40,4.44,--,1,444,卖盘
350,14:11:36,4.44,--,6,2664,卖盘
351,14:11:31,4.44,--,18,7992,卖盘
352,14:11:10,4.44,--,8,3552,卖盘
353,14:11:06,4.44,--,14,6438,卖盘
354,14:11:01,4.44,--,12,5328,卖盘
355,14:10:55,4.44,--,100,44400,卖盘
356,14:10:46,4.44,-0.01,22,9768,卖盘
357,14:10:40,4.45,0.01,20,8900,买盘
358,14:10:25,4.44,--,42,19087,卖盘
359,14:10:10,4.44,0.01,624,277056,买盘
360,14:10:06,4.43,-0.01,50,22150,卖盘
361,14:10:01,4.44,--,1,444,买盘
362,14:09:55,4.44,0.01,1,444,买盘
363,14:09:31,4.43,--,2,886,卖盘
364,14:08:35,4.43,-0.01,24,10632,卖盘
365,14:08:25,4.44,--,7,3108,买盘
366,14:08:15,4.44,--,22,9768,买盘
367,14:08:00,4.44,--,34,15100,卖盘
368,14:07:55,4.44,--,5,2220,卖盘
369,14:07:45,4.44,--,22,9768,卖盘
370,14:07:40,4.44,--,34,15096,卖盘
371,14:07:30,4.44,--,740,328560,卖盘
372,14:07:15,4.44,-0.01,75,33300,卖盘
373,14:07:05,4.45,--,1,445,买盘
374,14:06:30,4.45,0.01,17,7565,买盘
375,14:06:00,4.44,-0.01,10,4440,卖盘
376,14:05:55,4.45,--,20,8900,买盘
377,14:05:40,4.45,--,32,14240,买盘
378,14:05:34,4.45,--,297,132165,买盘
379,14:05:30,4.45,0.01,11,4895,买盘
380,14:05:15,4.44,-0.01,1,444,卖盘
381,14:05:00,4.45,--,21,9345,买盘
382,14:04:55,4.45,0.01,50,22250,买盘
383,14:04:45,4.44,--,20,8880,卖盘
384,14:04:30,4.44,-0.01,341,151404,卖盘
385,14:04:15,4.45,0.01,10,4450,买盘
386,14:04:10,4.44,-0.01,5,2220,卖盘
387,14:04:00,4.45,0.01,30,13350,买盘
388,14:03:55,4.44,-0.01,4,1776,卖盘
389,14:03:30,4.45,--,43,19135,买盘
390,14:03:25,4.45,0.01,10,4450,买盘
391,14:03:19,4.44,-0.01,43,19176,卖盘
392,14:03:10,4.45,--,73,32845,买盘
393,14:03:00,4.45,--,12,5424,卖盘
394,14:02:55,4.45,--,129,57405,卖盘
395,14:02:49,4.45,--,112,49840,卖盘
396,14:02:45,4.45,-0.01,9,4005,卖盘
397,14:02:40,4.46,0.01,34,15164,买盘
398,14:02:34,4.45,--,20,8900,卖盘
399,14:02:19,4.45,-0.01,5,2225,卖盘
400,14:02:15,4.46,0.01,100,44600,买盘
401,14:02:10,4.45,--,108,48060,卖盘
402,14:02:04,4.45,--,490,218050,卖盘
403,14:01:55,4.45,--,54,24030,卖盘
404,14:01:49,4.45,--,65,28925,卖盘
405,14:01:45,4.45,--,2,890,卖盘
406,14:01:40,4.45,--,101,44945,卖盘
407,14:01:34,4.45,-0.01,15,6675,卖盘
408,14:01:29,4.46,-0.01,101,45046,买盘
409,14:01:24,4.47,--,250,111750,买盘
410,14:01:19,4.47,0.01,75,33525,买盘
411,14:01:14,4.46,-0.01,170,75820,卖盘
412,14:01:09,4.47,--,10,4470,买盘
413,14:01:04,4.47,--,14,6258,买盘
414,14:00:59,4.47,--,93,41571,买盘
415,14:00:49,4.47,0.01,153,68391,买盘
416,14:00:44,4.46,-0.01,17,7582,卖盘
417,14:00:34,4.47,0.01,89,39783,买盘
418,14:00:29,4.46,-0.01,105,46830,卖盘
419,14:00:24,4.47,0.01,66,29502,买盘
420,14:00:19,4.46,--,36,16056,卖盘
421,14:00:14,4.46,-0.01,18,8028,卖盘
422,14:00:09,4.47,0.02,3155,1410285,买盘
423,14:00:04,4.45,--,541,240745,卖盘
424,13:59:59,4.45,--,3,1335,卖盘
425,13:59:54,4.45,-0.01,15,6675,卖盘
426,13:59:39,4.46,--,24,10704,买盘
427,13:59:34,4.46,0.01,181,80726,买盘
428,13:59:29,4.45,-0.01,25,11125,卖盘
429,13:59:24,4.46,--,221,98566,买盘
430,13:59:19,4.46,0.01,84,37464,买盘
431,13:59:09,4.45,--,464,206480,卖盘
432,13:59:04,4.45,--,10,4450,卖盘
433,13:58:57,4.45,--,483,215295,买盘
434,13:58:54,4.45,--,691,307495,买盘
435,13:58:49,4.45,--,429,190905,买盘
436,13:58:43,4.45,--,249,110805,买盘
437,13:58:39,4.45,--,11,4895,买盘
438,13:58:34,4.45,0.01,82,36490,买盘
439,13:58:24,4.44,--,1,444,卖盘
440,13:58:19,4.44,--,8,3552,卖盘
441,13:58:12,4.44,--,550,244639,买盘
442,13:58:09,4.44,--,221,98124,买盘
443,13:58:04,4.44,--,10,4440,买盘
444,13:57:57,4.44,--,40,17760,买盘
445,13:57:54,4.44,-0.01,547,242872,卖盘
446,13:57:49,4.45,0.01,37,16465,买盘
447,13:57:43,4.44,-0.01,153,67932,卖盘
448,13:57:39,4.45,--,159,70755,买盘
449,13:57:34,4.45,--,13,5785,买盘
450,13:57:27,4.45,--,364,161980,买盘
451,13:57:24,4.45,--,7,3115,买盘
452,13:57:19,4.45,0.01,260,115700,买盘
453,13:57:09,4.44,-0.01,6,2664,卖盘
454,13:57:04,4.45,--,500,222500,买盘
455,13:56:57,4.45,--,380,169100,买盘
456,13:56:54,4.45,0.01,126,56070,买盘
457,13:56:39,4.44,-0.01,30,13320,卖盘
458,13:56:33,4.45,--,204,90780,买盘
459,13:56:24,4.45,0.01,163,72535,买盘
460,13:56:18,4.44,--,230,102120,卖盘
461,13:56:12,4.44,--,56,24864,卖盘
462,13:56:09,4.44,--,100,44400,卖盘
463,13:56:03,4.44,--,141,62604,卖盘
464,13:55:57,4.44,--,30,13320,卖盘
465,13:55:54,4.44,--,521,231763,买盘
466,13:55:48,4.44,0.01,20,8880,买盘
467,13:55:42,4.43,-0.01,2,886,卖盘
468,13:55:38,4.44,--,100,44400,买盘
469,13:55:27,4.44,0.01,1364,605616,买盘
470,13:55:18,4.43,--,5,2215,卖盘
471,13:55:12,4.43,-0.01,250,110750,卖盘
472,13:55:03,4.44,--,332,147408,买盘
473,13:54:57,4.44,--,1789,794316,卖盘
474,13:54:53,4.44,--,2,888,卖盘
475,13:54:48,4.44,-0.01,23,10212,卖盘
476,13:54:33,4.45,--,6,2670,买盘
477,13:54:27,4.45,0.01,351,156195,买盘
478,13:54:23,4.44,--,30,13404,卖盘
479,13:54:18,4.44,0.01,95,42539,买盘
480,13:54:12,4.43,--,49,21707,卖盘
481,13:54:08,4.43,-0.01,1,443,卖盘
482,13:54:03,4.44,--,115,51060,买盘
483,13:53:57,4.44,--,500,222000,买盘
484,13:53:48,4.44,--,15,6660,买盘
485,13:53:42,4.44,0.01,451,200244,买盘
486,13:53:38,4.43,-0.01,2,886,卖盘
487,13:53:33,4.44,--,22,9768,买盘
488,13:53:27,4.44,--,99,43956,买盘
489,13:53:23,4.44,0.01,13,5772,买盘
490,13:53:18,4.43,-0.01,55,24365,卖盘
491,13:53:12,4.44,--,29,12876,买盘
492,13:53:03,4.44,0.01,937,416028,买盘
493,13:52:53,4.43,-0.01,95,42085,卖盘
494,13:52:48,4.44,--,51,22644,买盘
495,13:52:42,4.44,--,500,222000,买盘
496,13:52:36,4.44,0.01,1120,497280,买盘
497,13:52:33,4.43,--,2,886,卖盘
498,13:52:27,4.43,--,7,3101,卖盘
499,13:52:18,4.43,--,963,426998,买盘
500,13:52:12,4.43,0.01,3,1329,买盘
501,13:52:06,4.42,-0.01,60,26520,卖盘
502,13:52:03,4.43,--,441,195363,买盘
503,13:51:57,4.43,--,2,886,买盘
504,13:51:48,4.43,0.01,3,1329,买盘
505,13:51:42,4.42,-0.01,7,3094,卖盘
506,13:51:33,4.43,0.01,47,20821,买盘
507,13:51:18,4.42,-0.01,2,884,卖盘
508,13:51:12,4.43,--,50,22150,买盘
509,13:51:03,4.43,--,16,7088,买盘
510,13:50:48,4.43,0.01,588,260483,买盘
511,13:50:21,4.42,--,20,8840,卖盘
512,13:50:18,4.42,0.01,135,59670,中性盘
513,13:50:06,4.41,-0.01,16,7307,卖盘
514,13:50:03,4.42,--,75,33150,买盘
515,13:49:57,4.42,--,504,222768,买盘
516,13:49:48,4.42,--,171,75582,买盘
517,13:49:42,4.42,--,17,7514,买盘
518,13:49:33,4.42,--,317,140114,买盘
519,13:49:27,4.42,--,200,88400,买盘
520,13:49:21,4.42,--,7,3094,买盘
521,13:49:12,4.42,0.01,7,3094,买盘
522,13:48:57,4.41,--,71,31311,卖盘
523,13:48:48,4.41,--,1,441,卖盘
524,13:48:12,4.41,--,96,42336,买盘
525,13:48:06,4.41,--,1,441,买盘
526,13:48:02,4.41,--,25,11025,买盘
527,13:47:51,4.41,--,58,25578,买盘
528,13:47:36,4.41,--,3,1323,买盘
529,13:47:32,4.41,-0.01,9,3969,买盘
530,13:47:12,4.42,--,92,40664,买盘
531,13:47:06,4.42,0.01,119,52598,买盘
532,13:46:57,4.41,0.01,25,11025,买盘
533,13:46:51,4.4,-0.01,8,3520,卖盘
534,13:46:42,4.41,0.01,20,8820,买盘
535,13:46:36,4.4,-0.01,2,880,卖盘
536,13:46:32,4.41,0.01,300,132300,买盘
537,13:46:27,4.4,-0.01,6,2640,卖盘
538,13:46:02,4.41,0.01,1,441,买盘
539,13:45:57,4.4,-0.01,10,4400,卖盘
540,13:45:36,4.41,--,1360,599760,买盘
541,13:45:30,4.41,0.01,640,282240,买盘
542,13:45:27,4.4,--,2,880,卖盘
543,13:45:12,4.4,--,10,4400,卖盘
544,13:44:57,4.4,--,10,4400,卖盘
545,13:44:27,4.4,--,20,8800,卖盘
546,13:44:21,4.4,--,2,880,卖盘
547,13:44:06,4.4,--,360,158400,卖盘
548,13:43:51,4.4,--,25,11000,买盘
549,13:43:45,4.4,--,160,70400,买盘
550,13:43:42,4.4,--,230,101200,买盘
551,13:43:36,4.4,--,24,10560,买盘
552,13:43:21,4.4,--,35,15400,买盘
553,13:43:12,4.4,--,100,44000,卖盘
554,13:43:06,4.4,--,1,440,卖盘
555,13:42:45,4.4,--,101,44440,卖盘
556,13:42:12,4.4,--,172,75680,买盘
557,13:42:00,4.4,--,230,101200,卖盘
558,13:41:57,4.4,--,10,4400,卖盘
559,13:41:51,4.4,--,210,92400,卖盘
560,13:41:21,4.4,--,2,880,卖盘
561,13:41:15,4.4,--,3,1320,卖盘
562,13:41:11,4.4,--,4,1760,卖盘
563,13:40:41,4.4,-0.01,30,13200,卖盘
564,13:40:36,4.41,0.01,10,4410,买盘
565,13:40:30,4.4,-0.01,5,2200,卖盘
566,13:40:15,4.41,0.01,3,1323,买盘
567,13:40:11,4.4,-0.01,1,440,卖盘
568,13:39:45,4.41,--,10,4410,买盘
569,13:39:36,4.41,-0.01,175,77395,卖盘
570,13:39:30,4.42,0.01,21,9282,买盘
571,13:39:26,4.41,-0.01,1,441,卖盘
572,13:39:15,4.42,0.01,723,319566,买盘
573,13:39:11,4.41,-0.01,700,308700,卖盘
574,13:39:06,4.42,--,350,154700,买盘
575,13:39:00,4.42,0.01,112,49504,买盘
576,13:38:51,4.41,-0.01,10,4410,卖盘
577,13:38:36,4.42,--,18,7956,买盘
578,13:38:30,4.42,0.01,10,4420,买盘
579,13:38:15,4.41,-0.01,127,56007,卖盘
580,13:38:06,4.42,0.01,115,50830,买盘
581,13:37:51,4.41,--,348,153688,买盘
582,13:37:45,4.41,--,614,270774,买盘
583,13:37:39,4.41,--,13,5733,买盘
584,13:37:36,4.41,--,2,882,买盘
585,13:37:30,4.41,--,110,48510,买盘
586,13:37:24,4.41,--,510,224910,买盘
587,13:37:06,4.41,0.01,10,4410,买盘
588,13:37:00,4.4,--,12,5280,卖盘
589,13:36:54,4.4,--,22,9680,卖盘
590,13:36:51,4.4,--,50,22000,卖盘
591,13:36:45,4.4,--,340,149767,买盘
592,13:36:39,4.4,--,230,101200,买盘
593,13:36:36,4.4,--,675,297000,买盘
594,13:36:30,4.4,--,310,136400,买盘
595,13:36:21,4.4,--,1,440,买盘
596,13:36:05,4.4,--,63,27720,买盘
597,13:36:00,4.4,--,52,22880,买盘
598,13:35:50,4.4,--,140,61600,买盘
599,13:35:39,4.4,0.01,112,49280,买盘
600,13:35:36,4.39,-0.01,3,1317,卖盘
601,13:35:24,4.4,0.01,3,1320,买盘
602,13:35:09,4.39,--,68,29851,卖盘
603,13:35:05,4.39,--,77,33803,卖盘
604,13:35:00,4.39,-0.01,152,66728,卖盘
605,13:34:54,4.4,0.01,1,440,买盘
606,13:34:51,4.39,-0.01,2,877,中性盘
607,13:34:24,4.4,0.02,3,1320,买盘
608,13:34:20,4.38,-0.02,2,876,卖盘
609,13:34:09,4.4,0.01,211,92840,买盘
610,13:34:05,4.39,-0.01,995,436804,卖盘
611,13:33:54,4.4,--,99,43560,买盘
612,13:33:50,4.4,0.01,112,49280,买盘
613,13:33:45,4.39,--,10,4390,卖盘
614,13:33:39,4.39,-0.01,52,22828,卖盘
615,13:33:35,4.4,0.01,23,10120,买盘
616,13:33:30,4.39,--,5,2195,卖盘
617,13:33:15,4.39,-0.01,2,877,卖盘
618,13:33:05,4.4,0.01,312,137280,买盘
619,13:33:00,4.39,--,2701,1185958,卖盘
620,13:32:54,4.39,-0.01,25,10975,卖盘
621,13:32:39,4.4,--,211,92840,买盘
622,13:32:30,4.4,--,1540,677652,卖盘
623,13:32:24,4.4,--,143,62920,卖盘
624,13:32:15,4.4,--,65,28600,卖盘
625,13:32:09,4.4,--,366,161427,买盘
626,13:32:05,4.4,--,7,3080,买盘
627,13:31:54,4.4,--,211,92840,买盘
628,13:31:48,4.4,0.01,9,3960,买盘
629,13:31:45,4.39,-0.01,32,14047,卖盘
630,13:31:39,4.4,--,313,137720,买盘
631,13:31:30,4.4,--,114,50380,买盘
632,13:31:24,4.4,--,41,18040,买盘
633,13:31:20,4.4,0.01,412,181280,买盘
634,13:31:09,4.39,-0.01,73,32046,卖盘
635,13:31:05,4.4,0.01,512,225280,买盘
636,13:30:54,4.39,--,2,877,卖盘
637,13:30:48,4.39,--,7,3073,卖盘
638,13:30:44,4.39,--,62,27437,卖盘
639,13:30:29,4.39,-0.01,73,32046,卖盘
640,13:30:24,4.4,0.01,56,24860,买盘
641,13:30:09,4.39,--,191,83849,卖盘
642,13:30:03,4.39,-0.01,31,13608,卖盘
643,13:29:59,4.4,--,32,14080,买盘
644,13:29:48,4.4,0.01,71,31240,买盘
645,13:29:44,4.39,-0.01,2,877,卖盘
646,13:29:24,4.4,0.01,22,9680,买盘
647,13:28:54,4.39,-0.01,7,3073,卖盘
648,13:28:33,4.4,--,52,22880,买盘
649,13:28:24,4.4,--,1,440,买盘
650,13:27:29,4.4,0.01,4,1760,买盘
651,13:27:24,4.39,-0.01,2,877,卖盘
652,13:27:14,4.4,-0.01,8,3572,卖盘
653,13:27:09,4.41,0.01,611,269618,买盘
654,13:26:59,4.4,--,1000,440000,卖盘
655,13:26:48,4.4,--,15,6600,卖盘
656,13:26:44,4.4,--,12,5280,卖盘
657,13:26:39,4.4,--,44,19580,卖盘
658,13:26:33,4.4,--,7,3080,卖盘
659,13:26:14,4.4,-0.01,2,880,卖盘
660,13:26:03,4.41,0.01,881,388521,买盘
661,13:25:54,4.4,--,539,237160,卖盘
662,13:25:48,4.4,--,606,266640,卖盘
663,13:25:29,4.4,-0.01,5,2200,卖盘
664,13:25:24,4.41,0.01,1146,505386,买盘
665,13:25:09,4.4,--,7,3080,卖盘
666,13:25:03,4.4,-0.01,101,44440,卖盘
667,13:24:48,4.41,--,1,441,买盘
668,13:24:39,4.41,0.01,46,20286,买盘
669,13:24:33,4.4,-0.01,15,6600,卖盘
670,13:24:24,4.41,--,15,6615,买盘
671,13:24:03,4.41,--,20,8820,买盘
672,13:23:57,4.41,--,20,8820,买盘
673,13:23:42,4.41,0.01,4,1764,买盘
674,13:23:33,4.4,-0.01,2,880,卖盘
675,13:23:12,4.41,-0.01,374,165154,卖盘
676,13:23:03,4.42,0.01,71,31382,买盘
677,13:22:53,4.41,--,300,132300,卖盘
678,13:22:42,4.41,--,1,441,卖盘
679,13:22:38,4.41,--,20,8820,卖盘
680,13:22:33,4.41,--,41,18081,卖盘
681,13:22:27,4.41,--,100,44100,卖盘
682,13:22:23,4.41,--,8,3528,卖盘
683,13:22:18,4.41,--,20,8820,卖盘
684,13:22:03,4.41,-0.01,59,26019,卖盘
685,13:21:57,4.42,0.01,1,442,买盘
686,13:21:53,4.41,--,500,220500,卖盘
687,13:21:48,4.41,-0.01,3,1323,卖盘
688,13:21:42,4.42,0.01,5,2210,买盘
689,13:21:33,4.41,-0.01,85,37485,卖盘
690,13:20:57,4.42,--,1,442,买盘
691,13:20:53,4.42,--,10,4420,买盘
692,13:20:48,4.42,--,18,7956,买盘
693,13:20:33,4.42,0.01,100,44200,买盘
694,13:20:23,4.41,--,33,14553,卖盘
695,13:20:12,4.41,--,5,2205,卖盘
696,13:20:08,4.41,-0.01,10,4410,卖盘
697,13:19:48,4.42,--,14,6188,买盘
698,13:19:27,4.42,--,79,34918,买盘
699,13:19:18,4.42,--,3,1326,买盘
700,13:19:08,4.42,--,10,4420,买盘
701,13:18:53,4.42,--,5,2210,买盘
702,13:18:48,4.42,--,1,442,买盘
703,13:18:42,4.42,--,7,3094,买盘
704,13:18:08,4.42,--,20,8840,买盘
705,13:18:03,4.42,--,8,3536,买盘
706,13:17:48,4.42,0.01,195,86190,买盘
707,13:17:27,4.41,-0.01,20,8820,卖盘
708,13:17:23,4.42,--,1,442,买盘
709,13:17:03,4.42,0.01,40,17680,买盘
710,13:16:42,4.41,--,30,13230,卖盘
711,13:16:38,4.41,--,334,147514,买盘
712,13:16:33,4.41,--,40,17640,买盘
713,13:16:21,4.41,--,1,441,买盘
714,13:16:18,4.41,--,560,246960,买盘
715,13:16:06,4.41,--,60,26460,买盘
716,13:15:57,4.41,0.01,15,6615,买盘
717,13:15:48,4.4,--,34,14960,卖盘
718,13:15:42,4.4,--,55,24420,买盘
719,13:15:32,4.4,--,761,335060,卖盘
720,13:15:12,4.4,-0.01,39,17160,卖盘
721,13:15:02,4.41,--,279,123039,买盘
722,13:14:42,4.41,--,300,132300,买盘
723,13:14:36,4.41,--,10,4410,买盘
724,13:14:32,4.41,--,500,220500,买盘
725,13:14:27,4.41,0.01,99,43659,买盘
726,13:14:21,4.4,-0.01,59,25960,卖盘
727,13:14:06,4.41,--,1,441,买盘
728,13:14:02,4.41,--,20,8820,买盘
729,13:13:17,4.41,--,3,1323,买盘
730,13:13:06,4.41,--,20,8820,买盘
731,13:13:02,4.41,--,1,441,买盘
732,13:12:47,4.41,0.01,2,882,买盘
733,13:12:32,4.4,--,10,4400,卖盘
734,13:12:12,4.4,0.01,33,14740,买盘
735,13:12:02,4.39,-0.01,5,2195,卖盘
736,13:11:57,4.4,--,20,8800,买盘
737,13:11:51,4.4,--,5,2200,买盘
738,13:11:42,4.4,--,2,880,买盘
739,13:11:36,4.4,--,14,6160,买盘
740,13:10:57,4.4,--,1,440,买盘
741,13:10:36,4.4,--,1,440,买盘
742,13:10:27,4.4,--,500,220000,买盘
743,13:10:21,4.4,--,19,8360,买盘
744,13:10:06,4.4,--,23,10120,买盘
745,13:09:57,4.4,--,10,4400,买盘
746,13:09:51,4.4,0.01,24,10560,买盘
747,13:09:42,4.39,-0.01,1,438,卖盘
748,13:09:20,4.4,-0.01,1158,509740,卖盘
749,13:09:11,4.41,--,4,1764,买盘
750,13:09:06,4.41,--,2,882,买盘
751,13:08:26,4.41,--,44,19404,买盘
752,13:08:11,4.41,0.01,14,6174,买盘
753,13:08:00,4.4,--,2,880,卖盘
754,13:07:56,4.4,--,10,4400,卖盘
755,13:07:45,4.4,-0.01,22,9680,卖盘
756,13:07:41,4.41,0.01,53,23373,买盘
757,13:07:21,4.4,--,12,5280,卖盘
758,13:07:11,4.4,--,10,4400,卖盘
759,13:07:06,4.4,--,1,440,卖盘
760,13:07:00,4.4,-0.01,18,7920,卖盘
761,13:06:56,4.41,0.01,20,8820,买盘
762,13:06:41,4.4,--,42,18480,卖盘
763,13:06:35,4.4,--,16,7040,卖盘
764,13:06:21,4.4,--,6,2640,卖盘
765,13:06:15,4.4,--,1,660,卖盘
766,13:06:06,4.4,--,209,91960,卖盘
767,13:05:59,4.4,--,21,9240,卖盘
768,13:05:35,4.4,--,110,48400,卖盘
769,13:05:20,4.4,-0.01,12,5280,卖盘
770,13:04:56,4.41,--,60,26460,买盘
771,13:04:35,4.41,--,10,4410,买盘
772,13:04:29,4.41,--,90,39690,买盘
773,13:04:11,4.41,0.01,136,59976,买盘
774,13:04:05,4.4,--,34,14960,卖盘
775,13:03:50,4.4,--,12,5280,卖盘
776,13:03:44,4.4,-0.01,199,87560,卖盘
777,13:03:40,4.41,--,360,158760,买盘
778,13:03:35,4.41,--,44,19404,买盘
779,13:03:29,4.41,0.01,4,1764,买盘
780,13:03:20,4.4,-0.01,5,2200,卖盘
781,13:03:14,4.41,--,360,158760,买盘
782,13:03:10,4.41,--,46,20286,买盘
783,13:03:05,4.41,0.01,132,58212,买盘
784,13:02:50,4.4,-0.01,2,880,卖盘
785,13:02:35,4.41,--,45,19845,买盘
786,13:02:20,4.41,0.01,20,8820,买盘
787,13:02:10,4.4,-0.01,7,3080,卖盘
788,13:01:59,4.41,--,10,4410,买盘
789,13:01:50,4.41,0.01,21,9261,买盘
790,13:01:39,4.4,-0.01,7,3080,卖盘
791,13:01:35,4.41,-0.01,46,20286,卖盘
792,13:01:24,4.42,0.01,8,3536,买盘
793,13:01:20,4.41,--,15,6615,买盘
794,13:01:08,4.41,--,10,4410,买盘
795,13:00:59,4.41,-0.01,182,80262,卖盘
796,13:00:53,4.42,--,3,1326,买盘
797,13:00:50,4.42,--,6,2652,买盘
798,13:00:44,4.42,--,12,5304,买盘
799,13:00:38,4.42,--,8,3536,买盘
800,13:00:35,4.42,0.01,621,274482,买盘
801,13:00:20,4.41,-0.01,100,44100,卖盘
802,13:00:05,4.42,0.01,1396,617032,买盘
803,11:30:00,4.41,--,0,0,买盘
804,11:29:59,4.41,--,0,0,买盘
805,11:29:59,4.41,--,77,33957,买盘
806,11:29:57,4.41,--,10,4410,买盘
807,11:29:52,4.41,0.01,4,1764,买盘
808,11:29:46,4.4,--,100,44000,卖盘
809,11:29:27,4.4,--,558,245520,买盘
810,11:29:22,4.4,--,1045,459800,买盘
811,11:29:16,4.4,--,101,44440,买盘
812,11:29:07,4.4,--,66,29040,买盘
813,11:29:01,4.4,--,33,14520,买盘
814,11:28:37,4.4,--,61,26840,买盘
815,11:28:26,4.4,--,69,30360,买盘
816,11:28:22,4.4,--,15,6600,买盘
817,11:28:16,4.4,--,10,4400,买盘
818,11:27:46,4.4,--,100,44000,买盘
819,11:27:31,4.4,--,1027,451880,买盘
820,11:27:21,4.4,--,1,440,买盘
821,11:27:15,4.4,--,1,440,买盘
822,11:27:06,4.4,0.01,10,4400,买盘
823,11:26:21,4.39,-0.01,50,21950,卖盘
824,11:26:16,4.4,--,28,12320,买盘
825,11:25:55,4.4,0.01,1,440,买盘
826,11:25:21,4.39,0.01,113,49607,买盘
827,11:25:06,4.38,-0.01,912,399456,卖盘
828,11:24:55,4.39,0.01,127,55752,买盘
829,11:24:46,4.38,-0.01,5,2190,卖盘
830,11:24:36,4.39,--,162,71118,买盘
831,11:23:45,4.39,--,1,438,买盘
832,11:23:36,4.39,--,10,4390,买盘
833,11:23:24,4.39,--,10,4390,买盘
834,11:23:21,4.39,--,3,1317,买盘
835,11:22:36,4.39,--,40,17560,买盘
836,11:22:06,4.39,0.01,146,64093,买盘
837,11:21:54,4.38,-0.01,4,1752,卖盘
838,11:21:45,4.39,0.01,3,1317,买盘
839,11:21:39,4.38,-0.01,2,876,卖盘
840,11:21:24,4.39,--,814,357346,卖盘
841,11:19:30,4.39,-0.01,90,39510,卖盘
842,11:18:39,4.4,0.01,50,22000,买盘
843,11:18:30,4.39,-0.01,39,17121,卖盘
844,11:18:24,4.4,--,4,1760,买盘
845,11:18:15,4.4,0.01,2,880,买盘
846,11:18:09,4.39,-0.01,20,8780,卖盘
847,11:18:00,4.4,--,50,22000,买盘
848,11:17:48,4.4,--,6,2640,买盘
849,11:17:45,4.4,--,10,4400,买盘
850,11:17:30,4.4,--,7,3080,买盘
851,11:17:18,4.4,0.01,20,8800,买盘
852,11:17:09,4.39,-0.01,1,438,卖盘
853,11:17:00,4.4,--,44,19360,买盘
854,11:16:54,4.4,0.01,1,440,买盘
855,11:16:39,4.39,--,5,2195,卖盘
856,11:16:24,4.39,--,64,28095,买盘
857,11:16:18,4.39,--,415,182185,买盘
858,11:16:09,4.39,--,1,438,买盘
859,11:16:00,4.39,--,34,14925,卖盘
860,11:15:39,4.39,--,27,11853,买盘
861,11:15:30,4.39,-0.01,1094,480265,卖盘
862,11:15:18,4.4,--,2,880,买盘
863,11:15:03,4.4,--,20,8800,买盘
864,11:15:00,4.4,0.01,160,70400,买盘
865,11:14:45,4.39,--,87,38193,买盘
866,11:14:39,4.39,--,11,4829,卖盘
867,11:14:33,4.39,--,189,82971,买盘
868,11:14:29,4.39,0.01,41,17999,买盘
869,11:14:14,4.38,-0.01,1,438,卖盘
870,11:14:09,4.39,--,3,1317,买盘
871,11:13:48,4.39,--,42,18438,买盘
872,11:13:18,4.39,--,33,14486,买盘
873,11:12:54,4.39,0.01,1,438,买盘
874,11:12:33,4.38,--,29,12702,卖盘
875,11:12:24,4.38,--,100,43800,卖盘
876,11:12:03,4.38,--,92,40296,卖盘
877,11:11:59,4.38,-0.01,18,7884,卖盘
878,11:11:48,4.39,--,200,87800,买盘
879,11:11:44,4.39,0.01,234,102725,买盘
880,11:11:39,4.38,--,16,7008,卖盘
881,11:11:18,4.38,--,35,15330,买盘
882,11:11:03,4.38,--,65,28470,卖盘
883,11:10:48,4.38,-0.01,6,2628,卖盘
884,11:10:33,4.39,0.01,50,21950,买盘
885,11:10:24,4.38,--,6,2628,卖盘
886,11:09:57,4.38,--,7,3066,卖盘
887,11:09:42,4.38,--,5,2190,买盘
888,11:09:27,4.38,--,50,21900,买盘
889,11:09:12,4.38,--,10,4380,买盘
890,11:08:54,4.38,--,10,4380,买盘
891,11:08:48,4.38,-0.01,32,14016,买盘
892,11:08:39,4.39,0.01,188,82532,买盘
893,11:08:33,4.38,--,22,9636,卖盘
894,11:08:18,4.38,-0.01,7,3066,卖盘
895,11:08:09,4.39,0.02,3,1317,买盘
896,11:07:48,4.37,--,0,0,卖盘
897,11:07:39,4.37,-0.01,400,174800,卖盘
898,11:07:27,4.38,--,4,1752,买盘
899,11:07:18,4.38,--,40,17520,买盘
900,11:06:57,4.38,0.01,6,2628,买盘
901,11:06:53,4.37,-0.01,31,13547,卖盘
902,11:06:38,4.38,--,10,4380,买盘
903,11:06:33,4.38,0.01,100,43800,买盘
904,11:06:27,4.37,-0.01,1,437,卖盘
905,11:06:18,4.38,--,13,5694,买盘
906,11:06:12,4.38,--,15,6570,买盘
907,11:05:57,4.38,0.01,10,4380,买盘
908,11:05:48,4.37,--,54,23598,卖盘
909,11:05:42,4.37,--,4,1748,卖盘
910,11:05:38,4.37,0.01,9,3933,卖盘
911,11:05:18,4.36,--,1,436,卖盘
912,11:05:12,4.36,-0.01,118,51448,卖盘
913,11:05:08,4.37,--,27,11799,买盘
914,11:04:57,4.37,--,50,21850,买盘
915,11:04:48,4.37,0.01,45,19665,买盘
916,11:04:38,4.36,-0.01,30,13080,卖盘
917,11:04:27,4.37,0.01,518,226366,买盘
918,11:04:23,4.36,-0.01,1,436,卖盘
919,11:04:18,4.37,0.01,30,13110,买盘
920,11:04:12,4.36,-0.01,40,17440,卖盘
921,11:03:57,4.37,0.01,46,20102,买盘
922,11:03:48,4.36,--,28,12208,卖盘
923,11:03:18,4.36,--,20,8720,卖盘
924,11:02:57,4.36,-0.01,153,66708,卖盘
925,11:02:42,4.37,-0.01,10,4370,买盘
926,11:02:27,4.38,--,0,0,买盘
927,11:02:21,4.38,0.01,4,1752,买盘
928,11:02:18,4.37,--,15,6555,卖盘
929,11:02:03,4.37,--,15,6555,买盘
930,11:01:57,4.37,0.01,5,2185,中性盘
931,11:01:51,4.36,-0.02,10,4360,卖盘
932,11:01:33,4.38,0.01,3360,1471680,买盘
933,11:01:27,4.37,--,5,2185,买盘
934,11:01:12,4.37,-0.01,2096,916222,卖盘
935,11:01:03,4.38,--,7,3232,买盘
936,11:00:57,4.38,-0.01,0,271,卖盘
937,11:00:51,4.39,0.01,1,438,买盘
938,11:00:48,4.38,--,297,130086,卖盘
939,11:00:42,4.38,--,507,222066,卖盘
940,11:00:32,4.38,--,675,295650,卖盘
941,11:00:27,4.38,--,514,225298,卖盘
942,11:00:21,4.38,--,30,13140,卖盘
943,11:00:17,4.38,--,171,74898,卖盘
944,11:00:12,4.38,--,18,7884,卖盘
945,11:00:06,4.38,-0.01,117,51246,卖盘
946,11:00:02,4.39,-0.01,42,18438,卖盘
947,10:59:57,4.4,0.01,1,440,买盘
948,10:59:51,4.39,--,60,26339,卖盘
949,10:59:47,4.39,--,40,17560,卖盘
950,10:59:42,4.39,--,58,25461,卖盘
951,10:59:36,4.39,--,188,82532,买盘
952,10:59:32,4.39,0.01,20,8780,买盘
953,10:59:27,4.38,--,11,4818,卖盘
954,10:59:21,4.38,-0.01,41,17958,卖盘
955,10:59:17,4.39,0.01,50,21950,买盘
956,10:59:12,4.38,--,1,438,卖盘
957,10:58:57,4.38,--,305,133590,卖盘
958,10:58:47,4.38,-0.01,42,18396,卖盘
959,10:58:42,4.39,--,21,9219,买盘
960,10:58:32,4.39,0.01,100,43900,买盘
961,10:58:27,4.38,--,5,2190,卖盘
962,10:58:12,4.38,-0.01,143,62634,卖盘
963,10:58:06,4.39,--,8,3511,买盘
964,10:57:57,4.39,--,98,43022,买盘
965,10:57:42,4.39,0.01,60,26339,买盘
966,10:57:21,4.38,--,126,55188,卖盘
967,10:57:06,4.38,--,60,26280,卖盘
968,10:56:57,4.38,--,51,22338,卖盘
969,10:56:36,4.38,--,41,17958,卖盘
970,10:56:32,4.38,--,10,4380,卖盘
971,10:56:15,4.38,-0.01,20,8760,卖盘
972,10:56:06,4.39,0.01,34,14925,买盘
973,10:55:57,4.38,--,70,30660,卖盘
974,10:55:51,4.38,-0.01,11,4818,卖盘
975,10:55:41,4.39,0.01,100,43900,买盘
976,10:55:30,4.38,-0.01,7,3066,卖盘
977,10:55:26,4.39,0.01,54,23706,买盘
978,10:55:21,4.38,--,95,41610,卖盘
979,10:55:15,4.38,--,12,5256,卖盘
980,10:55:11,4.38,-0.01,16,7008,卖盘
981,10:54:51,4.39,--,61,26778,买盘
982,10:54:45,4.39,--,33,14486,买盘
983,10:54:41,4.39,--,97,42583,买盘
984,10:54:36,4.39,--,40,17560,买盘
985,10:54:30,4.39,0.01,20,8780,买盘
986,10:54:21,4.38,-0.01,39,17082,卖盘
987,10:54:11,4.39,0.01,5,2195,买盘
988,10:54:06,4.38,-0.01,6,2628,卖盘
989,10:53:51,4.39,0.01,15,6584,买盘
990,10:53:45,4.38,-0.01,42,18396,卖盘
991,10:53:26,4.39,--,23,10097,买盘
992,10:53:11,4.39,--,68,29851,卖盘
993,10:53:06,4.39,--,52,22828,卖盘
994,10:52:45,4.39,0.01,24,10536,买盘
995,10:52:41,4.38,-0.01,100,43800,卖盘
996,10:52:36,4.39,0.01,418,183502,买盘
997,10:52:26,4.38,-0.01,17,7446,卖盘
998,10:52:06,4.39,0.01,100,43900,买盘
999,10:51:56,4.38,-0.01,142,62196,卖盘
1000,10:51:51,4.39,0.01,5,2195,买盘
1001,10:51:45,4.38,--,7,3066,卖盘
1002,10:51:30,4.38,--,41,17958,卖盘
1003,10:51:21,4.38,--,105,45990,卖盘
1004,10:51:00,4.38,--,6,2628,卖盘
1005,10:50:56,4.38,-0.01,42,18396,卖盘
1006,10:50:36,4.39,0.01,229,100530,买盘
1007,10:50:21,4.38,-0.01,59,25842,卖盘
1008,10:50:15,4.39,--,10,4390,买盘
1009,10:50:11,4.39,--,852,374313,卖盘
1010,10:50:06,4.39,--,52,22828,卖盘
1011,10:49:45,4.39,--,1296,569097,买盘
1012,10:49:41,4.39,--,204,89556,买盘
1013,10:49:36,4.39,--,25,10975,买盘
1014,10:49:30,4.39,--,235,103164,买盘
1015,10:49:21,4.39,--,50,21950,买盘
1016,10:49:09,4.39,--,236,103603,买盘
1017,10:49:06,4.39,--,13,5707,买盘
1018,10:49:00,4.39,0.01,157,68923,买盘
1019,10:48:55,4.38,-0.01,104,45552,卖盘
1020,10:48:51,4.39,--,233,102286,买盘
1021,10:48:45,4.39,--,36,15803,买盘
1022,10:48:41,4.39,0.01,20,8780,买盘
1023,10:48:35,4.38,-0.01,65,28470,卖盘
1024,10:48:30,4.39,--,34,14925,买盘
1025,10:48:24,4.39,0.01,165,72435,买盘
1026,10:48:20,4.38,-0.01,51,22338,卖盘
1027,10:48:15,4.39,--,20,8780,买盘
1028,10:48:05,4.39,--,102,44778,买盘
1029,10:48:00,4.39,--,30,13169,买盘
1030,10:47:54,4.39,--,13,5707,买盘
1031,10:47:50,4.39,--,35,15364,买盘
1032,10:47:45,4.39,--,18,7901,买盘
1033,10:47:39,4.39,--,540,237059,买盘
1034,10:47:30,4.39,0.01,60,26339,买盘
1035,10:47:24,4.38,--,10,4380,卖盘
1036,10:47:20,4.38,--,72,31536,卖盘
1037,10:47:15,4.38,--,1,438,卖盘
1038,10:47:00,4.38,-0.01,107,46866,卖盘
1039,10:46:54,4.39,--,1,438,买盘
1040,10:46:50,4.39,--,250,109749,买盘
1041,10:46:45,4.39,0.01,122,53557,买盘
1042,10:46:39,4.38,-0.01,15,6570,卖盘
1043,10:46:35,4.39,0.01,34,14925,买盘
1044,10:46:20,4.38,-0.01,12,5256,卖盘
1045,10:46:15,4.39,0.01,908,398612,买盘
1046,10:46:05,4.38,--,57,24966,卖盘
1047,10:46:00,4.38,-0.01,607,265866,卖盘
1048,10:45:50,4.39,--,20,8780,买盘
1049,10:45:45,4.39,--,10,4390,买盘
1050,10:45:35,4.39,-0.01,779,341981,卖盘
1051,10:45:30,4.4,--,1,440,买盘
1052,10:45:24,4.4,0.01,23,10120,买盘
1053,10:45:20,4.39,-0.01,3,1317,卖盘
1054,10:45:05,4.4,--,1089,479160,卖盘
1055,10:44:54,4.4,--,50,22000,卖盘
1056,10:44:50,4.4,--,25,11000,卖盘
1057,10:44:45,4.4,--,93,40920,卖盘
1058,10:44:35,4.4,--,6,2640,卖盘
1059,10:44:30,4.4,--,12,5280,卖盘
1060,10:44:09,4.4,--,15,6600,卖盘
1061,10:44:05,4.4,--,10,4400,卖盘
1062,10:44:00,4.4,-0.01,19,8360,卖盘
1063,10:43:45,4.41,0.01,56,24696,买盘
1064,10:43:39,4.4,-0.01,102,44880,卖盘
1065,10:43:35,4.41,0.01,148,65268,买盘
1066,10:43:24,4.4,--,249,109560,卖盘
1067,10:43:15,4.4,--,15,6600,卖盘
1068,10:43:09,4.4,--,10,4400,卖盘
1069,10:43:00,4.4,-0.01,107,47080,卖盘
1070,10:42:54,4.41,--,110,48510,买盘
1071,10:42:45,4.41,0.01,20,8820,买盘
1072,10:42:39,4.4,--,27,11880,卖盘
1073,10:42:30,4.4,-0.01,112,49280,卖盘
1074,10:42:24,4.41,0.01,5,2205,买盘
1075,10:42:20,4.4,--,10,4400,卖盘
1076,10:42:15,4.4,--,161,70840,卖盘
1077,10:42:00,4.4,-0.01,62,27280,卖盘
1078,10:41:54,4.41,0.01,88,38808,买盘
1079,10:41:50,4.4,--,10,4400,卖盘
1080,10:41:35,4.4,-0.01,10,4400,卖盘
1081,10:41:30,4.41,--,27,11907,买盘
1082,10:41:24,4.41,0.01,20,8820,买盘
1083,10:41:15,4.4,-0.01,10,4400,卖盘
1084,10:41:00,4.41,0.01,41,18081,买盘
1085,10:40:54,4.4,-0.01,80,35200,卖盘
1086,10:40:48,4.41,--,1,441,卖盘
1087,10:40:44,4.41,--,100,44100,卖盘
1088,10:40:39,4.41,--,78,34398,卖盘
1089,10:40:30,4.41,--,69,30429,卖盘
1090,10:40:24,4.41,--,200,88200,卖盘
1091,10:40:18,4.41,--,7,3087,卖盘
1092,10:40:14,4.41,--,31,13671,卖盘
1093,10:40:09,4.41,--,348,153468,卖盘
1094,10:40:03,4.41,--,42,18522,卖盘
1095,10:39:59,4.41,--,16,7056,卖盘
1096,10:39:44,4.41,--,45,19845,卖盘
1097,10:39:39,4.41,-0.01,10,4410,卖盘
1098,10:39:29,4.42,0.01,53,23426,买盘
1099,10:39:14,4.41,--,7,3087,卖盘
1100,10:39:03,4.41,--,100,44100,卖盘
1101,10:38:59,4.41,--,210,92610,卖盘
1102,10:38:54,4.41,--,104,45864,卖盘
1103,10:38:48,4.41,-0.01,4,1764,卖盘
1104,10:38:44,4.42,0.01,8,3536,买盘
1105,10:38:39,4.41,-0.01,50,22050,卖盘
1106,10:38:29,4.42,--,27,11934,买盘
1107,10:37:59,4.42,--,150,66300,买盘
1108,10:37:39,4.42,0.01,15,6630,买盘
1109,10:37:33,4.41,--,9,3969,卖盘
1110,10:37:29,4.41,-0.01,162,71442,卖盘
1111,10:37:03,4.42,0.01,8,3536,买盘
1112,10:36:59,4.41,--,16,7056,卖盘
1113,10:36:48,4.41,-0.01,1,441,卖盘
1114,10:36:14,4.42,--,6,2652,买盘
1115,10:36:02,4.42,0.01,94,41548,买盘
1116,10:35:33,4.41,--,57,25137,卖盘
1117,10:35:24,4.41,-0.01,39,17199,卖盘
1118,10:35:08,4.42,0.01,126,55692,买盘
1119,10:35:03,4.41,--,36,15876,卖盘
1120,10:34:53,4.41,--,9,3969,卖盘
1121,10:34:48,4.41,-0.01,20,8820,卖盘
1122,10:34:28,4.42,0.01,50,22100,买盘
1123,10:34:24,4.41,--,15,6615,卖盘
1124,10:34:18,4.41,--,30,13230,卖盘
1125,10:34:09,4.41,-0.01,12,5292,卖盘
1126,10:33:54,4.42,0.01,171,75582,买盘
1127,10:33:48,4.41,--,45,19845,卖盘
1128,10:33:43,4.41,--,1,441,卖盘
1129,10:33:39,4.41,--,68,29988,卖盘
1130,10:33:32,4.41,--,15,6615,卖盘
1131,10:33:18,4.41,--,10,4410,卖盘
1132,10:33:08,4.41,-0.01,4,1764,卖盘
1133,10:33:02,4.42,0.01,102,45084,买盘
1134,10:32:53,4.41,-0.01,210,92610,卖盘
1135,10:32:48,4.42,0.01,496,219232,买盘
1136,10:32:38,4.41,--,33,14553,卖盘
1137,10:32:33,4.41,-0.01,79,34839,卖盘
1138,10:32:27,4.42,0.01,21,9282,买盘
1139,10:32:23,4.41,--,97,42777,卖盘
1140,10:32:17,4.41,--,46,20286,卖盘
1141,10:32:12,4.41,--,54,23814,卖盘
1142,10:32:08,4.41,--,106,46746,卖盘
1143,10:32:03,4.41,--,222,97902,卖盘
1144,10:31:53,4.41,--,92,40572,卖盘
1145,10:31:41,4.41,--,32,14112,卖盘
1146,10:31:38,4.41,--,4,1764,卖盘
1147,10:31:32,4.41,--,22,9702,卖盘
1148,10:31:23,4.41,--,37,16317,卖盘
1149,10:31:17,4.41,--,990,436590,卖盘
1150,10:31:08,4.41,--,150,66150,卖盘
1151,10:31:02,4.41,--,7,3087,卖盘
1152,10:30:56,4.41,--,30,13230,卖盘
1153,10:30:53,4.41,--,9,3969,卖盘
1154,10:30:47,4.41,--,30,13230,卖盘
1155,10:30:41,4.41,--,203,89523,卖盘
1156,10:30:38,4.41,--,125,55182,卖盘
1157,10:30:32,4.41,0.01,1267,558747,买盘
1158,10:30:26,4.4,--,7,3080,卖盘
1159,10:30:23,4.4,--,39,17160,卖盘
1160,10:30:17,4.4,--,59,25960,卖盘
1161,10:30:11,4.4,--,25,11000,卖盘
1162,10:30:08,4.4,--,39,17160,卖盘
1163,10:30:02,4.4,-0.01,39,17160,卖盘
1164,10:29:56,4.41,--,4,1764,卖盘
1165,10:29:53,4.41,--,100,44100,卖盘
1166,10:29:47,4.41,--,700,308700,卖盘
1167,10:29:41,4.41,--,40,17640,卖盘
1168,10:29:38,4.41,--,74,32634,卖盘
1169,10:29:32,4.41,--,46,20286,卖盘
1170,10:29:26,4.41,--,20,8820,卖盘
1171,10:29:23,4.41,--,5,2205,卖盘
1172,10:29:17,4.41,--,67,29547,卖盘
1173,10:29:08,4.41,--,119,52479,卖盘
1174,10:28:56,4.41,-0.01,7,3087,卖盘
1175,10:28:38,4.42,0.01,24,10608,买盘
1176,10:28:26,4.41,--,23,10143,卖盘
1177,10:28:22,4.41,--,33,14553,卖盘
1178,10:28:17,4.41,--,11,4851,卖盘
1179,10:28:11,4.41,-0.01,16,7056,卖盘
1180,10:27:56,4.42,0.01,30,13260,买盘
1181,10:27:47,4.41,--,2,882,卖盘
1182,10:27:26,4.41,-0.01,10,4410,卖盘
1183,10:27:11,4.42,--,39,17238,买盘
1184,10:26:47,4.42,--,10,4420,买盘
1185,10:26:32,4.42,--,1,442,买盘
1186,10:26:26,4.42,0.01,30,13260,买盘
1187,10:26:11,4.41,--,6,2646,卖盘
1188,10:26:02,4.41,-0.01,36,15876,卖盘
1189,10:25:56,4.42,--,5,2210,买盘
1190,10:25:47,4.42,0.01,94,41548,买盘
1191,10:25:32,4.41,-0.01,2,882,卖盘
1192,10:25:26,4.42,0.01,26,11492,买盘
1193,10:25:20,4.41,-0.01,53,23373,卖盘
1194,10:25:11,4.42,--,212,93704,买盘
1195,10:25:02,4.42,0.01,100,44200,买盘
1196,10:24:50,4.41,-0.01,72,31752,卖盘
1197,10:24:41,4.42,0.01,3,1326,买盘
1198,10:24:26,4.41,--,3,1323,卖盘
1199,10:24:20,4.41,-0.01,1,441,卖盘
1200,10:24:17,4.42,0.01,10,4420,买盘
1201,10:24:02,4.41,-0.01,16,7056,卖盘
1202,10:23:56,4.42,--,4,1768,买盘
1203,10:23:50,4.42,0.01,32,14144,买盘
1204,10:23:20,4.41,-0.01,99,43659,卖盘
1205,10:23:17,4.42,--,70,30940,买盘
1206,10:23:11,4.42,--,53,23426,买盘
1207,10:23:05,4.42,--,50,22100,买盘
1208,10:23:02,4.42,0.01,135,59670,买盘
1209,10:22:50,4.41,-0.01,17,7497,卖盘
1210,10:22:47,4.42,--,21,9282,买盘
1211,10:22:35,4.42,--,300,132600,买盘
1212,10:22:32,4.42,--,10,4420,买盘
1213,10:22:26,4.42,0.01,6,2652,买盘
1214,10:22:20,4.41,-0.01,1,441,卖盘
1215,10:22:17,4.42,--,9,3978,买盘
1216,10:22:11,4.42,0.01,10,4420,买盘
1217,10:22:05,4.41,--,40,17640,卖盘
1218,10:21:50,4.41,-0.01,7,3087,卖盘
1219,10:21:41,4.42,0.01,1000,442000,买盘
1220,10:21:35,4.41,-0.01,20,8820,卖盘
1221,10:21:31,4.42,--,4,1768,买盘
1222,10:21:26,4.42,0.01,8,3536,买盘
1223,10:21:20,4.41,-0.01,51,22491,卖盘
1224,10:21:11,4.42,0.01,7,3094,买盘
1225,10:21:05,4.41,--,560,246960,卖盘
1226,10:21:01,4.41,-0.01,45,19845,卖盘
1227,10:20:56,4.42,0.01,1,442,买盘
1228,10:20:50,4.41,--,94,41454,卖盘
1229,10:20:26,4.41,--,265,116865,卖盘
1230,10:20:20,4.41,-0.01,70,30870,卖盘
1231,10:20:16,4.42,0.01,3,1326,买盘
1232,10:19:56,4.41,--,2,882,卖盘
1233,10:19:50,4.41,-0.01,100,44100,卖盘
1234,10:19:46,4.42,0.01,14,6188,买盘
1235,10:19:35,4.41,--,14,6174,卖盘
1236,10:19:26,4.41,--,25,11025,卖盘
1237,10:19:20,4.41,--,145,63945,卖盘
1238,10:19:11,4.41,--,19,8379,卖盘
1239,10:18:50,4.41,-0.01,10,4410,卖盘
1240,10:18:46,4.42,--,1,442,买盘
1241,10:18:35,4.42,0.01,5,2210,买盘
1242,10:18:20,4.41,--,2,882,卖盘
1243,10:18:14,4.41,--,100,44100,卖盘
1244,10:18:05,4.41,--,231,101871,卖盘
1245,10:17:59,4.41,--,294,129654,卖盘
1246,10:17:56,4.41,--,7,3087,卖盘
1247,10:17:50,4.41,--,9,3969,卖盘
1248,10:17:44,4.41,--,7,3087,卖盘
1249,10:17:41,4.41,--,27,11907,卖盘
1250,10:17:26,4.41,--,2,882,卖盘
1251,10:17:20,4.41,--,52,22932,卖盘
1252,10:17:11,4.41,--,7,3087,卖盘
1253,10:17:05,4.41,--,7,3087,卖盘
1254,10:16:56,4.41,--,13,5733,卖盘
1255,10:16:41,4.41,-0.01,45,19845,卖盘
1256,10:16:35,4.42,--,5,2210,买盘
1257,10:16:29,4.42,--,350,154700,买盘
1258,10:16:05,4.42,0.01,27,11934,买盘
1259,10:15:59,4.41,--,3,1323,卖盘
1260,10:15:56,4.41,-0.01,250,110250,卖盘
1261,10:15:50,4.42,--,20,8840,买盘
1262,10:15:40,4.42,--,120,53040,买盘
1263,10:15:26,4.42,--,28,12376,买盘
1264,10:15:20,4.42,--,10,4420,买盘
1265,10:15:10,4.42,0.01,35,15470,买盘
1266,10:14:35,4.41,--,4,1764,卖盘
1267,10:14:10,4.41,-0.01,13,5733,卖盘
1268,10:13:50,4.42,--,5,2210,买盘
1269,10:13:44,4.42,--,148,65416,卖盘
1270,10:13:20,4.42,--,2,884,卖盘
1271,10:13:14,4.42,--,7,3094,卖盘
1272,10:13:05,4.42,--,21,9282,卖盘
1273,10:12:50,4.42,--,7,3094,卖盘
1274,10:12:44,4.42,--,111,49062,卖盘
1275,10:12:40,4.42,--,2,884,卖盘
1276,10:12:29,4.42,--,3,1326,卖盘
1277,10:12:20,4.42,--,12,5304,卖盘
1278,10:12:10,4.42,--,1,442,卖盘
1279,10:11:55,4.42,--,28,12376,卖盘
1280,10:11:50,4.42,--,2,884,卖盘
1281,10:11:44,4.42,--,32,14144,卖盘
1282,10:11:40,4.42,-0.01,152,67184,卖盘
1283,10:11:25,4.43,--,1,443,买盘
1284,10:11:08,4.43,0.01,5,2215,买盘
1285,10:10:50,4.42,-0.01,44,19448,卖盘
1286,10:10:35,4.43,0.01,22,9746,买盘
1287,10:10:08,4.42,--,60,26520,卖盘
1288,10:09:59,4.42,--,1,442,卖盘
1289,10:09:53,4.42,--,20,8840,卖盘
1290,10:09:44,4.42,--,68,30056,卖盘
1291,10:09:29,4.42,--,70,30940,卖盘
1292,10:09:14,4.42,-0.01,5,2210,卖盘
1293,10:09:05,4.43,0.01,171,75753,买盘
1294,10:08:59,4.42,-0.01,26,11492,卖盘
1295,10:08:50,4.43,0.01,30,13290,买盘
1296,10:08:44,4.42,--,68,30056,卖盘
1297,10:08:34,4.42,-0.01,5,2210,卖盘
1298,10:08:23,4.43,0.01,10,4430,买盘
1299,10:08:14,4.42,-0.01,610,269620,卖盘
1300,10:08:08,4.43,0.01,6,2658,买盘
1301,10:07:59,4.42,-0.01,11,4862,卖盘
1302,10:07:53,4.43,0.01,1,443,买盘
1303,10:07:44,4.42,-0.01,20,8840,卖盘
1304,10:07:34,4.43,0.01,9,3986,买盘
1305,10:07:19,4.42,--,40,17680,卖盘
1306,10:06:59,4.42,--,10,4420,卖盘
1307,10:06:49,4.42,--,50,22100,卖盘
1308,10:06:23,4.42,--,483,213486,买盘
1309,10:06:14,4.42,--,1,442,买盘
1310,10:05:59,4.42,--,231,102102,卖盘
1311,10:05:53,4.42,-0.01,81,35802,卖盘
1312,10:05:44,4.43,0.01,10,4430,买盘
1313,10:05:38,4.42,--,45,19890,卖盘
1314,10:05:29,4.42,--,73,32266,卖盘
1315,10:05:23,4.42,-0.01,77,34034,卖盘
1316,10:05:14,4.43,0.01,118,52274,买盘
1317,10:05:08,4.42,-0.01,68,30056,卖盘
1318,10:04:53,4.43,0.01,70,31009,买盘
1319,10:04:49,4.42,--,2,884,卖盘
1320,10:04:38,4.42,-0.01,10,4420,卖盘
1321,10:04:34,4.43,--,10,4430,买盘
1322,10:04:29,4.43,--,4,1772,买盘
1323,10:04:19,4.43,--,1,443,买盘
1324,10:04:14,4.43,--,33,14618,买盘
1325,10:03:59,4.43,0.01,60,26580,买盘
1326,10:03:47,4.42,--,75,33150,买盘
1327,10:03:44,4.42,0.01,106,46852,买盘
1328,10:03:38,4.41,-0.01,15,6615,卖盘
1329,10:03:32,4.42,--,2,884,买盘
1330,10:03:28,4.42,--,53,23426,买盘
1331,10:03:23,4.42,0.01,81,35802,买盘
1332,10:03:17,4.41,-0.01,72,31752,卖盘
1333,10:03:13,4.42,--,20,8840,买盘
1334,10:03:08,4.42,--,12,5304,买盘
1335,10:03:02,4.42,--,35,15470,买盘
1336,10:02:58,4.42,--,5,2210,买盘
1337,10:02:53,4.42,--,80,35360,买盘
1338,10:02:47,4.42,0.01,1,442,买盘
1339,10:02:43,4.41,-0.01,151,66591,卖盘
1340,10:02:32,4.42,--,24,10608,买盘
1341,10:02:28,4.42,0.01,23,10166,买盘
1342,10:02:23,4.41,--,60,26460,卖盘
1343,10:02:17,4.41,--,10,4410,卖盘
1344,10:02:08,4.41,--,11,5080,买盘
1345,10:02:02,4.41,--,71,31311,买盘
1346,10:01:58,4.41,0.01,102,44982,买盘
1347,10:01:53,4.4,-0.01,50,22000,卖盘
1348,10:01:47,4.41,--,10,4410,买盘
1349,10:01:38,4.41,--,930,410130,卖盘
1350,10:01:28,4.41,--,7,3087,卖盘
1351,10:01:23,4.41,-0.01,104,45864,卖盘
1352,10:01:13,4.42,0.01,1,442,买盘
1353,10:01:02,4.41,--,149,65709,卖盘
1354,10:00:58,4.41,--,24,10584,卖盘
1355,10:00:43,4.41,--,151,66591,卖盘
1356,10:00:38,4.41,--,40,17640,卖盘
1357,10:00:28,4.41,-0.01,127,56007,卖盘
1358,10:00:23,4.42,0.01,65,28730,买盘
1359,10:00:17,4.41,--,224,98784,卖盘
1360,10:00:13,4.41,--,6,2646,卖盘
1361,10:00:08,4.41,--,25,11025,卖盘
1362,10:00:02,4.41,--,28,12348,卖盘
1363,09:59:58,4.41,-0.01,153,67473,卖盘
1364,09:59:53,4.42,0.01,72,31824,买盘
1365,09:59:38,4.41,--,2,882,卖盘
1366,09:59:32,4.41,-0.01,1,441,卖盘
1367,09:59:23,4.42,--,1547,683774,卖盘
1368,09:59:17,4.42,--,1,442,卖盘
1369,09:58:58,4.42,-0.01,2,884,卖盘
1370,09:58:47,4.43,--,10,4430,买盘
1371,09:58:43,4.43,0.01,447,198021,买盘
1372,09:58:38,4.42,--,1,442,卖盘
1373,09:58:32,4.42,-0.01,2,884,卖盘
1374,09:58:23,4.43,0.01,231,102333,买盘
1375,09:58:17,4.42,--,7,3094,卖盘
1376,09:58:08,4.42,--,76,33592,卖盘
1377,09:58:02,4.42,--,2,884,卖盘
1378,09:57:43,4.42,-0.01,10,4420,卖盘
1379,09:57:38,4.43,--,100,44300,买盘
1380,09:57:32,4.43,--,20,8860,买盘
1381,09:57:17,4.43,--,6,2658,买盘
1382,09:57:08,4.43,--,79,34997,买盘
1383,09:57:02,4.43,0.01,110,48730,买盘
1384,09:56:56,4.42,-0.01,2,884,卖盘
1385,09:56:53,4.43,-0.01,348,154164,卖盘
1386,09:56:41,4.44,--,40,17760,买盘
1387,09:56:37,4.44,0.01,406,180264,买盘
1388,09:56:26,4.43,--,200,88600,卖盘
1389,09:56:22,4.43,--,1281,567483,买盘
1390,09:56:17,4.43,--,15,6645,买盘
1391,09:56:11,4.43,0.01,13,5759,买盘
1392,09:56:07,4.42,-0.01,20,8840,卖盘
1393,09:56:02,4.43,0.01,15,6645,买盘
1394,09:55:56,4.42,-0.01,2,884,卖盘
1395,09:55:52,4.43,--,1,443,买盘
1396,09:55:47,4.43,0.01,19,8417,买盘
1397,09:55:41,4.42,--,26,11492,卖盘
1398,09:55:37,4.42,-0.01,6,2652,卖盘
1399,09:55:32,4.43,0.01,509,225487,买盘
1400,09:55:26,4.42,--,502,221884,卖盘
1401,09:55:22,4.42,--,122,53924,卖盘
1402,09:55:11,4.42,-0.02,55,24310,卖盘
1403,09:55:07,4.44,0.01,688,305472,买盘
1404,09:55:02,4.43,--,191,84613,买盘
1405,09:54:52,4.43,--,53,23479,买盘
1406,09:54:47,4.43,0.01,122,54046,买盘
1407,09:54:32,4.42,-0.01,24,10608,卖盘
1408,09:54:26,4.43,0.01,20,8860,买盘
1409,09:54:17,4.42,--,58,25636,卖盘
1410,09:54:07,4.42,--,0,0,卖盘
1411,09:54:02,4.42,--,1,442,卖盘
1412,09:53:56,4.42,--,1,442,卖盘
1413,09:53:47,4.42,--,65,28730,买盘
1414,09:53:37,4.42,--,30,13260,买盘
1415,09:53:32,4.42,-0.01,736,325312,卖盘
1416,09:53:26,4.43,--,2,886,卖盘
1417,09:53:17,4.43,--,1,443,卖盘
1418,09:53:11,4.43,0.01,1159,513436,买盘
1419,09:53:07,4.42,--,203,89726,卖盘
1420,09:53:02,4.42,-0.01,23,10166,卖盘
1421,09:52:56,4.43,0.01,3,1329,买盘
1422,09:52:52,4.42,--,66,29172,卖盘
1423,09:52:47,4.42,--,200,88400,卖盘
1424,09:52:37,4.42,--,43,19006,卖盘
1425,09:52:32,4.42,-0.01,40,17680,卖盘
1426,09:52:26,4.43,0.01,5,2215,买盘
1427,09:52:22,4.42,--,70,30940,卖盘
1428,09:52:17,4.42,--,20,8840,卖盘
1429,09:52:11,4.42,--,228,100776,卖盘
1430,09:52:07,4.42,--,3,1326,卖盘
1431,09:52:02,4.42,--,99,43758,卖盘
1432,09:51:47,4.42,-0.01,20,8840,卖盘
1433,09:51:41,4.43,--,266,117837,卖盘
1434,09:51:37,4.43,-0.01,1,443,卖盘
1435,09:51:32,4.44,0.01,181,80364,买盘
1436,09:51:26,4.43,--,302,133786,卖盘
1437,09:51:22,4.43,-0.01,205,90815,卖盘
1438,09:51:11,4.44,0.01,99,43956,买盘
1439,09:51:07,4.43,--,56,24808,卖盘
1440,09:51:02,4.43,-0.01,282,124925,卖盘
1441,09:50:56,4.44,0.01,14,6216,买盘
1442,09:50:52,4.43,--,2,886,卖盘
1443,09:50:47,4.43,--,74,32782,卖盘
1444,09:50:41,4.43,-0.01,69,30566,卖盘
1445,09:50:32,4.44,--,30,13320,卖盘
1446,09:50:26,4.44,0.01,54,23976,买盘
1447,09:50:22,4.43,--,12,5316,卖盘
1448,09:50:17,4.43,-0.01,4,1772,卖盘
1449,09:50:11,4.44,-0.01,3,1332,卖盘
1450,09:50:02,4.45,0.01,50,22250,买盘
1451,09:49:56,4.44,--,440,195360,卖盘
1452,09:49:41,4.44,-0.01,43,19092,卖盘
1453,09:49:31,4.45,0.01,7,3115,买盘
1454,09:49:26,4.44,-0.01,34,15096,卖盘
1455,09:49:20,4.45,0.01,50,22250,买盘
1456,09:49:16,4.44,--,50,22200,卖盘
1457,09:49:11,4.44,-0.01,48,21312,卖盘
1458,09:49:05,4.45,--,15,6675,买盘
1459,09:49:01,4.45,0.01,65,28925,买盘
1460,09:48:41,4.44,-0.01,296,131424,卖盘
1461,09:48:35,4.45,--,10,4450,买盘
1462,09:48:31,4.45,--,14,6230,买盘
1463,09:48:26,4.45,--,400,178000,买盘
1464,09:48:20,4.45,0.01,1,445,买盘
1465,09:48:16,4.44,--,230,102120,卖盘
1466,09:48:11,4.44,--,10,4440,卖盘
1467,09:48:05,4.44,-0.01,109,48396,卖盘
1468,09:48:01,4.45,0.01,15,6675,买盘
1469,09:47:56,4.44,--,5,2220,卖盘
1470,09:47:46,4.44,-0.01,10,4440,卖盘
1471,09:47:35,4.45,--,12,5340,买盘
1472,09:47:31,4.45,--,5,2225,买盘
1473,09:47:26,4.45,0.01,30,13350,买盘
1474,09:47:20,4.44,--,26,11544,卖盘
1475,09:47:11,4.44,--,345,153180,卖盘
1476,09:47:05,4.44,-0.01,9,3996,卖盘
1477,09:47:01,4.45,--,2,890,买盘
1478,09:46:56,4.45,0.01,3,1335,买盘
1479,09:46:41,4.44,-0.01,253,112332,卖盘
1480,09:46:35,4.45,0.01,50,22250,买盘
1481,09:46:31,4.44,--,245,108780,卖盘
1482,09:46:26,4.44,-0.01,140,62160,卖盘
1483,09:46:20,4.45,--,15,6675,买盘
1484,09:46:11,4.45,0.01,143,63635,买盘
1485,09:46:01,4.44,-0.01,492,218448,卖盘
1486,09:45:46,4.45,--,8,3560,买盘
1487,09:45:41,4.45,--,5,2225,买盘
1488,09:45:26,4.45,0.01,1,445,买盘
1489,09:45:20,4.44,--,300,133200,卖盘
1490,09:45:11,4.44,--,400,177600,卖盘
1491,09:45:05,4.44,-0.01,50,22200,卖盘
1492,09:44:56,4.45,--,57,25365,买盘
1493,09:44:50,4.45,--,41,18245,买盘
1494,09:44:41,4.45,0.01,542,241190,买盘
1495,09:44:26,4.44,-0.01,200,88800,卖盘
1496,09:44:20,4.45,--,6,2670,买盘
1497,09:44:10,4.45,--,2,890,买盘
1498,09:44:05,4.45,--,69,30705,买盘
1499,09:44:01,4.45,--,9,4005,买盘
1500,09:43:50,4.45,--,4,1780,买盘
1501,09:43:41,4.45,0.01,31,13795,买盘
1502,09:43:35,4.44,-0.01,17,7548,卖盘
1503,09:43:26,4.45,--,105,46725,买盘
1504,09:43:20,4.45,--,44,19580,买盘
1505,09:43:16,4.45,0.01,307,136615,买盘
1506,09:43:11,4.44,-0.01,460,204240,卖盘
1507,09:43:05,4.45,0.01,75,33375,买盘
1508,09:42:55,4.44,-0.01,5,2220,卖盘
1509,09:42:50,4.45,0.01,104,46280,买盘
1510,09:42:46,4.44,-0.01,3,1332,卖盘
1511,09:42:35,4.45,--,120,53400,买盘
1512,09:42:25,4.45,--,22,9790,买盘
1513,09:42:14,4.45,--,19,8455,买盘
1514,09:42:10,4.45,--,13,5785,买盘
1515,09:42:05,4.45,--,30,13350,买盘
1516,09:41:55,4.45,0.01,70,31150,买盘
1517,09:41:50,4.44,--,1,444,卖盘
1518,09:41:35,4.44,--,393,174492,买盘
1519,09:41:25,4.44,--,33,14652,买盘
1520,09:41:20,4.44,--,62,27528,买盘
1521,09:41:14,4.44,0.01,40,17760,买盘
1522,09:41:10,4.43,-0.01,24,10632,卖盘
1523,09:41:05,4.44,--,21,9324,买盘
1524,09:40:59,4.44,--,10,4440,买盘
1525,09:40:55,4.44,0.01,90,39960,买盘
1526,09:40:49,4.43,-0.01,153,67779,卖盘
1527,09:40:44,4.44,--,32,14208,买盘
1528,09:40:40,4.44,--,16,7104,买盘
1529,09:40:34,4.44,--,5,2220,买盘
1530,09:40:29,4.44,--,7,3108,买盘
1531,09:40:19,4.44,--,122,54168,买盘
1532,09:40:14,4.44,--,40,17760,买盘
1533,09:40:10,4.44,--,150,66600,买盘
1534,09:39:59,4.44,--,130,57720,买盘
1535,09:39:55,4.44,--,182,80808,卖盘
1536,09:39:49,4.44,-0.01,174,77256,卖盘
1537,09:39:44,4.45,--,6,2670,买盘
1538,09:39:40,4.45,--,89,39605,买盘
1539,09:39:29,4.45,--,57,25365,买盘
1540,09:39:25,4.45,--,13,5785,买盘
1541,09:39:19,4.45,--,211,93895,买盘
1542,09:39:10,4.45,0.01,67,29815,买盘
1543,09:39:04,4.44,-0.01,135,59940,卖盘
1544,09:38:55,4.45,--,10,4450,买盘
1545,09:38:49,4.45,--,8,3560,买盘
1546,09:38:44,4.45,--,9,4005,买盘
1547,09:38:40,4.45,0.01,45,20025,买盘
1548,09:38:34,4.44,--,234,103896,卖盘
1549,09:38:29,4.44,--,42,18648,卖盘
1550,09:38:25,4.44,--,226,100344,卖盘
1551,09:38:19,4.44,--,57,25308,卖盘
1552,09:38:10,4.44,-0.01,310,137640,卖盘
1553,09:38:04,4.45,0.01,110,48950,买盘
1554,09:37:59,4.44,-0.01,320,142080,卖盘
1555,09:37:55,4.45,--,20,8900,买盘
1556,09:37:49,4.45,--,3,1335,买盘
1557,09:37:44,4.45,--,60,26700,卖盘
1558,09:37:40,4.45,-0.01,63,28035,卖盘
1559,09:37:34,4.46,0.01,30,13380,买盘
1560,09:37:29,4.45,--,38,16910,卖盘
1561,09:37:25,4.45,-0.01,600,267000,卖盘
1562,09:37:19,4.46,--,115,51290,买盘
1563,09:37:14,4.46,-0.01,232,103472,中性盘
1564,09:37:10,4.47,0.02,839,375033,买盘
1565,09:37:04,4.45,-0.01,1208,537560,卖盘
1566,09:36:59,4.46,-0.01,345,153870,卖盘
1567,09:36:55,4.47,0.01,100,44700,买盘
1568,09:36:49,4.46,-0.01,39,17394,卖盘
1569,09:36:44,4.47,--,410,183270,买盘
1570,09:36:40,4.47,--,264,118008,卖盘
1571,09:36:34,4.47,0.01,1569,701343,买盘
1572,09:36:29,4.46,-0.01,102,45492,卖盘
1573,09:36:24,4.47,0.01,511,228417,买盘
1574,09:36:19,4.46,-0.01,156,69576,卖盘
1575,09:36:14,4.47,--,195,87165,买盘
1576,09:36:09,4.47,--,159,71073,买盘
1577,09:36:04,4.47,--,20,8940,买盘
1578,09:35:59,4.47,--,304,135888,买盘
1579,09:35:54,4.47,0.01,171,76437,买盘
1580,09:35:49,4.46,-0.01,1325,590950,卖盘
1581,09:35:44,4.47,--,2,894,买盘
1582,09:35:39,4.47,--,356,159132,买盘
1583,09:35:34,4.47,--,271,121137,买盘
1584,09:35:29,4.47,0.01,75,33525,买盘
1585,09:35:24,4.46,--,105,46830,卖盘
1586,09:35:19,4.46,--,69,30774,卖盘
1587,09:35:14,4.46,-0.01,2109,940614,卖盘
1588,09:35:08,4.47,0.01,15,6705,买盘
1589,09:35:04,4.46,--,189,84294,买盘
1590,09:34:59,4.46,--,97,43262,买盘
1591,09:34:53,4.46,--,61,27206,买盘
1592,09:34:49,4.46,-0.01,767,342082,卖盘
1593,09:34:44,4.47,-0.01,145,64815,买盘
1594,09:34:38,4.48,0.01,315,141120,买盘
1595,09:34:34,4.47,-0.01,276,123372,卖盘
1596,09:34:28,4.48,0.01,62,27776,买盘
1597,09:34:19,4.47,-0.01,251,112197,买盘
1598,09:34:13,4.48,--,355,159040,买盘
1599,09:34:08,4.48,0.02,1060,474880,买盘
1600,09:34:04,4.46,-0.01,272,121312,卖盘
1601,09:33:53,4.47,0.01,896,400512,买盘
1602,09:33:49,4.46,--,259,115514,买盘
1603,09:33:43,4.46,--,675,301050,买盘
1604,09:33:38,4.46,--,1145,510670,卖盘
1605,09:33:34,4.46,-0.01,27,12042,卖盘
1606,09:33:28,4.47,0.01,277,123819,买盘
1607,09:33:23,4.46,-0.02,21,9366,卖盘
1608,09:33:19,4.48,0.02,350,156800,买盘
1609,09:33:13,4.46,--,482,214972,卖盘
1610,09:33:08,4.46,0.01,1227,547242,买盘
1611,09:33:04,4.45,--,674,299930,卖盘
1612,09:32:58,4.45,--,31,13795,卖盘
1613,09:32:53,4.45,--,10,4450,卖盘
1614,09:32:49,4.45,--,120,53400,买盘
1615,09:32:43,4.45,-0.03,154,68530,买盘
1616,09:32:38,4.48,--,0,0,买盘
1617,09:32:34,4.48,0.03,3136,1405322,买盘
1618,09:32:28,4.45,--,247,109915,卖盘
1619,09:32:23,4.45,--,40,17800,卖盘
1620,09:32:19,4.45,0.01,1146,509970,买盘
1621,09:32:13,4.44,--,1795,796980,卖盘
1622,09:32:08,4.44,--,610,270840,卖盘
1623,09:32:04,4.44,--,143,63492,卖盘
1624,09:31:58,4.44,--,51,22644,卖盘
1625,09:31:53,4.44,-0.01,100,44400,卖盘
1626,09:31:49,4.45,0.01,694,308830,买盘
1627,09:31:43,4.44,-0.01,1763,783011,卖盘
1628,09:31:38,4.45,0.01,220,97900,买盘
1629,09:31:34,4.44,--,114,50616,卖盘
1630,09:31:28,4.44,--,151,67044,卖盘
1631,09:31:23,4.44,--,3,1332,卖盘
1632,09:31:19,4.44,--,249,110556,卖盘
1633,09:31:13,4.44,-0.01,909,403596,买盘
1634,09:31:08,4.45,0.01,3000,1335000,买盘
1635,09:30:58,4.44,0.03,1013,449772,买盘
1636,09:30:53,4.41,-0.03,15,6615,卖盘
1637,09:30:49,4.44,--,1000,444000,买盘
1638,09:30:43,4.44,0.03,6,2664,买盘
1639,09:30:38,4.41,-0.03,6,2646,卖盘
1640,09:30:34,4.44,-0.01,386,171588,卖盘
1641,09:30:23,4.45,0.01,114,50730,买盘
1642,09:30:18,4.44,--,34,15096,卖盘
1643,09:30:13,4.44,0.03,2275,1010339,买盘
1644,09:30:08,4.41,0.01,846,373086,买盘
1645,09:28:53,4.4,--,0,0,买盘
1646,09:25:07,4.4,4.4,1133,498520,买盘
