,time,price,change,volume,amount,type
0,15:00:00,9.74,--,0,0,卖盘
1,15:00:00,9.74,--,0,0,卖盘
2,14:59:59,9.74,--,52,50648,卖盘
3,14:59:58,9.74,-0.01,106,103244,卖盘
4,14:59:53,9.75,--,84,81900,买盘
5,14:59:47,9.75,--,25,24375,买盘
6,14:59:43,9.75,0.01,227,221325,买盘
7,14:59:38,9.74,--,586,570764,卖盘
8,14:59:32,9.74,-0.01,152,148048,卖盘
9,14:59:28,9.75,0.01,204,198900,买盘
10,14:59:23,9.74,--,178,173372,买盘
11,14:59:17,9.74,--,118,114932,买盘
12,14:59:13,9.74,--,251,245126,买盘
13,14:59:08,9.74,--,207,201618,买盘
14,14:59:02,9.74,--,70,68180,买盘
15,14:58:58,9.74,--,123,119802,买盘
16,14:58:53,9.74,--,95,92530,买盘
17,14:58:47,9.74,--,1,974,买盘
18,14:58:43,9.74,--,127,123698,卖盘
19,14:58:38,9.74,--,132,128568,卖盘
20,14:58:32,9.74,0.01,5,4870,卖盘
21,14:58:28,9.73,--,37,36001,卖盘
22,14:58:23,9.73,-0.01,341,331793,卖盘
23,14:58:17,9.74,--,45,43830,买盘
24,14:58:13,9.74,--,169,164606,买盘
25,14:58:08,9.74,--,160,155840,卖盘
26,14:58:02,9.74,--,270,262980,卖盘
27,14:57:58,9.74,-0.01,219,213306,卖盘
28,14:57:53,9.75,0.01,60,58500,买盘
29,14:57:47,9.74,--,39,37986,卖盘
30,14:57:43,9.74,0.01,10,9740,卖盘
31,14:57:38,9.73,-0.01,182,177086,卖盘
32,14:57:32,9.74,--,144,140256,买盘
33,14:57:28,9.74,0.01,125,121750,买盘
34,14:57:23,9.73,-0.01,46,44758,卖盘
35,14:57:17,9.74,--,40,38960,买盘
36,14:57:13,9.74,0.01,90,87660,买盘
37,14:57:08,9.73,0.01,41,39893,买盘
38,14:57:02,9.72,--,20,19440,卖盘
39,14:56:58,9.72,--,96,93312,卖盘
40,14:56:53,9.72,0.01,111,107892,买盘
41,14:56:47,9.71,--,242,234982,卖盘
42,14:56:41,9.71,0.01,1,971,卖盘
43,14:56:38,9.7,-0.02,286,277420,卖盘
44,14:56:32,9.72,0.02,87,84564,买盘
45,14:56:26,9.7,-0.01,172,166840,卖盘
46,14:56:22,9.71,--,264,256344,买盘
47,14:56:17,9.71,--,127,123317,买盘
48,14:56:11,9.71,--,578,561238,买盘
49,14:56:07,9.71,-0.02,901,874871,卖盘
50,14:56:02,9.73,0.01,121,117733,买盘
51,14:55:56,9.72,-0.01,97,94284,卖盘
52,14:55:52,9.73,-0.01,41,39893,中性盘
53,14:55:47,9.74,--,31,30194,中性盘
54,14:55:41,9.74,--,19,18506,买盘
55,14:55:37,9.74,0.02,141,137334,买盘
56,14:55:32,9.72,-0.03,62,60264,卖盘
57,14:55:26,9.75,--,7,6825,卖盘
58,14:55:22,9.75,--,134,130650,卖盘
59,14:55:17,9.75,0.03,345,336375,买盘
60,14:55:11,9.72,--,46,44712,卖盘
61,14:55:07,9.72,-0.03,17,16524,卖盘
62,14:55:02,9.75,--,10,9750,买盘
63,14:54:52,9.75,-0.02,20,19500,买盘
64,14:54:47,9.77,0.01,20,19540,买盘
65,14:54:41,9.76,0.05,20,19520,中性盘
66,14:54:37,9.71,-0.01,331,321401,卖盘
67,14:54:32,9.72,-0.04,3088,3001536,卖盘
68,14:54:26,9.76,--,276,269376,卖盘
69,14:54:22,9.76,--,128,124928,卖盘
70,14:54:17,9.76,--,36,35136,卖盘
71,14:54:11,9.76,--,16,15616,卖盘
72,14:54:07,9.76,--,67,65392,卖盘
73,14:54:02,9.76,--,51,49776,卖盘
74,14:53:56,9.76,-0.01,32,31232,卖盘
75,14:53:52,9.77,--,1,977,买盘
76,14:53:47,9.77,--,17,16609,买盘
77,14:53:41,9.77,-0.01,40,39080,卖盘
78,14:53:37,9.78,--,210,205380,买盘
79,14:53:31,9.78,--,31,30317,买盘
80,14:53:26,9.78,0.01,10,9780,买盘
81,14:53:22,9.77,--,73,71321,卖盘
82,14:53:16,9.77,-0.01,62,60574,卖盘
83,14:53:07,9.78,--,72,70416,买盘
84,14:53:02,9.78,--,31,30317,买盘
85,14:52:56,9.78,--,8,7823,买盘
86,14:52:52,9.78,0.01,37,36186,买盘
87,14:52:47,9.77,-0.01,45,43965,卖盘
88,14:52:41,9.78,--,30,29339,买盘
89,14:52:37,9.78,0.01,82,80196,买盘
90,14:52:32,9.77,--,74,72298,卖盘
91,14:52:26,9.77,--,22,21494,卖盘
92,14:52:22,9.77,0.01,296,289192,买盘
93,14:52:17,9.76,--,343,334768,卖盘
94,14:52:11,9.76,-0.01,137,133712,卖盘
95,14:52:07,9.77,0.01,202,197354,买盘
96,14:52:01,9.76,--,136,132736,卖盘
97,14:51:56,9.76,--,35,34160,卖盘
98,14:51:52,9.76,-0.01,30,29280,卖盘
99,14:51:47,9.77,--,12,11724,买盘
100,14:51:37,9.77,0.01,73,71321,买盘
101,14:51:32,9.76,--,11,10736,卖盘
102,14:51:26,9.76,--,3,2928,卖盘
103,14:51:22,9.76,--,34,33184,卖盘
104,14:51:17,9.76,--,34,33184,卖盘
105,14:51:11,9.76,-0.01,22,21472,卖盘
106,14:51:07,9.77,0.01,25,24425,买盘
107,14:51:02,9.76,--,31,30256,卖盘
108,14:50:56,9.76,--,241,235216,卖盘
109,14:50:52,9.76,-0.01,185,180560,卖盘
110,14:50:46,9.77,--,35,34195,买盘
111,14:50:41,9.77,0.01,10,9770,买盘
112,14:50:37,9.76,-0.01,23,22448,卖盘
113,14:50:31,9.77,--,81,79137,买盘
114,14:50:26,9.77,--,10,9770,买盘
115,14:50:21,9.77,--,150,146550,买盘
116,14:50:16,9.77,--,119,116263,买盘
117,14:50:11,9.77,--,8,7816,买盘
118,14:50:07,9.77,--,21,20517,买盘
119,14:50:02,9.77,--,102,99654,买盘
120,14:49:56,9.77,--,10,9770,买盘
121,14:49:51,9.77,--,207,202239,卖盘
122,14:49:46,9.77,--,24,23448,卖盘
123,14:49:36,9.77,-0.01,30,29310,卖盘
124,14:49:26,9.78,0.01,155,151590,买盘
125,14:49:21,9.77,-0.01,197,192469,卖盘
126,14:49:16,9.78,0.01,43,42054,买盘
127,14:49:11,9.77,--,80,78160,卖盘
128,14:49:06,9.77,-0.01,126,123102,卖盘
129,14:49:01,9.78,--,19,18582,买盘
130,14:48:55,9.78,--,4,3911,买盘
131,14:48:50,9.78,--,5,4890,买盘
132,14:48:41,9.78,--,6,5868,买盘
133,14:48:31,9.78,--,33,32273,买盘
134,14:48:25,9.78,--,26,25428,买盘
135,14:48:20,9.78,--,66,64547,买盘
136,14:48:16,9.78,0.01,13,12714,买盘
137,14:48:10,9.77,-0.01,17,16609,卖盘
138,14:48:01,9.78,--,14,13692,买盘
139,14:47:55,9.78,0.01,42,41076,买盘
140,14:47:46,9.77,-0.01,225,219825,卖盘
141,14:47:40,9.78,0.01,6,5868,买盘
142,14:47:31,9.77,--,32,31264,卖盘
143,14:47:25,9.77,-0.02,48,46896,卖盘
144,14:47:20,9.79,0.02,83,81257,买盘
145,14:47:16,9.77,--,28,27512,买盘
146,14:47:10,9.77,--,81,79137,买盘
147,14:47:01,9.77,--,101,98677,买盘
148,14:46:55,9.77,-0.02,141,138577,卖盘
149,14:46:46,9.79,--,11,10768,买盘
150,14:46:40,9.79,--,142,139830,买盘
151,14:46:35,9.79,--,3,2936,买盘
152,14:46:31,9.79,0.01,29,28390,买盘
153,14:46:25,9.78,--,3,2934,买盘
154,14:46:20,9.78,0.01,3,2934,买盘
155,14:46:16,9.77,-0.01,144,140844,卖盘
156,14:46:10,9.78,--,64,62591,卖盘
157,14:46:05,9.78,--,40,39120,买盘
158,14:46:01,9.78,--,207,202446,买盘
159,14:45:55,9.78,--,12,11736,买盘
160,14:45:50,9.78,--,2,1955,买盘
161,14:45:46,9.78,0.01,15,14669,买盘
162,14:45:40,9.77,--,5,4885,卖盘
163,14:45:31,9.77,-0.01,262,255974,卖盘
164,14:45:25,9.78,--,5,4890,买盘
165,14:45:20,9.78,--,2,1955,买盘
166,14:45:16,9.78,--,52,50856,买盘
167,14:45:10,9.78,--,5,4890,买盘
168,14:45:05,9.78,--,8,7823,卖盘
169,14:44:55,9.78,--,32,31295,卖盘
170,14:44:50,9.78,0.01,3,2934,卖盘
171,14:44:46,9.77,--,0,0,卖盘
172,14:44:35,9.77,-0.02,17,16609,卖盘
173,14:44:31,9.79,0.01,18,17622,买盘
174,14:44:25,9.78,-0.01,36,35208,卖盘
175,14:44:16,9.79,--,43,42096,买盘
176,14:44:10,9.79,--,70,68530,卖盘
177,14:43:46,9.79,--,90,88109,买盘
178,14:43:40,9.79,-0.01,1,978,买盘
179,14:43:35,9.8,--,26,25480,买盘
180,14:43:31,9.8,0.01,78,76440,买盘
181,14:43:25,9.79,-0.01,13,13069,卖盘
182,14:43:15,9.8,0.01,20,19600,买盘
183,14:43:10,9.79,--,20,19580,卖盘
184,14:43:05,9.79,--,10,9790,卖盘
185,14:42:55,9.79,0.02,754,738802,买盘
186,14:42:50,9.77,0.01,107,104539,买盘
187,14:42:45,9.76,--,70,68320,买盘
188,14:42:40,9.76,-0.02,197,192272,卖盘
189,14:42:35,9.78,0.01,55,53790,买盘
190,14:42:30,9.77,--,20,19540,卖盘
191,14:42:25,9.77,--,17,16609,买盘
192,14:42:20,9.77,--,510,498270,买盘
193,14:42:15,9.77,--,52,50804,买盘
194,14:42:10,9.77,--,28,27356,买盘
195,14:42:05,9.77,0.01,10,9770,买盘
196,14:42:00,9.76,-0.01,6,5856,卖盘
197,14:41:55,9.77,0.01,1217,1189009,买盘
198,14:41:49,9.76,--,20,19520,卖盘
199,14:41:45,9.76,--,100,97600,卖盘
200,14:41:40,9.76,--,101,98576,买盘
201,14:41:34,9.76,--,30,29280,买盘
202,14:41:29,9.76,0.01,27,26352,买盘
203,14:41:25,9.75,-0.01,35,34125,卖盘
204,14:41:19,9.76,--,13,12688,买盘
205,14:41:14,9.76,0.01,18,17568,买盘
206,14:41:10,9.75,-0.01,116,113100,卖盘
207,14:41:04,9.76,0.01,202,197152,买盘
208,14:40:59,9.75,-0.01,24,23400,卖盘
209,14:40:55,9.76,--,15,14640,买盘
210,14:40:49,9.76,--,4,3904,买盘
211,14:40:44,9.76,0.01,3,2928,中性盘
212,14:40:40,9.75,-0.02,169,164775,卖盘
213,14:40:34,9.77,0.01,41,40057,买盘
214,14:40:29,9.76,0.01,1,976,买盘
215,14:40:25,9.75,--,62,60450,卖盘
216,14:40:19,9.75,--,337,328575,卖盘
217,14:40:14,9.75,--,50,48750,卖盘
218,14:40:10,9.75,-0.01,5,4875,卖盘
219,14:40:04,9.76,--,88,85888,买盘
220,14:39:59,9.76,--,60,58560,买盘
221,14:39:55,9.76,--,27,26352,买盘
222,14:39:49,9.76,--,19,18544,买盘
223,14:39:44,9.76,0.01,57,55632,买盘
224,14:39:40,9.75,-0.01,12,11700,卖盘
225,14:39:34,9.76,--,53,51728,买盘
226,14:39:29,9.76,--,12,11712,卖盘
227,14:39:25,9.76,--,106,103456,卖盘
228,14:39:19,9.76,-0.01,214,208864,卖盘
229,14:39:10,9.77,0.01,38,37126,买盘
230,14:39:04,9.76,-0.01,85,82960,卖盘
231,14:38:59,9.77,--,67,65459,买盘
232,14:38:55,9.77,--,57,55689,买盘
233,14:38:49,9.77,0.01,10,9770,买盘
234,14:38:44,9.76,-0.01,19,18544,卖盘
235,14:38:40,9.77,--,0,0,买盘
236,14:38:34,9.77,--,172,168044,买盘
237,14:38:25,9.77,--,57,55689,卖盘
238,14:38:19,9.77,-0.01,52,50804,卖盘
239,14:38:14,9.78,0.01,5,4890,买盘
240,14:38:10,9.77,-0.01,6,5862,中性盘
241,14:38:04,9.78,--,113,110514,买盘
242,14:37:59,9.78,--,5,4890,买盘
243,14:37:55,9.78,0.03,26,25428,买盘
244,14:37:49,9.75,-0.03,3481,3394316,卖盘
245,14:37:40,9.78,--,10,9780,卖盘
246,14:37:34,9.78,-0.01,76,74328,卖盘
247,14:37:29,9.79,--,54,52865,买盘
248,14:37:25,9.79,0.01,115,112584,买盘
249,14:37:10,9.78,--,15,14669,卖盘
250,14:37:04,9.78,-0.01,22,21516,卖盘
251,14:36:55,9.79,--,378,370061,买盘
252,14:36:49,9.79,--,143,139997,卖盘
253,14:36:44,9.79,--,5,4895,卖盘
254,14:36:39,9.79,--,6,5873,卖盘
255,14:36:34,9.79,--,26,25453,卖盘
256,14:36:29,9.79,--,37,36223,卖盘
257,14:36:24,9.79,--,30,29369,买盘
258,14:36:19,9.79,0.01,9,8811,中性盘
259,14:36:14,9.78,-0.02,12,11736,卖盘
260,14:36:09,9.8,--,10,9800,买盘
261,14:36:04,9.8,0.02,31,30380,买盘
262,14:35:54,9.78,-0.02,281,275571,卖盘
263,14:35:49,9.8,--,14,13720,买盘
264,14:35:39,9.8,--,117,114660,卖盘
265,14:35:34,9.8,--,410,401800,卖盘
266,14:35:29,9.8,-0.01,5,4900,卖盘
267,14:35:24,9.81,--,117,114777,买盘
268,14:35:19,9.81,--,40,39240,买盘
269,14:35:14,9.81,--,16,15696,买盘
270,14:35:09,9.81,--,41,40221,买盘
271,14:35:04,9.81,--,4,3924,买盘
272,14:34:58,9.81,--,9,8829,买盘
273,14:34:54,9.81,-0.01,20,19620,卖盘
274,14:34:49,9.82,0.01,5,4910,买盘
275,14:34:43,9.81,--,20,19620,卖盘
276,14:34:39,9.81,--,59,57879,卖盘
277,14:34:28,9.81,--,1,981,买盘
278,14:34:24,9.81,0.01,19,18639,中性盘
279,14:34:19,9.8,-0.01,315,308700,卖盘
280,14:34:08,9.81,--,17,16677,买盘
281,14:34:04,9.81,0.01,17,16677,中性盘
282,14:33:58,9.8,--,139,136220,卖盘
283,14:33:54,9.8,--,81,79380,卖盘
284,14:33:49,9.8,-0.01,106,103880,卖盘
285,14:33:43,9.81,0.01,302,296262,买盘
286,14:33:34,9.8,--,10,9800,卖盘
287,14:33:23,9.8,--,113,110740,买盘
288,14:33:19,9.8,--,156,152880,买盘
289,14:33:13,9.8,0.01,10,9800,买盘
290,14:33:08,9.79,--,136,133369,卖盘
291,14:33:04,9.79,--,3,2936,卖盘
292,14:32:49,9.79,0.01,184,180135,买盘
293,14:32:43,9.78,-0.01,1,977,卖盘
294,14:32:38,9.79,0.01,3,2936,买盘
295,14:32:34,9.78,--,3,3569,买盘
296,14:32:28,9.78,--,117,114425,买盘
297,14:32:23,9.78,--,75,73350,买盘
298,14:32:19,9.78,--,39,38142,买盘
299,14:32:13,9.78,--,11,10758,买盘
300,14:32:08,9.78,--,5,4890,买盘
301,14:32:04,9.78,--,37,36186,买盘
302,14:31:58,9.78,--,16,15647,买盘
303,14:31:53,9.78,--,48,46944,买盘
304,14:31:49,9.78,--,11,10758,买盘
305,14:31:43,9.78,--,334,326652,买盘
306,14:31:38,9.78,0.01,66,64547,买盘
307,14:31:34,9.77,-0.01,50,48850,卖盘
308,14:31:28,9.78,0.01,1,977,买盘
309,14:31:19,9.77,-0.01,22,21494,卖盘
310,14:31:08,9.78,0.01,50,48900,买盘
311,14:31:04,9.77,--,10,9770,卖盘
312,14:30:58,9.77,-0.01,54,52758,卖盘
313,14:30:53,9.78,--,43,42054,买盘
314,14:30:49,9.78,0.01,10,9780,买盘
315,14:30:43,9.77,-0.01,29,28333,卖盘
316,14:30:38,9.78,0.01,11,10758,买盘
317,14:30:33,9.77,-0.01,53,51781,卖盘
318,14:30:28,9.78,--,40,39120,买盘
319,14:30:23,9.78,-0.01,41,40098,卖盘
320,14:30:19,9.79,0.01,431,421948,买盘
321,14:30:08,9.78,-0.01,31,30317,卖盘
322,14:30:04,9.79,0.01,141,138039,买盘
323,14:29:48,9.78,-0.01,299,292422,卖盘
324,14:29:43,9.79,--,247,241812,买盘
325,14:29:38,9.79,0.01,70,68530,买盘
326,14:29:34,9.78,--,71,69438,卖盘
327,14:29:28,9.78,-0.01,48,46944,卖盘
328,14:29:18,9.79,--,5,4895,买盘
329,14:29:03,9.79,-0.01,80,78320,卖盘
330,14:28:53,9.8,0.01,33,32340,买盘
331,14:28:48,9.79,--,147,143913,卖盘
332,14:28:43,9.79,--,109,106710,卖盘
333,14:28:33,9.79,--,18,17622,卖盘
334,14:28:18,9.79,-0.01,14,13705,卖盘
335,14:28:13,9.8,0.01,5,4900,买盘
336,14:28:07,9.79,--,24,23495,卖盘
337,14:28:03,9.79,-0.01,28,27411,卖盘
338,14:27:58,9.8,--,3,2940,买盘
339,14:27:52,9.8,--,17,16660,买盘
340,14:27:48,9.8,--,12,11760,买盘
341,14:27:43,9.8,-0.01,438,429406,卖盘
342,14:27:33,9.81,0.01,8,7848,买盘
343,14:27:22,9.8,--,10,9800,卖盘
344,14:27:18,9.8,-0.01,62,60760,卖盘
345,14:27:13,9.81,--,2,1962,买盘
346,14:27:07,9.81,--,10,9810,买盘
347,14:27:03,9.81,--,103,101043,卖盘
348,14:26:47,9.81,0.01,126,123606,买盘
349,14:26:43,9.8,-0.01,3,2940,卖盘
350,14:26:33,9.81,--,15,14715,买盘
351,14:26:28,9.81,--,28,27468,买盘
352,14:26:18,9.81,0.01,50,49050,买盘
353,14:26:13,9.8,--,7,6860,卖盘
354,14:26:07,9.8,-0.01,7,6860,卖盘
355,14:26:02,9.81,--,20,19620,买盘
356,14:25:57,9.81,0.01,20,19620,买盘
357,14:25:52,9.8,-0.01,10,9800,卖盘
358,14:25:42,9.81,0.01,100,98100,买盘
359,14:25:37,9.8,--,5,4900,卖盘
360,14:25:32,9.8,-0.01,22,21560,卖盘
361,14:25:27,9.81,0.01,2,1962,卖盘
362,14:25:22,9.8,-0.02,10,9800,卖盘
363,14:25:17,9.82,0.01,8,7856,买盘
364,14:25:07,9.81,--,10,9810,中性盘
365,14:24:57,9.81,--,5,4905,卖盘
366,14:24:52,9.81,--,38,37278,卖盘
367,14:24:47,9.81,--,20,19620,卖盘
368,14:24:42,9.81,0.01,128,125568,买盘
369,14:24:37,9.8,-0.01,100,98000,卖盘
370,14:24:32,9.81,--,2,1962,买盘
371,14:24:27,9.81,0.01,13,12753,买盘
372,14:24:22,9.8,--,2,1960,卖盘
373,14:24:17,9.8,--,5,4900,卖盘
374,14:24:12,9.8,-0.01,3,2940,卖盘
375,14:24:07,9.81,0.01,17,16677,买盘
376,14:24:02,9.8,-0.01,114,111720,卖盘
377,14:23:52,9.81,--,33,32373,中性盘
378,14:23:42,9.81,--,7,6867,卖盘
379,14:23:32,9.81,--,29,28449,卖盘
380,14:23:27,9.81,0.01,10,9810,卖盘
381,14:23:22,9.8,-0.01,111,108780,卖盘
382,14:23:16,9.81,0.01,43,42183,买盘
383,14:22:57,9.8,-0.02,41,40180,卖盘
384,14:22:52,9.82,0.01,3,2946,买盘
385,14:22:47,9.81,--,4,3924,买盘
386,14:22:42,9.81,0.01,4,3924,中性盘
387,14:22:37,9.8,-0.01,1500,1470000,卖盘
388,14:22:27,9.81,-0.01,25,24525,卖盘
389,14:22:22,9.82,0.02,10,9820,中性盘
390,14:22:12,9.8,-0.03,20,19600,卖盘
391,14:22:02,9.83,0.02,101,99283,买盘
392,14:21:57,9.81,--,2,1962,买盘
393,14:21:52,9.81,--,16,15696,买盘
394,14:21:47,9.81,-0.02,890,874051,卖盘
395,14:21:42,9.83,0.01,10,9830,买盘
396,14:21:36,9.82,--,82,80524,卖盘
397,14:21:27,9.82,-0.01,54,53028,卖盘
398,14:21:22,9.83,--,4,3932,买盘
399,14:21:12,9.83,0.01,6,5898,买盘
400,14:21:07,9.82,-0.01,85,83470,卖盘
401,14:20:57,9.83,--,11,10813,买盘
402,14:20:52,9.83,--,5,4915,买盘
403,14:20:42,9.83,--,12,11796,买盘
404,14:20:37,9.83,--,3,2949,买盘
405,14:20:27,9.83,--,38,37354,卖盘
406,14:20:06,9.83,0.01,24,23592,买盘
407,14:20:01,9.82,-0.01,50,49100,卖盘
408,14:19:57,9.83,--,14,13762,中性盘
409,14:19:52,9.83,--,20,19660,买盘
410,14:19:46,9.83,--,1,983,卖盘
411,14:19:42,9.83,--,17,16711,买盘
412,14:19:37,9.83,--,5,4915,买盘
413,14:19:30,9.83,--,5,4915,买盘
414,14:19:22,9.83,--,25,24575,买盘
415,14:19:16,9.83,--,20,19660,买盘
416,14:19:12,9.83,--,5,4915,买盘
417,14:19:07,9.83,-0.01,8,7864,卖盘
418,14:19:01,9.84,--,0,0,买盘
419,14:18:57,9.84,--,10,9840,买盘
420,14:18:52,9.84,--,0,0,买盘
421,14:18:46,9.84,0.01,12,11808,买盘
422,14:18:42,9.83,0.01,45,44235,中性盘
423,14:18:37,9.82,-0.02,233,228806,卖盘
424,14:18:27,9.84,--,43,42312,买盘
425,14:18:22,9.84,--,34,33456,买盘
426,14:18:12,9.84,--,69,67896,买盘
427,14:18:06,9.84,--,30,29520,买盘
428,14:18:01,9.84,--,18,17712,买盘
429,14:17:56,9.84,--,15,14760,买盘
430,14:17:51,9.84,--,100,98400,买盘
431,14:17:46,9.84,--,1,984,买盘
432,14:17:41,9.84,--,51,50184,买盘
433,14:17:31,9.84,0.02,8,7872,买盘
434,14:17:26,9.82,--,0,0,卖盘
435,14:17:21,9.82,-0.01,22,21604,卖盘
436,14:17:16,9.83,--,2,1966,卖盘
437,14:17:00,9.83,--,8,7864,卖盘
438,14:16:56,9.83,--,43,42269,买盘
439,14:16:51,9.83,0.01,21,20643,买盘
440,14:16:45,9.82,-0.01,3,2946,卖盘
441,14:16:36,9.83,--,2,1966,买盘
442,14:16:21,9.83,--,16,15728,买盘
443,14:16:15,9.83,--,6,5898,买盘
444,14:16:11,9.83,--,10,9830,买盘
445,14:16:06,9.83,0.01,24,23592,买盘
446,14:16:01,9.82,-0.01,10,9820,卖盘
447,14:15:51,9.83,--,22,21626,买盘
448,14:15:46,9.83,--,30,29490,买盘
449,14:15:41,9.83,--,190,186770,卖盘
450,14:15:36,9.83,--,18,17694,卖盘
451,14:15:21,9.83,--,30,29490,卖盘
452,14:15:15,9.83,-0.01,12,11796,卖盘
453,14:15:06,9.84,0.01,50,49200,买盘
454,14:15:01,9.83,--,50,49150,买盘
455,14:14:55,9.83,--,20,19660,买盘
456,14:14:51,9.83,--,50,49150,买盘
457,14:14:46,9.83,--,20,19660,买盘
458,14:14:31,9.83,--,61,59963,买盘
459,14:14:25,9.83,--,2,1966,买盘
460,14:14:21,9.83,--,15,14745,买盘
461,14:14:16,9.83,--,14,13762,买盘
462,14:14:06,9.83,--,66,64878,买盘
463,14:14:00,9.83,0.01,33,32439,买盘
464,14:13:51,9.82,-0.01,2,1964,卖盘
465,14:13:46,9.83,--,14,13762,买盘
466,14:13:40,9.83,0.01,12,11796,买盘
467,14:13:36,9.82,--,1,982,卖盘
468,14:13:31,9.82,--,10,9820,卖盘
469,14:13:15,9.82,-0.01,26,25532,卖盘
470,14:13:10,9.83,0.01,35,34405,买盘
471,14:13:06,9.82,--,75,73650,买盘
472,14:13:01,9.82,--,13,12766,买盘
473,14:12:54,9.82,-0.01,29,28478,卖盘
474,14:12:51,9.83,0.01,17,16711,买盘
475,14:12:46,9.82,--,11,10802,卖盘
476,14:12:36,9.82,-0.01,5,4910,买盘
477,14:12:31,9.83,0.02,15,14745,买盘
478,14:12:20,9.81,--,183,179523,卖盘
479,14:12:16,9.81,-0.01,323,316863,卖盘
480,14:12:10,9.82,0.01,10,9820,买盘
481,14:12:05,9.81,-0.01,25,24525,卖盘
482,14:12:01,9.82,0.01,115,112930,买盘
483,14:11:54,9.81,--,43,42183,卖盘
484,14:11:46,9.81,--,33,32373,卖盘
485,14:11:40,9.81,-0.01,1,981,卖盘
486,14:11:36,9.82,--,52,51083,买盘
487,14:11:30,9.82,0.01,12,11784,买盘
488,14:11:21,9.81,-0.01,20,19620,卖盘
489,14:11:10,9.82,--,30,29460,买盘
490,14:11:06,9.82,0.01,13,12766,买盘
491,14:11:01,9.81,-0.01,59,57879,卖盘
492,14:10:51,9.82,0.02,38,37316,买盘
493,14:10:46,9.8,-0.02,1015,994700,卖盘
494,14:10:39,9.82,--,95,93290,买盘
495,14:10:35,9.82,--,2,1964,买盘
496,14:10:31,9.82,-0.01,62,60884,卖盘
497,14:10:25,9.83,0.01,70,68810,买盘
498,14:10:20,9.82,-0.01,9,8838,卖盘
499,14:10:10,9.83,0.01,45,44235,买盘
500,14:09:54,9.82,-0.01,1,982,卖盘
501,14:09:50,9.83,0.01,6,5898,买盘
502,14:09:45,9.82,-0.01,10,9820,卖盘
503,14:09:40,9.83,--,2,1966,买盘
504,14:09:35,9.83,--,15,14745,买盘
505,14:09:30,9.83,--,12,11796,买盘
506,14:09:25,9.83,--,35,34405,买盘
507,14:09:20,9.83,0.01,29,28507,买盘
508,14:09:15,9.82,-0.01,25,24550,卖盘
509,14:09:09,9.83,--,46,45218,买盘
510,14:09:05,9.83,--,5,4915,买盘
511,14:09:00,9.83,--,89,87487,买盘
512,14:08:55,9.83,--,8,7864,买盘
513,14:08:45,9.83,--,26,25558,买盘
514,14:08:39,9.83,0.01,4,3932,买盘
515,14:08:35,9.82,--,13,12766,买盘
516,14:08:30,9.82,-0.01,15,14730,中性盘
517,14:08:25,9.83,--,46,45218,买盘
518,14:08:19,9.83,0.03,1,983,买盘
519,14:08:15,9.8,-0.03,415,406700,卖盘
520,14:08:04,9.83,--,9,8847,买盘
521,14:08:00,9.83,--,113,111079,买盘
522,14:07:54,9.83,--,2,1966,买盘
523,14:07:49,9.83,--,5,4915,买盘
524,14:07:45,9.83,0.01,33,32439,买盘
525,14:07:39,9.82,--,44,43208,卖盘
526,14:07:33,9.82,-0.01,27,26514,卖盘
527,14:07:30,9.83,--,6,5898,买盘
528,14:07:24,9.83,--,22,21626,买盘
529,14:07:18,9.83,0.01,10,9830,买盘
530,14:07:15,9.82,-0.01,69,67758,卖盘
531,14:07:00,9.83,--,24,23592,买盘
532,14:06:55,9.83,--,30,29490,买盘
533,14:06:45,9.83,0.03,23,22609,买盘
534,14:06:40,9.8,-0.03,1016,995680,卖盘
535,14:06:34,9.83,-0.01,73,71759,卖盘
536,14:06:30,9.84,--,42,41328,买盘
537,14:06:24,9.84,--,50,49200,买盘
538,14:06:15,9.84,0.01,15,14760,买盘
539,14:06:09,9.83,-0.01,19,18677,卖盘
540,14:06:04,9.84,--,3,2952,买盘
541,14:06:00,9.84,--,20,19680,买盘
542,14:05:55,9.84,--,97,95448,买盘
543,14:05:39,9.84,--,82,80688,买盘
544,14:05:33,9.84,--,35,34440,买盘
545,14:05:30,9.84,0.01,56,55104,买盘
546,14:05:25,9.83,-0.01,28,27524,卖盘
547,14:05:14,9.84,--,30,29520,买盘
548,14:05:10,9.84,--,15,14760,买盘
549,14:05:04,9.84,--,10,9840,买盘
550,14:05:00,9.84,--,5,4920,买盘
551,14:04:54,9.84,-0.01,51,50184,卖盘
552,14:04:48,9.85,--,2,1970,买盘
553,14:04:44,9.85,0.01,25,24625,买盘
554,14:04:39,9.84,-0.01,160,157440,卖盘
555,14:04:33,9.85,0.01,7,6895,买盘
556,14:04:30,9.84,-0.01,7,6888,卖盘
557,14:04:24,9.85,--,83,81755,买盘
558,14:04:19,9.85,--,5,4925,买盘
559,14:04:00,9.85,0.02,10,9850,买盘
560,14:03:54,9.83,--,2,1966,卖盘
561,14:03:49,9.83,--,0,0,中性盘
562,14:03:44,9.83,--,0,0,买盘
563,14:03:40,9.83,--,14,13762,买盘
564,14:03:30,9.83,--,50,49150,买盘
565,14:03:25,9.83,0.01,186,182838,买盘
566,14:03:19,9.82,--,16,15712,卖盘
567,14:03:14,9.82,--,15,14730,卖盘
568,14:03:09,9.82,-0.01,11,10802,卖盘
569,14:03:04,9.83,--,14,13762,买盘
570,14:02:59,9.83,0.01,40,39320,买盘
571,14:02:54,9.82,-0.02,460,451720,卖盘
572,14:02:49,9.84,-0.01,334,328892,卖盘
573,14:02:44,9.85,--,9,8865,买盘
574,14:02:39,9.85,--,101,99485,买盘
575,14:02:34,9.85,--,18,17730,买盘
576,14:02:24,9.85,0.01,50,49250,买盘
577,14:02:18,9.84,-0.01,14,13776,卖盘
578,14:02:09,9.85,0.01,14,13790,买盘
579,14:02:03,9.84,--,39,38376,卖盘
580,14:01:59,9.84,-0.02,22,21648,卖盘
581,14:01:54,9.86,0.02,40,39440,买盘
582,14:01:49,9.84,-0.01,32,31488,卖盘
583,14:01:44,9.85,-0.01,61,60085,卖盘
584,14:01:39,9.86,--,563,555118,买盘
585,14:01:34,9.86,--,5,4930,买盘
586,14:01:28,9.86,0.01,5,4930,买盘
587,14:01:24,9.85,--,6,5910,卖盘
588,14:01:18,9.85,-0.01,19,18715,卖盘
589,14:01:13,9.86,0.01,3,2958,买盘
590,14:01:09,9.85,--,26,25610,卖盘
591,14:01:04,9.85,--,31,30535,卖盘
592,14:00:54,9.85,-0.01,378,372330,卖盘
593,14:00:42,9.86,0.01,11,10846,买盘
594,14:00:39,9.85,--,45,44325,卖盘
595,14:00:33,9.85,--,47,46295,卖盘
596,14:00:27,9.85,--,10,9850,卖盘
597,14:00:24,9.85,-0.01,9,8865,卖盘
598,14:00:18,9.86,0.01,10,9860,买盘
599,14:00:09,9.85,-0.01,257,253145,卖盘
600,13:59:58,9.86,--,101,99586,买盘
601,13:59:54,9.86,--,138,136068,买盘
602,13:59:48,9.86,--,33,32537,买盘
603,13:59:39,9.86,--,10,9860,买盘
604,13:59:34,9.86,0.01,29,28594,买盘
605,13:59:24,9.85,--,62,61070,卖盘
606,13:59:19,9.85,-0.01,27,26595,卖盘
607,13:59:12,9.86,--,20,19720,买盘
608,13:59:09,9.86,0.01,525,517649,买盘
609,13:59:03,9.85,-0.01,11,10835,卖盘
610,13:58:57,9.86,--,17,16762,买盘
611,13:58:54,9.86,--,44,43384,买盘
612,13:58:48,9.86,--,15,14790,买盘
613,13:58:42,9.86,--,2,1972,买盘
614,13:58:39,9.86,--,11,10846,买盘
615,13:58:34,9.86,--,13,12818,买盘
616,13:58:24,9.86,--,4,3944,买盘
617,13:58:18,9.86,--,21,20706,买盘
618,13:58:12,9.86,--,30,29580,买盘
619,13:58:09,9.86,--,5,4930,买盘
620,13:58:03,9.86,--,10,9860,买盘
621,13:57:57,9.86,--,1,986,买盘
622,13:57:53,9.86,0.01,112,110432,买盘
623,13:57:48,9.85,--,14,13790,卖盘
624,13:57:33,9.85,--,337,331945,买盘
625,13:57:18,9.85,--,3,2955,买盘
626,13:57:12,9.85,--,110,108350,买盘
627,13:57:08,9.85,0.01,21,20685,买盘
628,13:57:03,9.84,-0.01,5,4920,卖盘
629,13:56:53,9.85,--,120,118200,买盘
630,13:56:48,9.85,--,160,157600,买盘
631,13:56:42,9.85,--,5,4925,买盘
632,13:56:33,9.85,--,1,985,买盘
633,13:56:27,9.85,--,20,19700,买盘
634,13:56:08,9.85,--,4,3940,买盘
635,13:55:53,9.85,0.01,3,2955,买盘
636,13:55:42,9.84,-0.01,58,57072,卖盘
637,13:55:33,9.85,--,45,45191,买盘
638,13:55:27,9.85,0.01,50,49250,买盘
639,13:55:18,9.84,--,30,29520,卖盘
640,13:55:12,9.84,-0.01,47,46789,卖盘
641,13:55:06,9.85,0.01,7,6895,买盘
642,13:55:03,9.84,-0.01,1,984,卖盘
643,13:54:57,9.85,--,12,11820,买盘
644,13:54:51,9.85,--,10,9850,买盘
645,13:54:48,9.85,--,81,79785,买盘
646,13:54:36,9.85,--,1,985,买盘
647,13:54:33,9.85,--,76,74860,卖盘
648,13:54:27,9.85,--,30,29550,卖盘
649,13:54:21,9.85,--,21,20685,卖盘
650,13:54:18,9.85,0.01,106,104410,买盘
651,13:54:12,9.84,--,29,28536,卖盘
652,13:54:06,9.84,--,0,0,卖盘
653,13:54:03,9.84,-0.02,120,118080,卖盘
654,13:53:57,9.86,0.01,61,60146,买盘
655,13:53:51,9.85,-0.01,25,24625,卖盘
656,13:53:48,9.86,--,10,9860,买盘
657,13:53:42,9.86,--,14,13804,买盘
658,13:53:33,9.86,-0.01,168,165756,卖盘
659,13:53:27,9.87,0.01,21,20727,买盘
660,13:53:21,9.86,-0.01,47,46342,卖盘
661,13:53:18,9.87,0.01,25,24674,买盘
662,13:53:06,9.86,-0.01,32,31552,卖盘
663,13:53:03,9.87,--,2,1973,买盘
664,13:52:57,9.87,0.01,35,34545,中性盘
665,13:52:51,9.86,-0.02,215,211990,卖盘
666,13:52:48,9.88,0.01,130,128440,买盘
667,13:52:42,9.87,-0.01,70,69090,卖盘
668,13:52:36,9.88,0.01,48,47424,买盘
669,13:52:33,9.87,-0.01,49,48362,卖盘
670,13:52:27,9.88,--,75,74100,买盘
671,13:52:21,9.88,--,6,5928,买盘
672,13:52:18,9.88,--,11,10868,买盘
673,13:52:12,9.88,--,8,7904,买盘
674,13:52:06,9.88,--,15,14820,买盘
675,13:52:03,9.88,0.01,24,23712,买盘
676,13:51:57,9.87,--,39,38493,买盘
677,13:51:51,9.87,0.01,2,1973,买盘
678,13:51:48,9.86,-0.01,34,33524,卖盘
679,13:51:42,9.87,--,228,225035,买盘
680,13:51:36,9.87,--,2,1973,买盘
681,13:51:33,9.87,--,26,25661,买盘
682,13:51:27,9.87,0.01,2,1973,买盘
683,13:51:21,9.86,-0.01,38,37468,卖盘
684,13:51:18,9.87,0.01,128,126335,买盘
685,13:51:12,9.86,--,77,75922,卖盘
686,13:51:02,9.86,--,566,558953,买盘
687,13:50:57,9.86,--,14,13804,买盘
688,13:50:51,9.86,--,43,42398,买盘
689,13:50:47,9.86,--,10,9860,买盘
690,13:50:42,9.86,--,15,14790,买盘
691,13:50:36,9.86,0.01,10,9860,买盘
692,13:50:33,9.85,--,55,54175,卖盘
693,13:50:21,9.85,--,100,98500,卖盘
694,13:50:18,9.85,--,34,33815,买盘
695,13:50:12,9.85,--,163,160555,买盘
696,13:50:06,9.85,--,16,15760,买盘
697,13:50:02,9.85,--,176,173360,买盘
698,13:49:57,9.85,--,40,39400,买盘
699,13:49:51,9.85,--,26,25610,买盘
700,13:49:47,9.85,--,25,24625,买盘
701,13:49:42,9.85,--,23,22655,买盘
702,13:49:36,9.85,0.01,36,35460,买盘
703,13:49:32,9.84,-0.01,94,92496,卖盘
704,13:49:27,9.85,--,3,2955,买盘
705,13:49:21,9.85,0.01,15,14775,买盘
706,13:49:17,9.84,-0.01,16,15744,中性盘
707,13:49:12,9.85,0.01,707,697054,买盘
708,13:49:06,9.84,-0.01,7,6888,卖盘
709,13:49:02,9.85,0.01,56,55160,买盘
710,13:48:47,9.84,--,6,5904,卖盘
711,13:48:42,9.84,--,32,31812,买盘
712,13:48:36,9.84,--,58,57072,买盘
713,13:48:32,9.84,0.01,205,201720,买盘
714,13:48:27,9.83,-0.01,2,1966,卖盘
715,13:48:17,9.84,0.01,13,12792,买盘
716,13:48:12,9.83,--,15,14745,卖盘
717,13:48:00,9.83,--,24,23592,买盘
718,13:47:57,9.83,--,85,83555,卖盘
719,13:47:42,9.83,--,10,9830,买盘
720,13:47:36,9.83,--,5,4915,买盘
721,13:47:30,9.83,--,30,29490,买盘
722,13:47:27,9.83,0.01,34,33422,买盘
723,13:47:21,9.82,-0.01,40,39280,卖盘
724,13:47:15,9.83,0.01,66,64878,买盘
725,13:47:12,9.82,--,230,225860,卖盘
726,13:47:06,9.82,-0.01,75,73650,卖盘
727,13:47:00,9.83,0.01,5,4915,买盘
728,13:46:51,9.82,--,26,25532,卖盘
729,13:46:45,9.82,-0.01,57,55974,卖盘
730,13:46:36,9.83,--,7,6881,买盘
731,13:46:30,9.83,--,18,17694,买盘
732,13:46:27,9.83,-0.01,14,13762,卖盘
733,13:46:15,9.84,--,30,29520,买盘
734,13:46:12,9.84,--,10,9840,买盘
735,13:46:06,9.84,0.01,75,73800,买盘
736,13:46:00,9.83,-0.01,56,55706,卖盘
737,13:45:57,9.84,0.01,66,64944,买盘
738,13:45:51,9.83,--,5,4915,卖盘
739,13:45:42,9.83,--,62,61270,卖盘
740,13:45:36,9.83,-0.01,9,8847,卖盘
741,13:45:27,9.84,0.01,9,8856,买盘
742,13:45:21,9.83,--,70,68810,卖盘
743,13:45:15,9.83,-0.01,40,39320,卖盘
744,13:45:12,9.84,--,88,86592,买盘
745,13:45:06,9.84,--,90,88560,买盘
746,13:45:00,9.84,0.01,10,9840,买盘
747,13:44:57,9.83,-0.01,13,12779,卖盘
748,13:44:51,9.84,--,7,6888,买盘
749,13:44:45,9.84,--,5,4920,买盘
750,13:44:42,9.84,0.01,23,22632,买盘
751,13:44:36,9.83,-0.01,117,115011,卖盘
752,13:44:30,9.84,--,76,74784,买盘
753,13:44:27,9.84,0.01,2,1968,买盘
754,13:44:21,9.83,--,14,13762,卖盘
755,13:44:15,9.83,--,23,22609,卖盘
756,13:44:12,9.83,--,16,15728,买盘
757,13:44:00,9.83,0.01,37,36371,买盘
758,13:43:57,9.82,-0.01,10,9820,卖盘
759,13:43:51,9.83,--,10,9830,买盘
760,13:43:41,9.83,--,20,19660,买盘
761,13:43:36,9.83,--,20,19660,卖盘
762,13:43:30,9.83,0.01,30,29490,卖盘
763,13:43:26,9.82,--,0,0,卖盘
764,13:43:21,9.82,-0.01,163,160066,卖盘
765,13:43:15,9.83,--,5,4915,卖盘
766,13:43:06,9.83,--,5,4915,卖盘
767,13:42:56,9.83,0.01,18,17694,卖盘
768,13:42:45,9.82,--,0,0,卖盘
769,13:42:41,9.82,--,356,349592,卖盘
770,13:42:36,9.82,-0.01,25,24550,卖盘
771,13:42:30,9.83,--,10,9830,买盘
772,13:42:21,9.83,--,6,5898,买盘
773,13:42:15,9.83,--,4,3932,买盘
774,13:42:11,9.83,--,56,55048,买盘
775,13:42:06,9.83,--,29,28507,买盘
776,13:41:41,9.83,--,29,28507,买盘
777,13:41:26,9.83,0.01,132,129756,买盘
778,13:41:21,9.82,--,2,1964,买盘
779,13:41:11,9.82,--,4,3928,买盘
780,13:41:06,9.82,-0.01,161,158102,卖盘
781,13:41:00,9.83,--,5,4915,买盘
782,13:40:56,9.83,--,40,39320,买盘
783,13:40:51,9.83,--,47,46201,买盘
784,13:40:45,9.83,--,25,24575,买盘
785,13:40:39,9.83,0.01,42,41286,买盘
786,13:40:36,9.82,--,74,72668,卖盘
787,13:40:21,9.82,-0.01,10,9820,卖盘
788,13:40:15,9.83,0.01,32,31456,买盘
789,13:40:09,9.82,--,5,4910,卖盘
790,13:40:00,9.82,--,13,12766,卖盘
791,13:39:51,9.82,--,11,10802,买盘
792,13:39:45,9.82,--,4,3928,买盘
793,13:39:36,9.82,0.01,27,26514,买盘
794,13:39:30,9.81,-0.01,18,17658,卖盘
795,13:39:20,9.82,--,11,10802,买盘
796,13:39:06,9.82,0.01,1,982,买盘
797,13:39:00,9.81,-0.01,10,9810,中性盘
798,13:38:54,9.82,--,100,98200,买盘
799,13:38:51,9.82,0.02,62,60884,买盘
800,13:38:45,9.8,-0.01,700,686000,卖盘
801,13:38:39,9.81,-0.01,30,29430,卖盘
802,13:38:30,9.82,--,46,45172,买盘
803,13:38:21,9.82,0.01,7,6874,买盘
804,13:38:15,9.81,-0.01,30,29430,卖盘
805,13:38:06,9.82,--,2,1964,买盘
806,13:38:00,9.82,--,5,4910,买盘
807,13:37:51,9.82,--,11,10802,买盘
808,13:37:45,9.82,0.01,26,25532,买盘
809,13:37:39,9.81,-0.01,15,14715,卖盘
810,13:37:30,9.82,--,12,11784,买盘
811,13:37:21,9.82,0.01,17,16694,中性盘
812,13:37:15,9.81,-0.02,310,304110,卖盘
813,13:37:06,9.83,--,20,20151,买盘
814,13:37:00,9.83,-0.01,111,109113,买盘
815,13:36:54,9.84,0.01,66,64944,买盘
816,13:36:51,9.83,--,11,10813,买盘
817,13:36:45,9.83,--,38,37354,买盘
818,13:36:39,9.83,--,11,10813,买盘
819,13:36:35,9.83,-0.01,283,278189,卖盘
820,13:36:30,9.84,0.01,10,9840,买盘
821,13:36:24,9.83,-0.01,26,25558,卖盘
822,13:36:20,9.84,0.01,5,4920,买盘
823,13:36:15,9.83,--,5,4915,卖盘
824,13:36:09,9.83,-0.01,10,9830,卖盘
825,13:36:05,9.84,0.01,15,14760,买盘
826,13:35:50,9.83,0.01,1,983,买盘
827,13:35:45,9.82,--,10,9820,卖盘
828,13:35:39,9.82,-0.01,10,9820,卖盘
829,13:35:35,9.83,0.01,7,6881,买盘
830,13:35:30,9.82,--,68,66776,卖盘
831,13:35:20,9.82,--,731,718166,买盘
832,13:35:15,9.82,0.01,36,35352,买盘
833,13:35:09,9.81,-0.01,70,68670,卖盘
834,13:35:05,9.82,--,43,42226,买盘
835,13:35:00,9.82,0.01,22,21604,买盘
836,13:34:54,9.81,--,37,36297,卖盘
837,13:34:39,9.81,--,158,155498,买盘
838,13:34:34,9.81,--,41,40221,买盘
839,13:34:30,9.81,0.01,5,4905,买盘
840,13:34:24,9.8,-0.01,30,29400,卖盘
841,13:34:20,9.81,--,28,27468,买盘
842,13:34:14,9.81,0.01,3,2943,买盘
843,13:34:09,9.8,--,15,14700,卖盘
844,13:34:05,9.8,--,206,201880,卖盘
845,13:34:00,9.8,-0.01,40,39200,卖盘
846,13:33:54,9.81,0.01,80,78480,买盘
847,13:33:50,9.8,-0.01,371,363580,卖盘
848,13:33:45,9.81,--,73,71613,买盘
849,13:33:39,9.81,--,290,284490,买盘
850,13:33:33,9.81,--,67,65727,买盘
851,13:33:30,9.81,--,31,30411,买盘
852,13:33:24,9.81,--,17,16677,买盘
853,13:33:14,9.81,0.01,23,22563,买盘
854,13:33:09,9.8,-0.01,12,11760,卖盘
855,13:33:03,9.81,--,95,93195,买盘
856,13:32:59,9.81,--,48,47088,买盘
857,13:32:54,9.81,--,96,94176,买盘
858,13:32:48,9.81,--,30,29430,买盘
859,13:32:45,9.81,--,659,647057,卖盘
860,13:32:39,9.81,-0.01,55,53955,卖盘
861,13:32:33,9.82,0.01,101,99182,买盘
862,13:32:29,9.81,--,304,298626,卖盘
863,13:32:24,9.81,-0.01,17,16677,卖盘
864,13:32:18,9.82,--,75,73650,买盘
865,13:32:14,9.82,-0.02,745,731590,卖盘
866,13:32:08,9.84,0.02,25,24600,买盘
867,13:32:03,9.82,-0.01,32,31424,卖盘
868,13:31:59,9.83,--,7,6881,买盘
869,13:31:54,9.83,0.01,20,19660,买盘
870,13:31:48,9.82,-0.01,19,18658,卖盘
871,13:31:45,9.83,--,134,132478,卖盘
872,13:31:33,9.83,--,69,67827,卖盘
873,13:31:29,9.83,-0.01,202,198566,卖盘
874,13:31:24,9.84,-0.01,40,39360,卖盘
875,13:31:17,9.85,--,10,9850,买盘
876,13:31:14,9.85,--,61,60085,买盘
877,13:31:09,9.85,-0.01,35,34475,中性盘
878,13:30:59,9.86,0.01,52,51272,买盘
879,13:30:54,9.85,0.01,30,29550,卖盘
880,13:30:48,9.84,--,0,0,卖盘
881,13:30:44,9.84,-0.02,10,9840,卖盘
882,13:30:39,9.86,0.02,102,100572,买盘
883,13:30:32,9.84,-0.01,12,11808,卖盘
884,13:30:29,9.85,--,61,60085,买盘
885,13:30:24,9.85,-0.01,9,8865,买盘
886,13:30:18,9.86,--,0,0,买盘
887,13:30:14,9.86,0.01,125,123250,买盘
888,13:30:09,9.85,--,13,12805,卖盘
889,13:30:03,9.85,-0.01,55,54175,卖盘
890,13:29:59,9.86,0.01,42,41412,买盘
891,13:29:44,9.85,--,103,101464,买盘
892,13:29:38,9.85,--,66,65010,买盘
893,13:29:29,9.85,--,30,29550,买盘
894,13:29:23,9.85,--,41,40385,买盘
895,13:29:14,9.85,--,109,107365,买盘
896,13:29:09,9.85,--,2,1970,买盘
897,13:29:03,9.85,--,1,985,买盘
898,13:28:59,9.85,0.01,27,26595,买盘
899,13:28:54,9.84,--,10,9840,卖盘
900,13:28:44,9.84,--,4,4152,卖盘
901,13:28:39,9.84,--,90,88560,买盘
902,13:28:29,9.84,--,38,37392,买盘
903,13:28:24,9.84,--,15,14760,买盘
904,13:28:14,9.84,0.01,20,19680,买盘
905,13:28:09,9.83,-0.01,36,35388,卖盘
906,13:27:59,9.84,--,13,12792,买盘
907,13:27:54,9.84,--,40,39360,买盘
908,13:27:48,9.84,--,12,11808,买盘
909,13:27:44,9.84,--,20,19680,买盘
910,13:27:39,9.84,--,9,8856,买盘
911,13:27:29,9.84,0.01,7,6888,买盘
912,13:27:24,9.83,-0.01,27,26541,卖盘
913,13:27:17,9.84,--,5,4920,买盘
914,13:27:14,9.84,--,25,24600,买盘
915,13:27:08,9.84,--,20,19680,买盘
916,13:27:03,9.84,--,17,16728,买盘
917,13:26:59,9.84,0.01,35,34440,买盘
918,13:26:54,9.83,--,56,55048,卖盘
919,13:26:44,9.83,--,31,30473,卖盘
920,13:26:39,9.83,--,19,18677,卖盘
921,13:26:32,9.83,-0.01,20,19660,卖盘
922,13:26:29,9.84,--,4,3936,买盘
923,13:26:24,9.84,0.01,11,10824,买盘
924,13:26:09,9.83,--,12,11796,买盘
925,13:26:03,9.83,--,17,16711,买盘
926,13:25:57,9.83,--,13,12779,买盘
927,13:25:53,9.83,--,15,14745,买盘
928,13:25:47,9.83,--,25,24575,买盘
929,13:25:41,9.83,--,18,17694,买盘
930,13:25:38,9.83,0.01,17,16711,买盘
931,13:25:33,9.82,-0.01,19,18658,卖盘
932,13:25:27,9.83,--,17,16711,买盘
933,13:25:23,9.83,0.02,135,132705,买盘
934,13:25:18,9.81,-0.01,23,22563,卖盘
935,13:25:12,9.82,0.01,33,32406,卖盘
936,13:25:08,9.81,-0.01,20,19620,卖盘
937,13:25:03,9.82,--,40,39280,卖盘
938,13:24:56,9.82,--,45,44190,买盘
939,13:24:53,9.82,--,1,982,买盘
940,13:24:48,9.82,--,32,31424,买盘
941,13:24:42,9.82,-0.01,82,80524,卖盘
942,13:24:38,9.83,--,37,36371,买盘
943,13:24:32,9.83,--,32,31456,买盘
944,13:24:27,9.83,--,14,13762,买盘
945,13:24:23,9.83,--,10,9830,买盘
946,13:24:18,9.83,--,61,59963,买盘
947,13:24:11,9.83,--,1,983,买盘
948,13:24:08,9.83,--,90,88470,买盘
949,13:23:57,9.83,--,1,983,买盘
950,13:23:53,9.83,--,8,7864,买盘
951,13:23:48,9.83,--,95,93385,卖盘
952,13:23:42,9.83,--,5,4915,卖盘
953,13:23:38,9.83,--,119,116977,卖盘
954,13:23:32,9.83,--,28,27524,卖盘
955,13:23:27,9.83,--,5,4915,卖盘
956,13:23:23,9.83,-0.01,271,266393,卖盘
957,13:23:18,9.84,--,2,1968,买盘
958,13:23:08,9.84,--,2,1968,买盘
959,13:23:03,9.84,-0.01,180,177120,卖盘
960,13:22:57,9.85,0.01,5,4925,买盘
961,13:22:53,9.84,-0.01,83,81672,卖盘
962,13:22:48,9.85,--,4,3940,买盘
963,13:22:41,9.85,--,30,29550,买盘
964,13:22:38,9.85,0.01,136,133960,买盘
965,13:22:33,9.84,-0.01,129,126936,卖盘
966,13:22:23,9.85,--,34,33490,买盘
967,13:22:12,9.85,-0.01,79,78790,卖盘
968,13:22:08,9.86,0.01,25,24650,买盘
969,13:22:03,9.85,-0.01,176,173360,卖盘
970,13:21:53,9.86,--,109,107474,买盘
971,13:21:48,9.86,--,73,71978,买盘
972,13:21:38,9.86,--,71,70006,买盘
973,13:21:32,9.86,--,87,85782,买盘
974,13:21:23,9.86,--,101,99586,卖盘
975,13:21:18,9.86,--,199,196214,卖盘
976,13:21:02,9.86,--,19,18734,卖盘
977,13:20:53,9.86,-0.01,150,147900,卖盘
978,13:20:48,9.87,--,20,19740,买盘
979,13:20:42,9.87,0.01,7,6908,买盘
980,13:20:38,9.86,-0.01,207,204102,卖盘
981,13:20:33,9.87,0.01,66,65141,买盘
982,13:20:26,9.86,-0.01,5,4930,卖盘
983,13:20:23,9.87,0.01,16,15791,买盘
984,13:20:18,9.86,-0.01,236,232696,卖盘
985,13:20:07,9.87,-0.01,536,529032,卖盘
986,13:20:03,9.88,--,133,131404,买盘
987,13:19:57,9.88,--,81,80028,买盘
988,13:19:53,9.88,0.01,14,13832,买盘
989,13:19:47,9.87,-0.01,110,108569,卖盘
990,13:19:42,9.88,0.01,10,9880,买盘
991,13:19:38,9.87,-0.01,54,53969,卖盘
992,13:19:33,9.88,--,27,26676,卖盘
993,13:19:27,9.88,--,71,70148,卖盘
994,13:19:22,9.88,--,224,221628,买盘
995,13:19:17,9.88,0.01,53,52364,买盘
996,13:19:11,9.87,-0.01,138,136206,卖盘
997,13:19:07,9.88,--,34,33592,买盘
998,13:19:03,9.88,0.01,39,38532,买盘
999,13:18:57,9.87,--,80,78960,卖盘
1000,13:18:52,9.87,-0.01,45,44415,卖盘
1001,13:18:48,9.88,0.02,52,51376,买盘
1002,13:18:41,9.86,-0.01,4,3944,卖盘
1003,13:18:36,9.87,0.01,2,1973,买盘
1004,13:18:33,9.86,--,16,15776,卖盘
1005,13:18:26,9.86,-0.02,5,4939,卖盘
1006,13:18:20,9.88,0.01,29,28652,买盘
1007,13:18:17,9.87,-0.01,183,180621,卖盘
1008,13:18:12,9.88,--,110,108680,买盘
1009,13:18:06,9.88,0.01,7,6916,买盘
1010,13:18:02,9.87,-0.01,14,13817,卖盘
1011,13:17:57,9.88,--,63,62244,买盘
1012,13:17:51,9.88,0.01,108,106704,买盘
1013,13:17:47,9.87,0.01,3,2960,买盘
1014,13:17:42,9.86,-0.02,112,110432,卖盘
1015,13:17:36,9.88,--,54,53352,买盘
1016,13:17:32,9.88,0.01,24,23712,买盘
1017,13:17:27,9.87,--,17,16779,买盘
1018,13:17:21,9.87,--,11,10857,买盘
1019,13:17:17,9.87,-0.01,13,12830,中性盘
1020,13:17:12,9.88,--,585,577980,买盘
1021,13:17:05,9.88,0.01,8,7904,买盘
1022,13:17:02,9.87,-0.01,20,19740,卖盘
1023,13:16:57,9.88,0.01,46,45448,买盘
1024,13:16:51,9.87,--,7,6908,买盘
1025,13:16:47,9.87,0.01,17,16779,买盘
1026,13:16:41,9.86,-0.02,25,24650,卖盘
1027,13:16:35,9.88,0.02,44,43472,买盘
1028,13:16:32,9.86,-0.02,3,2958,中性盘
1029,13:16:26,9.88,0.01,168,166191,买盘
1030,13:16:17,9.87,0.01,109,108362,买盘
1031,13:16:11,9.86,--,49,48314,买盘
1032,13:16:06,9.86,--,22,21692,买盘
1033,13:16:02,9.86,--,96,94656,买盘
1034,13:15:56,9.86,--,13,12818,买盘
1035,13:15:51,9.86,--,115,113597,卖盘
1036,13:15:47,9.86,--,213,210018,卖盘
1037,13:15:42,9.86,-0.01,36,35496,卖盘
1038,13:15:36,9.87,--,13,12830,卖盘
1039,13:15:32,9.87,-0.01,31,30596,买盘
1040,13:15:27,9.88,0.01,57,56316,买盘
1041,13:15:21,9.87,-0.01,10,9870,卖盘
1042,13:15:17,9.88,0.02,52,51376,买盘
1043,13:15:12,9.86,-0.01,260,256359,卖盘
1044,13:15:06,9.87,--,79,77973,买盘
1045,13:15:02,9.87,--,82,80934,买盘
1046,13:14:57,9.87,--,45,44415,买盘
1047,13:14:51,9.87,--,4,3947,买盘
1048,13:14:47,9.87,--,43,42441,买盘
1049,13:14:42,9.87,--,39,38493,买盘
1050,13:14:32,9.87,--,140,138959,买盘
1051,13:14:26,9.87,--,70,69090,买盘
1052,13:14:17,9.87,--,38,37506,买盘
1053,13:14:11,9.87,--,48,47375,买盘
1054,13:14:01,9.87,0.01,38,37506,买盘
1055,13:13:56,9.86,-0.01,102,100572,卖盘
1056,13:13:47,9.87,0.01,34,33558,买盘
1057,13:13:42,9.86,--,20,19720,卖盘
1058,13:13:32,9.86,--,1,986,卖盘
1059,13:13:26,9.86,-0.01,18,17748,卖盘
1060,13:13:17,9.87,0.01,35,34545,买盘
1061,13:13:11,9.86,--,36,35496,买盘
1062,13:13:06,9.86,-0.01,25,24650,中性盘
1063,13:13:01,9.87,--,103,101660,买盘
1064,13:12:56,9.87,--,21,20727,买盘
1065,13:12:51,9.87,0.01,30,29609,买盘
1066,13:12:46,9.86,--,47,46342,买盘
1067,13:12:41,9.86,-0.01,16,15776,卖盘
1068,13:12:35,9.87,--,10,9870,买盘
1069,13:12:31,9.87,--,41,40467,买盘
1070,13:12:27,9.87,--,42,41454,卖盘
1071,13:12:20,9.87,--,11,10857,买盘
1072,13:12:17,9.87,-0.01,1072,1058064,卖盘
1073,13:12:12,9.88,--,18,17784,买盘
1074,13:12:05,9.88,--,1,988,买盘
1075,13:12:02,9.88,0.01,218,215384,买盘
1076,13:11:57,9.87,--,75,74025,卖盘
1077,13:11:50,9.87,-0.01,50,49349,卖盘
1078,13:11:47,9.88,--,87,86904,买盘
1079,13:11:41,9.88,--,92,90896,买盘
1080,13:11:36,9.88,--,51,50388,买盘
1081,13:11:31,9.88,--,273,269724,买盘
1082,13:11:26,9.88,-0.01,274,270712,卖盘
1083,13:11:20,9.89,--,45,44505,买盘
1084,13:11:15,9.89,0.01,70,69230,买盘
1085,13:11:11,9.88,-0.01,3,2964,卖盘
1086,13:11:05,9.89,-0.01,6,5934,卖盘
1087,13:11:00,9.9,0.01,119,117810,买盘
1088,13:10:56,9.89,0.01,259,256151,买盘
1089,13:10:50,9.88,-0.01,190,187720,卖盘
1090,13:10:45,9.89,--,106,104834,卖盘
1091,13:10:41,9.89,--,307,303623,买盘
1092,13:10:35,9.89,--,420,415380,买盘
1093,13:10:30,9.89,0.01,124,122636,买盘
1094,13:10:26,9.88,--,66,65208,卖盘
1095,13:10:21,9.88,--,149,147212,买盘
1096,13:10:15,9.88,--,48,47424,买盘
1097,13:10:11,9.88,0.01,48,47424,买盘
1098,13:10:05,9.87,--,0,0,卖盘
1099,13:10:00,9.87,-0.01,163,160881,中性盘
1100,13:09:56,9.88,0.02,30,29640,买盘
1101,13:09:51,9.86,--,45,44370,卖盘
1102,13:09:45,9.86,--,36,35496,买盘
1103,13:09:41,9.86,--,27,26622,买盘
1104,13:09:36,9.86,0.01,66,65075,买盘
1105,13:09:30,9.85,--,1096,1079560,买盘
1106,13:09:26,9.85,--,254,250190,买盘
1107,13:09:20,9.85,--,953,938705,买盘
1108,13:09:14,9.85,0.01,569,560465,买盘
1109,13:09:11,9.84,-0.01,40,39360,卖盘
1110,13:09:05,9.85,--,74,72890,买盘
1111,13:09:00,9.85,--,45,44325,买盘
1112,13:08:56,9.85,--,149,146765,买盘
1113,13:08:50,9.85,--,453,446205,买盘
1114,13:08:44,9.85,--,143,140855,买盘
1115,13:08:41,9.85,0.01,559,550615,买盘
1116,13:08:35,9.84,-0.01,59,58056,卖盘
1117,13:08:29,9.85,--,20,19700,买盘
1118,13:08:26,9.85,0.01,215,211775,买盘
1119,13:08:20,9.84,0.01,146,143664,买盘
1120,13:08:15,9.83,--,0,0,中性盘
1121,13:08:11,9.83,-0.01,37,36371,中性盘
1122,13:08:05,9.84,0.01,35,34440,买盘
1123,13:07:59,9.83,-0.01,10,9830,卖盘
1124,13:07:56,9.84,0.04,76,74784,买盘
1125,13:07:50,9.8,-0.04,1113,1090740,卖盘
1126,13:07:44,9.84,-0.01,316,310944,卖盘
1127,13:07:41,9.85,--,69,67965,买盘
1128,13:07:36,9.85,-0.02,1693,1667605,卖盘
1129,13:07:29,9.87,--,52,51323,买盘
1130,13:07:26,9.87,--,158,155946,买盘
1131,13:07:20,9.87,--,68,67116,买盘
1132,13:07:14,9.87,--,19,18753,买盘
1133,13:07:11,9.87,--,53,52310,买盘
1134,13:07:05,9.87,0.01,320,315840,卖盘
1135,13:06:59,9.86,-0.01,140,138040,卖盘
1136,13:06:56,9.87,--,40,39480,卖盘
1137,13:06:50,9.87,-0.01,26,25661,卖盘
1138,13:06:44,9.88,0.01,13,12844,买盘
1139,13:06:41,9.87,0.01,211,208256,中性盘
1140,13:06:35,9.86,-0.02,90,88740,卖盘
1141,13:06:29,9.88,0.02,212,209456,买盘
1142,13:06:26,9.86,-0.02,71,70006,卖盘
1143,13:06:20,9.88,--,110,108680,买盘
1144,13:06:14,9.88,--,118,116584,买盘
1145,13:06:11,9.88,--,40,39520,买盘
1146,13:06:05,9.88,-0.01,18,17784,卖盘
1147,13:05:59,9.89,--,10,9890,买盘
1148,13:05:55,9.89,--,280,276920,卖盘
1149,13:05:50,9.89,-0.01,210,207690,卖盘
1150,13:05:40,9.9,-0.02,1336,1323234,卖盘
1151,13:05:35,9.92,--,208,206336,买盘
1152,13:05:29,9.92,0.01,7,6944,买盘
1153,13:05:25,9.91,-0.01,278,275498,卖盘
1154,13:05:20,9.92,-0.01,239,237088,卖盘
1155,13:05:14,9.93,--,88,87384,买盘
1156,13:05:10,9.93,--,105,104265,买盘
1157,13:05:05,9.93,-0.01,398,395214,卖盘
1158,13:04:59,9.94,--,70,69580,买盘
1159,13:04:55,9.94,-0.01,46,45724,中性盘
1160,13:04:50,9.95,--,358,356210,买盘
1161,13:04:44,9.95,--,96,95520,买盘
1162,13:04:40,9.95,--,380,378100,卖盘
1163,13:04:35,9.95,-0.01,233,231834,卖盘
1164,13:04:29,9.96,0.01,94,93624,买盘
1165,13:04:25,9.95,--,167,166165,买盘
1166,13:04:20,9.95,--,116,115419,买盘
1167,13:04:14,9.95,0.01,183,182085,中性盘
1168,13:04:08,9.94,-0.01,197,195818,卖盘
1169,13:04:05,9.95,0.02,423,420884,买盘
1170,13:03:59,9.93,--,671,666303,卖盘
1171,13:03:53,9.93,-0.01,160,158880,卖盘
1172,13:03:50,9.94,0.01,179,177926,买盘
1173,13:03:44,9.93,--,461,457773,卖盘
1174,13:03:38,9.93,--,109,108237,买盘
1175,13:03:35,9.93,-0.01,216,214488,卖盘
1176,13:03:29,9.94,--,270,268380,买盘
1177,13:03:23,9.94,0.01,79,78526,买盘
1178,13:03:20,9.93,--,82,81426,买盘
1179,13:03:14,9.93,0.02,90,89370,买盘
1180,13:03:05,9.91,0.01,49,48559,中性盘
1181,13:02:59,9.9,-0.01,1199,1187010,卖盘
1182,13:02:53,9.91,--,350,346850,买盘
1183,13:02:50,9.91,0.01,37,36667,买盘
1184,13:02:44,9.9,-0.01,104,103356,卖盘
1185,13:02:38,9.91,0.01,205,203155,买盘
1186,13:02:35,9.9,--,746,738540,买盘
1187,13:02:29,9.9,--,487,482130,买盘
1188,13:02:23,9.9,--,526,520740,买盘
1189,13:02:20,9.9,--,166,164340,买盘
1190,13:02:14,9.9,--,163,161370,买盘
1191,13:02:08,9.9,0.01,217,214830,买盘
1192,13:02:05,9.89,0.01,251,248239,买盘
1193,13:01:59,9.88,--,212,209456,卖盘
1194,13:01:53,9.88,-0.01,64,63232,卖盘
1195,13:01:50,9.89,0.02,572,565708,买盘
1196,13:01:44,9.87,-0.01,320,315840,卖盘
1197,13:01:38,9.88,0.01,92,90896,买盘
1198,13:01:35,9.87,--,173,170751,买盘
1199,13:01:29,9.87,--,87,85869,买盘
1200,13:01:23,9.87,-0.01,14,13817,买盘
1201,13:01:20,9.88,0.03,391,386308,买盘
1202,13:01:14,9.85,--,323,318155,买盘
1203,13:01:08,9.85,--,2,1970,买盘
1204,13:01:05,9.85,0.02,83,81755,买盘
1205,13:00:59,9.83,0.01,307,301781,买盘
1206,13:00:53,9.82,0.02,32,31424,买盘
1207,13:00:50,9.8,-0.02,79,77420,卖盘
1208,13:00:44,9.82,0.02,183,179755,买盘
1209,13:00:38,9.8,--,152,148960,买盘
1210,13:00:35,9.8,--,57,55860,买盘
1211,13:00:29,9.8,--,666,652680,买盘
1212,13:00:23,9.8,--,20,19600,买盘
1213,13:00:20,9.8,0.04,126,123480,买盘
1214,13:00:14,9.76,-0.01,148,144448,卖盘
1215,13:00:08,9.77,-0.02,267,260859,卖盘
1216,13:00:05,9.79,0.05,3686,3608593,买盘
1217,11:30:00,9.74,--,0,0,卖盘
1218,11:29:59,9.74,--,0,0,卖盘
1219,11:29:46,9.74,-0.01,32,31168,卖盘
1220,11:29:37,9.75,-0.01,25,24375,买盘
1221,11:29:21,9.76,--,5,4880,买盘
1222,11:29:15,9.76,--,249,243024,买盘
1223,11:29:06,9.76,--,26,25376,买盘
1224,11:29:01,9.76,--,8,7808,卖盘
1225,11:28:56,9.76,--,13,12688,买盘
1226,11:28:51,9.76,-0.01,35,34160,中性盘
1227,11:28:46,9.77,--,176,171952,买盘
1228,11:28:41,9.77,--,12,11724,买盘
1229,11:28:30,9.77,--,6,5862,买盘
1230,11:28:21,9.77,0.01,257,251089,买盘
1231,11:28:11,9.76,--,52,50752,卖盘
1232,11:28:06,9.76,-0.01,126,122976,卖盘
1233,11:27:46,9.77,--,133,129941,卖盘
1234,11:27:39,9.77,--,10,9770,卖盘
1235,11:27:36,9.77,--,48,46896,卖盘
1236,11:27:30,9.77,--,6,5862,卖盘
1237,11:27:24,9.77,--,50,48850,卖盘
1238,11:27:21,9.77,0.01,247,241319,买盘
1239,11:27:15,9.76,-0.01,5,4880,卖盘
1240,11:27:09,9.77,0.01,31,30287,买盘
1241,11:27:06,9.76,-0.01,20,19520,卖盘
1242,11:26:55,9.77,--,8,7816,买盘
1243,11:26:51,9.77,0.01,50,48850,买盘
1244,11:26:45,9.76,0.01,230,224480,中性盘
1245,11:26:30,9.75,-0.03,2,1950,卖盘
1246,11:26:24,9.78,0.01,104,101712,买盘
1247,11:26:21,9.77,0.02,5,4885,买盘
1248,11:26:16,9.75,-0.03,9,8775,卖盘
1249,11:26:06,9.78,--,0,0,买盘
1250,11:25:54,9.78,--,45,44010,买盘
1251,11:25:51,9.78,--,1,977,买盘
1252,11:25:45,9.78,--,0,0,买盘
1253,11:25:39,9.78,0.02,300,293400,买盘
1254,11:25:24,9.76,--,5,4880,买盘
1255,11:25:21,9.76,--,0,0,买盘
1256,11:25:15,9.76,0.01,21,20496,买盘
1257,11:25:09,9.75,0.01,20,19500,卖盘
1258,11:25:06,9.74,-0.02,63,61362,卖盘
1259,11:25:00,9.76,0.02,16,15616,买盘
1260,11:24:54,9.74,-0.01,60,58440,卖盘
1261,11:24:51,9.75,--,72,71048,买盘
1262,11:24:46,9.75,--,10,9750,买盘
1263,11:24:39,9.75,--,3,2925,买盘
1264,11:24:36,9.75,--,95,92751,卖盘
1265,11:24:30,9.75,--,5,4875,卖盘
1266,11:24:21,9.75,-0.01,36,35100,卖盘
1267,11:24:15,9.76,--,12,12561,买盘
1268,11:24:09,9.76,0.01,3,2928,买盘
1269,11:24:06,9.75,-0.01,19,18525,卖盘
1270,11:23:54,9.76,--,20,19520,买盘
1271,11:23:45,9.76,--,20,19520,卖盘
1272,11:23:40,9.76,-0.01,126,122976,卖盘
1273,11:23:35,9.77,--,16,15632,卖盘
1274,11:23:30,9.77,--,20,19540,卖盘
1275,11:23:24,9.77,-0.01,75,73275,卖盘
1276,11:23:20,9.78,0.02,116,113447,买盘
1277,11:23:15,9.76,--,178,173728,卖盘
1278,11:23:09,9.76,-0.01,19,18544,卖盘
1279,11:23:05,9.77,0.01,40,39080,买盘
1280,11:22:54,9.76,-0.01,50,48800,卖盘
1281,11:22:51,9.77,0.02,232,226664,买盘
1282,11:22:45,9.75,--,0,0,卖盘
1283,11:22:39,9.75,-0.01,201,195975,卖盘
1284,11:22:35,9.76,--,31,30256,卖盘
1285,11:22:30,9.76,0.01,76,74176,买盘
1286,11:22:20,9.75,--,694,677137,买盘
1287,11:22:15,9.75,--,67,65325,买盘
1288,11:22:09,9.75,--,220,214500,买盘
1289,11:22:05,9.75,--,55,53625,买盘
1290,11:22:00,9.75,--,20,19500,买盘
1291,11:21:54,9.75,--,42,40950,买盘
1292,11:21:49,9.75,0.01,7,6825,买盘
1293,11:21:45,9.74,--,10,9740,卖盘
1294,11:21:39,9.74,--,55,53570,卖盘
1295,11:21:35,9.74,--,145,141230,卖盘
1296,11:21:30,9.74,--,3,2922,卖盘
1297,11:21:24,9.74,--,79,76946,卖盘
1298,11:21:15,9.74,--,6,5844,买盘
1299,11:21:09,9.74,--,100,97400,买盘
1300,11:21:05,9.74,--,10,9740,买盘
1301,11:21:00,9.74,0.01,6,5844,买盘
1302,11:20:54,9.73,-0.01,9,8757,卖盘
1303,11:20:48,9.74,--,5,4870,卖盘
1304,11:20:45,9.74,--,65,63310,买盘
1305,11:20:39,9.74,--,108,105192,卖盘
1306,11:20:33,9.74,-0.01,33,32142,卖盘
1307,11:20:30,9.75,--,117,114075,买盘
1308,11:20:24,9.75,0.01,32,31200,买盘
1309,11:20:18,9.74,-0.01,73,71102,卖盘
1310,11:20:15,9.75,--,65,63375,买盘
1311,11:20:09,9.75,--,19,18525,买盘
1312,11:20:00,9.75,-0.01,582,567450,卖盘
1313,11:19:54,9.76,0.01,23,22448,买盘
1314,11:19:48,9.75,0.01,10,9750,卖盘
1315,11:19:45,9.74,--,0,0,卖盘
1316,11:19:39,9.74,-0.01,169,164606,卖盘
1317,11:19:33,9.75,--,6,5850,卖盘
1318,11:19:30,9.75,--,36,35100,买盘
1319,11:19:24,9.75,0.01,48,46800,买盘
1320,11:19:18,9.74,-0.01,233,226942,卖盘
1321,11:19:15,9.75,--,5,4875,买盘
1322,11:19:09,9.75,-0.01,77,75075,卖盘
1323,11:19:03,9.76,-0.01,73,71248,中性盘
1324,11:19:00,9.77,0.01,166,162182,买盘
1325,11:18:54,9.76,-0.01,117,114192,卖盘
1326,11:18:48,9.77,0.01,23,22471,买盘
1327,11:18:45,9.76,-0.01,878,856928,卖盘
1328,11:18:39,9.77,--,121,118217,买盘
1329,11:18:33,9.77,-0.01,148,144596,卖盘
1330,11:18:30,9.78,--,162,158436,买盘
1331,11:18:24,9.78,--,378,369684,卖盘
1332,11:18:15,9.78,-0.01,43,42054,卖盘
1333,11:18:09,9.79,--,285,279015,买盘
1334,11:18:03,9.79,0.01,10,9790,买盘
1335,11:18:00,9.78,-0.02,43,42054,卖盘
1336,11:17:54,9.8,0.01,97,95060,买盘
1337,11:17:48,9.79,--,10,9790,卖盘
1338,11:17:45,9.79,--,177,173282,买盘
1339,11:17:39,9.79,0.01,130,127269,买盘
1340,11:17:33,9.78,--,173,169194,买盘
1341,11:17:30,9.78,--,90,88020,卖盘
1342,11:17:24,9.78,0.01,15,14669,中性盘
1343,11:17:18,9.77,-0.02,468,457236,卖盘
1344,11:17:15,9.79,0.01,26,25453,买盘
1345,11:17:09,9.78,0.01,629,615651,买盘
1346,11:17:03,9.77,-0.01,41,40057,卖盘
1347,11:16:59,9.78,0.01,87,85086,买盘
1348,11:16:54,9.77,--,46,44942,卖盘
1349,11:16:48,9.77,--,40,39080,卖盘
1350,11:16:45,9.77,0.01,333,325350,买盘
1351,11:16:39,9.76,-0.01,119,116144,卖盘
1352,11:16:33,9.77,--,7,6839,买盘
1353,11:16:29,9.77,--,22,21494,买盘
1354,11:16:24,9.77,0.01,1,977,买盘
1355,11:16:14,9.76,-0.01,169,164944,卖盘
1356,11:16:09,9.77,0.01,27,26379,买盘
1357,11:16:03,9.76,--,20,19520,卖盘
1358,11:15:59,9.76,--,30,29280,卖盘
1359,11:15:54,9.76,--,123,120048,卖盘
1360,11:15:48,9.76,--,75,73200,买盘
1361,11:15:44,9.76,--,154,150304,买盘
1362,11:15:39,9.76,--,125,122000,买盘
1363,11:15:33,9.76,--,80,78080,买盘
1364,11:15:29,9.76,--,43,41968,买盘
1365,11:15:24,9.76,--,54,52704,买盘
1366,11:15:18,9.76,--,28,27328,买盘
1367,11:15:14,9.76,0.01,3,2928,买盘
1368,11:15:09,9.75,--,145,141375,卖盘
1369,11:15:03,9.75,0.01,585,571057,买盘
1370,11:14:59,9.74,-0.01,105,102270,卖盘
1371,11:14:54,9.75,--,20,19500,买盘
1372,11:14:48,9.75,--,64,62400,买盘
1373,11:14:44,9.75,0.02,209,203775,买盘
1374,11:14:39,9.73,--,17,16541,中性盘
1375,11:14:33,9.73,--,1242,1208466,买盘
1376,11:14:29,9.73,0.01,64,62272,买盘
1377,11:14:24,9.72,-0.01,136,132192,卖盘
1378,11:14:18,9.73,--,110,107030,买盘
1379,11:14:14,9.73,0.01,131,127463,买盘
1380,11:14:09,9.72,-0.01,41,39852,卖盘
1381,11:14:03,9.73,0.02,425,414021,买盘
1382,11:13:54,9.71,--,57,55347,卖盘
1383,11:13:48,9.71,0.01,538,522465,买盘
1384,11:13:39,9.7,--,98,95060,卖盘
1385,11:13:27,9.7,--,131,127069,卖盘
1386,11:13:24,9.7,--,5,4850,卖盘
1387,11:13:18,9.7,--,167,161990,卖盘
1388,11:13:12,9.7,0.01,151,146470,买盘
1389,11:13:09,9.69,-0.01,26,25194,卖盘
1390,11:13:03,9.7,--,19,18430,卖盘
1391,11:12:57,9.7,0.02,31,30069,买盘
1392,11:12:54,9.68,-0.02,284,274912,卖盘
1393,11:12:48,9.7,0.01,236,228919,买盘
1394,11:12:42,9.69,0.01,37,35853,卖盘
1395,11:12:39,9.68,-0.02,200,193600,卖盘
1396,11:12:33,9.7,0.01,565,548050,买盘
1397,11:12:27,9.69,--,58,56202,买盘
1398,11:12:24,9.69,--,51,49419,买盘
1399,11:12:18,9.69,0.01,50,48450,买盘
1400,11:12:12,9.68,-0.01,19,18392,卖盘
1401,11:12:09,9.69,--,10,9690,买盘
1402,11:12:03,9.69,0.01,186,180234,中性盘
1403,11:11:57,9.68,-0.02,82,79376,卖盘
1404,11:11:54,9.7,0.02,348,337560,买盘
1405,11:11:42,9.68,-0.02,32,30976,卖盘
1406,11:11:39,9.7,-0.01,345,334650,卖盘
1407,11:11:33,9.71,0.03,123,119433,买盘
1408,11:11:27,9.68,-0.03,212,205216,卖盘
1409,11:11:24,9.71,0.01,150,145650,买盘
1410,11:11:18,9.7,--,226,219219,卖盘
1411,11:11:12,9.7,--,57,55289,买盘
1412,11:11:09,9.7,0.01,116,112519,中性盘
1413,11:11:03,9.69,-0.01,269,260661,卖盘
1414,11:10:57,9.7,-0.01,20,19400,卖盘
1415,11:10:54,9.71,--,303,294213,买盘
1416,11:10:48,9.71,0.01,190,184490,买盘
1417,11:10:42,9.7,-0.01,130,126099,买盘
1418,11:10:39,9.71,0.01,319,309749,买盘
1419,11:10:33,9.7,--,235,227949,卖盘
1420,11:10:27,9.7,-0.01,59,57229,卖盘
1421,11:10:24,9.71,0.01,68,66028,买盘
1422,11:10:18,9.7,-0.01,154,149380,卖盘
1423,11:10:12,9.71,--,110,106810,买盘
1424,11:10:09,9.71,--,275,267025,买盘
1425,11:10:03,9.71,0.01,133,129143,买盘
1426,11:09:57,9.7,-0.01,45,43650,卖盘
1427,11:09:54,9.71,--,21,20391,买盘
1428,11:09:48,9.71,--,80,77680,卖盘
1429,11:09:42,9.71,--,142,137882,买盘
1430,11:09:39,9.71,--,30,29130,买盘
1431,11:09:33,9.71,--,234,227214,买盘
1432,11:09:27,9.71,--,116,112636,卖盘
1433,11:09:24,9.71,--,405,393255,卖盘
1434,11:09:18,9.71,--,27,26217,卖盘
1435,11:09:12,9.71,0.01,58,56318,买盘
1436,11:09:08,9.7,--,109,105729,卖盘
1437,11:09:03,9.7,-0.01,494,479179,卖盘
1438,11:08:57,9.71,--,240,233040,买盘
1439,11:08:54,9.71,0.01,260,252460,买盘
1440,11:08:48,9.7,--,150,145500,卖盘
1441,11:08:42,9.7,--,671,650870,买盘
1442,11:08:38,9.7,0.01,154,149380,买盘
1443,11:08:33,9.69,-0.01,227,219963,卖盘
1444,11:08:27,9.7,--,18,17460,买盘
1445,11:08:23,9.7,0.01,150,145500,买盘
1446,11:08:18,9.69,--,164,158916,买盘
1447,11:08:12,9.69,-0.01,41,39729,中性盘
1448,11:08:08,9.7,0.01,392,380240,买盘
1449,11:08:03,9.69,--,116,112404,卖盘
1450,11:07:57,9.69,--,2,1938,卖盘
1451,11:07:53,9.69,0.01,102,98838,买盘
1452,11:07:48,9.68,--,222,214896,卖盘
1453,11:07:42,9.68,0.01,89,86152,买盘
1454,11:07:38,9.67,--,56,54152,卖盘
1455,11:07:33,9.67,--,336,325762,卖盘
1456,11:07:27,9.67,-0.01,112,108304,中性盘
1457,11:07:23,9.68,0.01,112,108416,买盘
1458,11:07:18,9.67,--,67,64789,买盘
1459,11:07:08,9.67,0.02,56,54152,买盘
1460,11:07:03,9.65,--,310,299150,卖盘
1461,11:06:57,9.65,--,25,24125,卖盘
1462,11:06:53,9.65,--,161,156223,买盘
1463,11:06:48,9.65,--,404,389860,买盘
1464,11:06:42,9.65,0.01,85,82025,买盘
1465,11:06:36,9.64,0.01,20,19280,买盘
1466,11:06:33,9.63,-0.01,103,99189,卖盘
1467,11:06:27,9.64,0.01,190,183160,买盘
1468,11:06:21,9.63,--,21,20223,卖盘
1469,11:06:18,9.63,0.01,147,141561,买盘
1470,11:06:03,9.62,--,192,184703,买盘
1471,11:05:57,9.62,--,265,254929,买盘
1472,11:05:48,9.62,--,292,280904,买盘
1473,11:05:42,9.62,--,135,129869,买盘
1474,11:05:36,9.62,--,37,35594,买盘
1475,11:05:33,9.62,--,226,217411,买盘
1476,11:05:27,9.62,0.01,59,56757,买盘
1477,11:05:21,9.61,-0.01,143,137423,卖盘
1478,11:05:18,9.62,0.02,4,3847,买盘
1479,11:05:12,9.6,-0.01,115,110400,卖盘
1480,11:05:06,9.61,--,20,19220,卖盘
1481,11:05:03,9.61,--,45,43341,买盘
1482,11:04:57,9.61,0.01,217,208537,买盘
1483,11:04:51,9.6,-0.01,3,2880,卖盘
1484,11:04:48,9.61,0.01,77,73997,买盘
1485,11:04:42,9.6,0.01,35,33600,买盘
1486,11:04:33,9.59,-0.01,50,47950,卖盘
1487,11:04:27,9.6,-0.01,186,178560,卖盘
1488,11:04:21,9.61,0.01,20,19220,买盘
1489,11:04:18,9.6,-0.01,5,4800,卖盘
1490,11:04:12,9.61,0.01,10,9610,买盘
1491,11:04:06,9.6,--,16,15360,卖盘
1492,11:03:57,9.6,--,50,48000,卖盘
1493,11:03:48,9.6,--,23,22080,卖盘
1494,11:03:42,9.6,--,22,21120,买盘
1495,11:03:33,9.6,0.01,249,239155,买盘
1496,11:03:27,9.59,--,25,23975,卖盘
1497,11:03:21,9.59,--,10,9590,卖盘
1498,11:03:18,9.59,--,30,28770,卖盘
1499,11:03:12,9.59,--,72,69048,卖盘
1500,11:03:06,9.59,--,30,28770,卖盘
1501,11:03:03,9.59,--,590,565810,卖盘
1502,11:02:57,9.59,--,94,90146,卖盘
1503,11:02:51,9.59,--,30,28770,卖盘
1504,11:02:48,9.59,--,101,96859,卖盘
1505,11:02:36,9.59,--,20,19180,卖盘
1506,11:02:32,9.59,-0.01,33,31647,卖盘
1507,11:02:27,9.6,--,32,30720,买盘
1508,11:02:21,9.6,--,12,12364,卖盘
1509,11:02:17,9.6,--,310,297600,卖盘
1510,11:02:12,9.6,--,157,150720,卖盘
1511,11:02:02,9.6,--,130,124800,卖盘
1512,11:01:57,9.6,--,10,9600,卖盘
1513,11:01:51,9.6,--,43,41280,卖盘
1514,11:01:47,9.6,-0.01,50,48000,卖盘
1515,11:01:42,9.61,0.01,78,74958,买盘
1516,11:01:32,9.6,--,19,18240,卖盘
1517,11:01:27,9.6,--,55,52800,卖盘
1518,11:01:12,9.6,-0.01,124,119040,卖盘
1519,11:01:06,9.61,--,24,23064,卖盘
1520,11:01:02,9.61,--,53,50933,卖盘
1521,11:00:57,9.61,--,28,26908,买盘
1522,11:00:42,9.61,--,5,4805,卖盘
1523,11:00:32,9.61,--,143,137423,卖盘
1524,11:00:27,9.61,--,90,86490,卖盘
1525,11:00:21,9.61,--,51,49011,卖盘
1526,11:00:17,9.61,-0.01,248,238328,卖盘
1527,11:00:12,9.62,0.01,20,19240,买盘
1528,11:00:06,9.61,-0.01,80,76880,卖盘
1529,11:00:02,9.62,0.01,30,28859,买盘
1530,10:59:47,9.61,--,16,15376,卖盘
1531,10:59:42,9.61,--,72,69192,卖盘
1532,10:59:36,9.61,--,56,53816,卖盘
1533,10:59:32,9.61,--,20,19220,卖盘
1534,10:59:27,9.61,--,15,14415,卖盘
1535,10:59:12,9.61,--,24,23064,买盘
1536,10:59:06,9.61,-0.01,2,1922,买盘
1537,10:58:51,9.62,--,0,0,买盘
1538,10:58:45,9.62,0.02,20,19240,买盘
1539,10:58:41,9.6,-0.01,36,34560,卖盘
1540,10:58:36,9.61,--,58,55738,卖盘
1541,10:58:27,9.61,--,5,4805,卖盘
1542,10:58:21,9.61,-0.01,80,76880,卖盘
1543,10:58:15,9.62,0.01,22,21164,买盘
1544,10:58:12,9.61,--,6,5766,卖盘
1545,10:58:06,9.61,--,195,187395,卖盘
1546,10:58:00,9.61,--,5,4805,卖盘
1547,10:57:57,9.61,--,737,708257,卖盘
1548,10:57:51,9.61,--,34,32673,卖盘
1549,10:57:45,9.61,-0.01,110,105710,卖盘
1550,10:57:30,9.62,--,1,961,买盘
1551,10:57:26,9.62,0.01,1,961,买盘
1552,10:57:21,9.61,--,10,9610,卖盘
1553,10:57:15,9.61,--,89,85529,卖盘
1554,10:57:06,9.61,--,276,265553,卖盘
1555,10:57:00,9.61,--,28,26908,卖盘
1556,10:56:56,9.61,--,19,18259,卖盘
1557,10:56:45,9.61,--,13,12493,卖盘
1558,10:56:41,9.61,--,26,24986,买盘
1559,10:56:35,9.61,--,1,961,买盘
1560,10:56:30,9.61,--,20,19220,买盘
1561,10:56:26,9.61,--,82,78802,买盘
1562,10:56:20,9.61,--,1,961,买盘
1563,10:56:15,9.61,--,20,19220,买盘
1564,10:56:11,9.61,0.01,122,117242,买盘
1565,10:56:06,9.6,-0.01,25,24000,卖盘
1566,10:55:56,9.61,--,141,135501,买盘
1567,10:55:41,9.61,-0.01,59,56699,卖盘
1568,10:55:30,9.62,0.01,5,4810,买盘
1569,10:55:26,9.61,--,7,6727,卖盘
1570,10:55:21,9.61,--,84,80724,卖盘
1571,10:55:15,9.61,0.01,112,107632,买盘
1572,10:54:56,9.6,--,29,27840,卖盘
1573,10:54:41,9.6,-0.01,10,9600,卖盘
1574,10:54:26,9.61,0.01,23,22103,买盘
1575,10:54:21,9.6,-0.01,97,93120,卖盘
1576,10:54:15,9.61,--,10,9610,买盘
1577,10:54:11,9.61,--,126,121086,卖盘
1578,10:54:05,9.61,-0.01,178,171058,卖盘
1579,10:54:00,9.62,0.01,2,1923,买盘
1580,10:53:56,9.61,--,47,45167,卖盘
1581,10:53:51,9.61,-0.01,4,3844,卖盘
1582,10:53:45,9.62,0.01,50,48099,买盘
1583,10:53:30,9.61,0.01,11,10571,买盘
1584,10:53:26,9.6,-0.01,56,53760,卖盘
1585,10:53:21,9.61,--,200,192200,买盘
1586,10:53:15,9.61,0.01,4,3844,买盘
1587,10:52:56,9.6,--,30,28800,卖盘
1588,10:52:45,9.6,-0.01,14,14083,卖盘
1589,10:52:41,9.61,0.01,5,4805,中性盘
1590,10:52:36,9.6,--,907,870720,卖盘
1591,10:52:30,9.6,-0.01,26,24960,卖盘
1592,10:52:14,9.61,0.01,197,189317,买盘
1593,10:52:10,9.6,-0.01,174,167040,卖盘
1594,10:52:06,9.61,0.01,20,19220,买盘
1595,10:52:00,9.6,--,20,19200,卖盘
1596,10:51:56,9.6,--,21,20160,卖盘
1597,10:51:51,9.6,--,99,95040,卖盘
1598,10:51:45,9.6,--,25,24000,卖盘
1599,10:51:39,9.6,--,23,22080,卖盘
1600,10:51:30,9.6,--,63,60480,卖盘
1601,10:51:24,9.6,-0.01,17,16320,卖盘
1602,10:51:21,9.61,0.01,58,55738,买盘
1603,10:51:15,9.6,-0.01,84,80640,卖盘
1604,10:51:06,9.61,0.01,5,4805,买盘
1605,10:51:00,9.6,-0.01,272,261120,卖盘
1606,10:50:50,9.61,--,129,123968,买盘
1607,10:50:38,9.61,--,19,18259,买盘
1608,10:50:20,9.61,--,67,64386,买盘
1609,10:50:15,9.61,-0.01,97,93217,卖盘
1610,10:50:09,9.62,0.01,10,9620,买盘
1611,10:50:05,9.61,--,42,40362,卖盘
1612,10:50:00,9.61,-0.01,81,77841,卖盘
1613,10:49:50,9.62,--,312,300144,买盘
1614,10:49:45,9.62,0.02,5,4810,买盘
1615,10:49:39,9.6,-0.01,2000,1920000,卖盘
1616,10:49:35,9.61,-0.01,4,3844,卖盘
1617,10:49:30,9.62,--,30,28859,买盘
1618,10:49:24,9.62,0.01,1,961,买盘
1619,10:49:20,9.61,-0.01,1,1518,卖盘
1620,10:49:15,9.62,0.01,188,180855,买盘
1621,10:49:05,9.61,-0.01,18,17298,卖盘
1622,10:49:00,9.62,0.01,105,101009,买盘
1623,10:48:50,9.61,--,18,17298,买盘
1624,10:48:45,9.61,--,3,2883,买盘
1625,10:48:39,9.61,0.01,10,9610,买盘
1626,10:48:35,9.6,-0.01,38,36480,卖盘
1627,10:48:30,9.61,--,83,79763,买盘
1628,10:48:24,9.61,--,5,4805,买盘
1629,10:48:20,9.61,--,130,124929,买盘
1630,10:48:09,9.61,--,34,32673,买盘
1631,10:48:00,9.61,--,53,50933,卖盘
1632,10:47:50,9.61,--,54,51894,卖盘
1633,10:47:45,9.61,--,15,14415,卖盘
1634,10:47:39,9.61,--,17,16336,卖盘
1635,10:47:35,9.61,--,38,37344,买盘
1636,10:47:30,9.61,0.01,60,57660,买盘
1637,10:47:24,9.6,-0.01,155,148800,卖盘
1638,10:47:20,9.61,--,108,103922,卖盘
1639,10:47:15,9.61,--,540,519766,买盘
1640,10:47:09,9.61,0.01,167,160487,买盘
1641,10:47:05,9.6,-0.01,66,63360,卖盘
1642,10:47:00,9.61,--,66,63425,买盘
1643,10:46:54,9.61,--,151,145111,买盘
1644,10:46:50,9.61,0.01,700,672700,买盘
1645,10:46:45,9.6,-0.03,300,288134,卖盘
1646,10:46:35,9.63,0.01,166,159858,买盘
1647,10:46:30,9.62,0.01,72,69264,买盘
1648,10:46:24,9.61,--,0,0,卖盘
1649,10:46:20,9.61,-0.01,24,23064,卖盘
1650,10:46:05,9.62,--,529,508897,卖盘
1651,10:45:54,9.62,--,21,21029,买盘
1652,10:45:50,9.62,0.01,2,1923,买盘
1653,10:45:45,9.61,--,303,291183,卖盘
1654,10:45:39,9.61,-0.01,8,7688,卖盘
1655,10:45:35,9.62,0.01,186,178932,买盘
1656,10:45:29,9.61,--,15,14415,卖盘
1657,10:45:24,9.61,--,56,53816,卖盘
1658,10:45:20,9.61,--,13,12493,卖盘
1659,10:45:05,9.61,0.01,38,36518,买盘
1660,10:45:00,9.6,-0.01,10,9600,卖盘
1661,10:44:54,9.61,--,135,129734,买盘
1662,10:44:50,9.61,0.01,186,178746,买盘
1663,10:44:38,9.6,-0.01,2,1920,卖盘
1664,10:44:30,9.61,--,50,48050,买盘
1665,10:44:20,9.61,--,3,2883,买盘
1666,10:44:15,9.61,--,8,7688,买盘
1667,10:44:08,9.61,--,5,4805,买盘
1668,10:44:00,9.61,--,156,149916,卖盘
1669,10:43:49,9.61,-0.01,64,61504,中性盘
1670,10:43:45,9.62,0.01,79,75998,买盘
1671,10:43:39,9.61,--,338,324818,卖盘
1672,10:43:33,9.61,--,28,26908,卖盘
1673,10:43:30,9.61,--,26,24986,卖盘
1674,10:43:18,9.61,--,15,15068,卖盘
1675,10:43:15,9.61,--,57,54777,卖盘
1676,10:43:09,9.61,--,125,120125,卖盘
1677,10:43:03,9.61,--,201,193161,卖盘
1678,10:42:59,9.61,--,2,1922,卖盘
1679,10:42:54,9.61,-0.01,500,480500,卖盘
1680,10:42:48,9.62,--,30,28859,买盘
1681,10:42:32,9.62,--,295,283924,卖盘
1682,10:42:24,9.62,--,200,192399,卖盘
1683,10:42:14,9.62,--,0,0,卖盘
1684,10:42:09,9.62,-0.01,514,494467,卖盘
1685,10:42:03,9.63,--,20,19260,卖盘
1686,10:41:59,9.63,-0.01,15,14445,卖盘
1687,10:41:48,9.64,0.01,8,7712,买盘
1688,10:41:39,9.63,--,25,24075,卖盘
1689,10:41:33,9.63,--,23,22553,中性盘
1690,10:41:29,9.63,--,50,48150,买盘
1691,10:41:24,9.63,--,29,27927,卖盘
1692,10:41:08,9.63,--,9,8667,卖盘
1693,10:40:59,9.63,--,9,8667,卖盘
1694,10:40:53,9.63,-0.01,100,96300,卖盘
1695,10:40:44,9.64,0.01,9,8676,买盘
1696,10:40:38,9.63,--,10,9630,卖盘
1697,10:40:32,9.63,--,5,4815,卖盘
1698,10:40:29,9.63,--,5,4815,卖盘
1699,10:40:18,9.63,--,6,5778,卖盘
1700,10:40:09,9.63,0.01,53,51039,买盘
1701,10:40:03,9.62,--,1,961,卖盘
1702,10:39:59,9.62,--,5,4810,卖盘
1703,10:39:54,9.62,-0.01,45,43290,卖盘
1704,10:39:38,9.63,--,22,21186,买盘
1705,10:39:33,9.63,--,65,62595,卖盘
1706,10:39:23,9.63,--,160,154080,卖盘
1707,10:39:18,9.63,-0.01,109,104967,卖盘
1708,10:39:14,9.64,--,14,13496,卖盘
1709,10:39:09,9.64,--,49,47236,卖盘
1710,10:39:02,9.64,--,16,15424,买盘
1711,10:38:48,9.64,--,4,3856,卖盘
1712,10:38:44,9.64,--,21,20244,卖盘
1713,10:38:39,9.64,0.01,8,7712,买盘
1714,10:38:32,9.63,-0.01,20,19260,卖盘
1715,10:38:24,9.64,-0.01,102,98328,卖盘
1716,10:38:18,9.65,0.01,44,42460,买盘
1717,10:38:14,9.64,--,2,1928,卖盘
1718,10:38:08,9.64,-0.01,1,964,卖盘
1719,10:37:59,9.65,0.01,43,41495,买盘
1720,10:37:48,9.64,-0.01,47,45308,卖盘
1721,10:37:44,9.65,0.01,38,36670,买盘
1722,10:37:38,9.64,0.01,44,42416,买盘
1723,10:37:29,9.63,--,0,0,卖盘
1724,10:37:23,9.63,-0.01,86,82818,卖盘
1725,10:37:18,9.64,--,30,28920,卖盘
1726,10:37:14,9.64,0.01,100,96400,买盘
1727,10:37:09,9.63,-0.01,34,32742,卖盘
1728,10:37:03,9.64,--,9,8676,买盘
1729,10:36:59,9.64,--,11,10604,买盘
1730,10:36:54,9.64,--,22,21208,卖盘
1731,10:36:44,9.64,0.01,61,58804,卖盘
1732,10:36:38,9.63,--,0,0,卖盘
1733,10:36:33,9.63,--,6,5778,卖盘
1734,10:36:29,9.63,--,74,71262,买盘
1735,10:36:23,9.63,--,33,31779,卖盘
1736,10:36:18,9.63,--,75,72225,卖盘
1737,10:36:09,9.63,-0.01,100,96300,卖盘
1738,10:36:02,9.64,0.01,142,136888,买盘
1739,10:35:48,9.63,--,44,42372,卖盘
1740,10:35:38,9.63,--,95,91485,卖盘
1741,10:35:32,9.63,--,10,9630,卖盘
1742,10:35:23,9.63,--,5,4815,卖盘
1743,10:35:08,9.63,--,12,11556,买盘
1744,10:35:03,9.63,--,530,510390,卖盘
1745,10:34:57,9.63,--,68,65484,卖盘
1746,10:34:53,9.63,-0.02,13,12519,卖盘
1747,10:34:47,9.65,0.02,200,193000,买盘
1748,10:34:42,9.63,-0.01,30,28890,卖盘
1749,10:34:38,9.64,0.01,200,192800,买盘
1750,10:34:27,9.63,--,40,38520,卖盘
1751,10:34:23,9.63,--,0,0,中性盘
1752,10:34:17,9.63,0.01,10,9630,买盘
1753,10:34:11,9.62,-0.02,300,288600,卖盘
1754,10:34:02,9.64,0.01,11,10604,中性盘
1755,10:33:53,9.63,-0.01,181,174303,卖盘
1756,10:33:48,9.64,--,172,165808,卖盘
1757,10:33:42,9.64,--,20,19280,卖盘
1758,10:33:38,9.64,--,6,5784,卖盘
1759,10:33:32,9.64,-0.01,51,49164,卖盘
1760,10:33:27,9.65,0.01,2,1930,买盘
1761,10:33:23,9.64,--,75,72300,卖盘
1762,10:33:18,9.64,-0.01,30,28920,卖盘
1763,10:33:11,9.65,--,280,270200,卖盘
1764,10:33:08,9.65,0.01,240,231600,买盘
1765,10:33:02,9.64,-0.01,19,18316,卖盘
1766,10:32:56,9.65,--,8,7720,买盘
1767,10:32:47,9.65,--,70,67550,买盘
1768,10:32:41,9.65,0.01,50,48250,买盘
1769,10:32:38,9.64,--,5,4820,卖盘
1770,10:32:33,9.64,--,5,4820,卖盘
1771,10:32:23,9.64,0.01,448,431872,买盘
1772,10:32:11,9.63,--,23,22149,卖盘
1773,10:32:08,9.63,--,16,15408,卖盘
1774,10:32:02,9.63,0.01,322,310086,买盘
1775,10:31:56,9.62,--,13,12505,卖盘
1776,10:31:53,9.62,-0.01,49,47137,卖盘
1777,10:31:47,9.63,--,90,87093,买盘
1778,10:31:41,9.63,0.01,15,14445,买盘
1779,10:31:38,9.62,--,372,357864,卖盘
1780,10:31:32,9.62,--,119,114477,卖盘
1781,10:31:26,9.62,--,80,76960,卖盘
1782,10:31:23,9.62,--,14,13467,卖盘
1783,10:31:17,9.62,-0.01,130,125059,卖盘
1784,10:31:08,9.63,--,119,115136,卖盘
1785,10:31:02,9.63,--,553,532962,卖盘
1786,10:30:56,9.63,--,65,62595,卖盘
1787,10:30:53,9.63,-0.01,12,11556,卖盘
1788,10:30:47,9.64,-0.01,50,48200,买盘
1789,10:30:38,9.65,0.01,499,482075,买盘
1790,10:30:32,9.64,--,17,16388,卖盘
1791,10:30:26,9.64,--,300,289200,卖盘
1792,10:30:23,9.64,--,7,6748,卖盘
1793,10:30:17,9.64,--,6,5784,卖盘
1794,10:30:11,9.64,--,11,10604,卖盘
1795,10:30:07,9.64,-0.01,86,82904,卖盘
1796,10:30:02,9.65,--,193,186669,买盘
1797,10:29:56,9.65,--,6,5790,买盘
1798,10:29:47,9.65,--,301,291005,卖盘
1799,10:29:41,9.65,-0.01,22,21230,卖盘
1800,10:29:37,9.66,--,2,1932,买盘
1801,10:29:26,9.66,0.01,105,101430,买盘
1802,10:29:22,9.65,-0.01,50,48250,卖盘
1803,10:29:07,9.66,0.01,10,9660,买盘
1804,10:29:02,9.65,--,0,0,卖盘
1805,10:28:56,9.65,-0.01,350,337750,卖盘
1806,10:28:47,9.66,0.01,89,86205,买盘
1807,10:28:41,9.65,--,10,9650,卖盘
1808,10:28:32,9.65,-0.01,56,54040,卖盘
1809,10:28:20,9.66,0.01,100,96600,买盘
1810,10:28:17,9.65,--,5,5018,卖盘
1811,10:28:02,9.65,-0.01,2,1930,卖盘
1812,10:27:47,9.66,--,19,19088,卖盘
1813,10:27:41,9.66,0.01,40,38871,买盘
1814,10:27:32,9.65,-0.01,9,8685,卖盘
1815,10:27:26,9.66,0.01,63,60858,买盘
1816,10:27:11,9.65,-0.01,7,6755,中性盘
1817,10:27:02,9.66,0.01,84,81144,买盘
1818,10:26:56,9.65,-0.01,77,74305,买盘
1819,10:26:50,9.66,--,0,0,买盘
1820,10:26:47,9.66,--,162,156492,买盘
1821,10:26:41,9.66,0.01,67,64722,买盘
1822,10:26:35,9.65,--,3,2895,卖盘
1823,10:26:32,9.65,-0.01,11,10615,卖盘
1824,10:26:26,9.66,0.01,1,966,买盘
1825,10:26:11,9.65,--,30,28950,卖盘
1826,10:26:02,9.65,--,3,2895,买盘
1827,10:25:56,9.65,--,120,115800,买盘
1828,10:25:47,9.65,--,10,9650,买盘
1829,10:25:35,9.65,--,183,177231,卖盘
1830,10:25:32,9.65,-0.01,10,9650,卖盘
1831,10:25:05,9.66,0.01,2,1932,买盘
1832,10:25:02,9.65,-0.01,2,2258,卖盘
1833,10:24:56,9.66,--,101,97566,卖盘
1834,10:24:50,9.66,--,5,4830,卖盘
1835,10:24:47,9.66,-0.01,4,3864,卖盘
1836,10:24:41,9.67,0.02,30,29010,买盘
1837,10:24:35,9.65,--,45,43425,卖盘
1838,10:24:32,9.65,-0.01,184,177560,卖盘
1839,10:24:26,9.66,-0.01,20,19320,卖盘
1840,10:24:20,9.67,--,5,4835,买盘
1841,10:24:17,9.67,--,0,0,买盘
1842,10:24:11,9.67,--,24,23208,买盘
1843,10:24:05,9.67,--,40,38680,买盘
1844,10:24:02,9.67,--,8,7736,买盘
1845,10:23:56,9.67,0.01,58,56086,买盘
1846,10:23:50,9.66,--,10,9660,卖盘
1847,10:23:41,9.66,--,75,72450,买盘
1848,10:23:35,9.66,--,5,4830,买盘
1849,10:23:26,9.66,--,10,9660,买盘
1850,10:23:20,9.66,--,100,96600,买盘
1851,10:23:17,9.66,--,30,28980,买盘
1852,10:23:01,9.66,--,6,5796,买盘
1853,10:22:56,9.66,-0.01,120,115920,卖盘
1854,10:22:46,9.67,0.01,11,10637,买盘
1855,10:22:41,9.66,-0.01,10,9660,卖盘
1856,10:22:35,9.67,--,4,3868,买盘
1857,10:22:31,9.67,0.01,17,16439,买盘
1858,10:22:26,9.66,--,10,9660,买盘
1859,10:22:20,9.66,-0.01,5,4830,买盘
1860,10:22:16,9.67,0.02,4,3868,买盘
1861,10:22:11,9.65,-0.01,102,98430,卖盘
1862,10:22:05,9.66,-0.01,46,44436,卖盘
1863,10:22:01,9.67,0.01,60,58020,买盘
1864,10:21:56,9.66,0.01,18,17388,买盘
1865,10:21:50,9.65,--,7,6755,卖盘
1866,10:21:46,9.65,-0.02,310,299150,卖盘
1867,10:21:41,9.67,0.01,212,205004,买盘
1868,10:21:35,9.66,--,1,966,卖盘
1869,10:21:31,9.66,0.01,119,114954,买盘
1870,10:21:26,9.65,-0.01,50,48250,卖盘
1871,10:21:20,9.66,--,28,27048,买盘
1872,10:21:11,9.66,-0.01,133,128478,卖盘
1873,10:21:05,9.67,0.01,50,48350,买盘
1874,10:20:59,9.66,--,28,27048,卖盘
1875,10:20:50,9.66,--,37,35742,卖盘
1876,10:20:41,9.66,--,10,9660,卖盘
1877,10:20:35,9.66,--,8,7728,卖盘
1878,10:20:29,9.66,-0.01,6,5796,卖盘
1879,10:20:26,9.67,0.01,115,111205,买盘
1880,10:20:20,9.66,0.01,60,57960,买盘
1881,10:20:14,9.65,-0.01,313,302045,卖盘
1882,10:20:11,9.66,-0.01,44,42504,卖盘
1883,10:20:05,9.67,0.01,120,116040,买盘
1884,10:19:56,9.66,--,14,13524,卖盘
1885,10:19:50,9.66,-0.01,10,9660,卖盘
1886,10:19:41,9.67,--,7,6769,买盘
1887,10:19:35,9.67,--,93,90888,卖盘
1888,10:19:29,9.67,--,45,43515,卖盘
1889,10:19:26,9.67,-0.01,81,78327,卖盘
1890,10:19:20,9.68,0.01,52,50336,买盘
1891,10:19:14,9.67,-0.01,4,3868,卖盘
1892,10:19:11,9.68,--,38,36784,买盘
1893,10:19:05,9.68,0.01,128,123904,买盘
1894,10:18:59,9.67,-0.01,13,12571,卖盘
1895,10:18:56,9.68,--,25,24200,买盘
1896,10:18:50,9.68,--,100,96800,买盘
1897,10:18:41,9.68,--,26,25168,买盘
1898,10:18:35,9.68,--,181,176166,卖盘
1899,10:18:29,9.68,--,22,21296,卖盘
1900,10:18:26,9.68,--,40,38720,卖盘
1901,10:18:20,9.68,--,99,95832,卖盘
1902,10:18:14,9.68,--,35,33880,卖盘
1903,10:18:05,9.68,0.01,298,288473,买盘
1904,10:17:59,9.67,--,35,33845,卖盘
1905,10:17:56,9.67,-0.01,26,25142,卖盘
1906,10:17:44,9.68,0.01,47,45496,买盘
1907,10:17:41,9.67,-0.01,32,30944,卖盘
1908,10:17:35,9.68,--,42,41614,卖盘
1909,10:17:29,9.68,--,17,16456,卖盘
1910,10:17:25,9.68,-0.01,66,63888,卖盘
1911,10:17:14,9.69,--,34,32946,买盘
1912,10:17:10,9.69,--,34,32946,买盘
1913,10:16:55,9.69,--,27,26163,卖盘
1914,10:16:50,9.69,--,60,58140,卖盘
1915,10:16:40,9.69,--,28,27132,卖盘
1916,10:16:35,9.69,--,43,41667,卖盘
1917,10:16:29,9.69,0.01,1,969,买盘
1918,10:16:25,9.68,--,82,79376,卖盘
1919,10:16:20,9.68,-0.01,149,144232,卖盘
1920,10:16:14,9.69,0.01,10,9690,买盘
1921,10:16:10,9.68,-0.01,30,29040,卖盘
1922,10:16:05,9.69,--,17,16473,买盘
1923,10:15:55,9.69,--,13,12597,卖盘
1924,10:15:50,9.69,0.01,5,4845,中性盘
1925,10:15:44,9.68,-0.02,17,16456,卖盘
1926,10:15:40,9.7,0.01,159,154230,买盘
1927,10:15:35,9.69,--,104,100776,卖盘
1928,10:15:29,9.69,0.01,933,904086,买盘
1929,10:15:25,9.68,--,33,31944,卖盘
1930,10:15:20,9.68,-0.01,62,60016,卖盘
1931,10:15:14,9.69,0.01,20,19380,买盘
1932,10:15:10,9.68,--,207,200376,卖盘
1933,10:15:05,9.68,-0.01,5,4840,卖盘
1934,10:14:55,9.69,--,5,4845,买盘
1935,10:14:50,9.69,--,72,69768,卖盘
1936,10:14:44,9.69,--,13,12597,卖盘
1937,10:14:40,9.69,--,15,14535,卖盘
1938,10:14:35,9.69,--,17,16473,卖盘
1939,10:14:29,9.69,--,30,29070,卖盘
1940,10:14:25,9.69,-0.01,284,275196,卖盘
1941,10:14:20,9.7,0.01,31,30069,买盘
1942,10:14:14,9.69,--,33,31977,卖盘
1943,10:14:08,9.69,--,30,29070,卖盘
1944,10:14:05,9.69,-0.01,102,98838,卖盘
1945,10:13:59,9.7,0.01,9,8730,买盘
1946,10:13:53,9.69,--,7,6783,卖盘
1947,10:13:50,9.69,--,85,82365,卖盘
1948,10:13:44,9.69,-0.01,32,31008,卖盘
1949,10:13:38,9.7,--,5,4850,买盘
1950,10:13:35,9.7,0.01,10,9700,买盘
1951,10:13:29,9.69,-0.02,102,98838,卖盘
1952,10:13:23,9.71,0.02,135,131085,买盘
1953,10:13:20,9.69,-0.01,6,5814,卖盘
1954,10:13:14,9.7,--,30,29099,买盘
1955,10:13:08,9.7,0.01,27,26189,买盘
1956,10:13:05,9.69,--,13,12597,卖盘
1957,10:12:59,9.69,-0.01,112,108528,卖盘
1958,10:12:53,9.7,--,5,4850,买盘
1959,10:12:50,9.7,0.01,79,76630,买盘
1960,10:12:44,9.69,-0.01,32,31008,卖盘
1961,10:12:38,9.7,0.01,10,9700,买盘
1962,10:12:35,9.69,-0.02,329,318801,卖盘
1963,10:12:29,9.71,0.01,13,12623,买盘
1964,10:12:20,9.7,--,17,16490,卖盘
1965,10:12:14,9.7,--,295,286150,卖盘
1966,10:12:08,9.7,--,51,49470,买盘
1967,10:12:05,9.7,-0.01,3,2910,买盘
1968,10:11:59,9.71,0.01,510,495210,买盘
1969,10:11:53,9.7,--,60,58199,买盘
1970,10:11:50,9.7,--,67,64989,买盘
1971,10:11:44,9.7,--,104,101840,卖盘
1972,10:11:38,9.7,--,40,38800,卖盘
1973,10:11:35,9.7,--,112,108639,卖盘
1974,10:11:23,9.7,--,15,14549,卖盘
1975,10:11:20,9.7,0.01,264,256089,买盘
1976,10:11:14,9.69,-0.01,130,125970,卖盘
1977,10:11:05,9.7,--,151,146470,买盘
1978,10:10:59,9.7,--,146,141620,买盘
1979,10:10:53,9.7,0.01,200,194000,买盘
1980,10:10:50,9.69,--,41,39729,卖盘
1981,10:10:44,9.69,--,135,130815,买盘
1982,10:10:38,9.69,--,7,6783,买盘
1983,10:10:35,9.69,0.01,151,146319,买盘
1984,10:10:29,9.68,--,13,12584,卖盘
1985,10:10:23,9.68,--,19,18392,卖盘
1986,10:10:20,9.68,--,5,4840,卖盘
1987,10:10:14,9.68,--,158,152944,买盘
1988,10:10:08,9.68,0.01,32,30976,买盘
1989,10:10:04,9.67,--,20,19340,卖盘
1990,10:09:59,9.67,-0.01,10,9670,卖盘
1991,10:09:53,9.68,0.01,16,15488,买盘
1992,10:09:50,9.67,-0.01,222,214674,卖盘
1993,10:09:44,9.68,0.01,164,158752,中性盘
1994,10:09:38,9.67,--,186,180345,卖盘
1995,10:09:34,9.67,--,135,130545,卖盘
1996,10:09:29,9.67,-0.01,146,141182,卖盘
1997,10:09:23,9.68,--,38,36784,买盘
1998,10:09:14,9.68,--,90,87120,买盘
1999,10:09:04,9.68,-0.01,371,359612,卖盘
2000,10:08:59,9.69,-0.01,242,234498,卖盘
2001,10:08:53,9.7,--,111,107669,买盘
2002,10:08:49,9.7,0.01,1266,1228020,买盘
2003,10:08:44,9.69,-0.01,239,231591,卖盘
2004,10:08:38,9.7,0.01,1,969,买盘
2005,10:08:34,9.69,--,108,104652,卖盘
2006,10:08:29,9.69,--,13,12597,卖盘
2007,10:08:23,9.69,--,42,40698,卖盘
2008,10:08:19,9.69,--,449,435081,卖盘
2009,10:08:14,9.69,--,714,691866,卖盘
2010,10:08:08,9.69,0.01,69,66861,买盘
2011,10:08:04,9.68,-0.01,215,208120,卖盘
2012,10:07:59,9.69,0.01,444,430236,买盘
2013,10:07:53,9.68,--,101,97768,卖盘
2014,10:07:49,9.68,--,236,228448,卖盘
2015,10:07:44,9.68,--,94,90992,卖盘
2016,10:07:38,9.68,--,68,65824,卖盘
2017,10:07:34,9.68,0.01,102,99220,买盘
2018,10:07:28,9.67,-0.01,77,74952,卖盘
2019,10:07:23,9.68,--,50,48400,买盘
2020,10:07:19,9.68,0.01,61,59048,买盘
2021,10:07:14,9.67,0.02,36,34812,买盘
2022,10:07:08,9.65,--,1,965,买盘
2023,10:07:04,9.65,-0.04,29,27985,卖盘
2024,10:06:59,9.69,--,32,31008,中性盘
2025,10:06:53,9.69,0.07,20,19380,中性盘
2026,10:06:47,9.62,--,0,0,卖盘
2027,10:06:44,9.62,-0.07,530,509859,卖盘
2028,10:06:38,9.69,0.02,293,283917,买盘
2029,10:06:32,9.67,-0.01,320,309440,中性盘
2030,10:06:29,9.68,--,208,201344,卖盘
2031,10:06:23,9.68,-0.01,1638,1585584,卖盘
2032,10:06:17,9.69,0.01,120,116280,买盘
2033,10:06:14,9.68,--,43,41624,卖盘
2034,10:06:08,9.68,--,30,29040,卖盘
2035,10:06:02,9.68,-0.01,10,9680,卖盘
2036,10:05:59,9.69,0.01,174,168606,买盘
2037,10:05:53,9.68,--,104,100672,买盘
2038,10:05:47,9.68,-0.02,776,751642,卖盘
2039,10:05:44,9.7,0.01,108,104759,中性盘
2040,10:05:38,9.69,-0.01,91,88673,卖盘
2041,10:05:32,9.7,0.01,116,112519,买盘
2042,10:05:28,9.69,0.01,110,106590,中性盘
2043,10:05:23,9.68,-0.01,230,222640,卖盘
2044,10:05:17,9.69,--,22,21318,买盘
2045,10:05:13,9.69,--,185,179265,买盘
2046,10:05:08,9.69,-0.01,721,698649,卖盘
2047,10:05:02,9.7,0.01,20,19400,中性盘
2048,10:04:59,9.69,-0.01,673,652137,卖盘
2049,10:04:53,9.7,0.01,175,169750,买盘
2050,10:04:47,9.69,-0.01,633,613377,卖盘
2051,10:04:43,9.7,0.02,108,104759,买盘
2052,10:04:38,9.68,-0.01,818,791824,卖盘
2053,10:04:32,9.69,0.01,394,382270,买盘
2054,10:04:28,9.68,--,186,180048,卖盘
2055,10:04:23,9.68,--,1530,1481040,买盘
2056,10:04:17,9.68,0.01,152,147136,买盘
2057,10:04:14,9.67,-0.01,109,105403,卖盘
2058,10:04:08,9.68,--,72,69696,买盘
2059,10:04:02,9.68,0.02,70,67760,买盘
2060,10:03:58,9.66,--,650,627900,卖盘
2061,10:03:53,9.66,-0.01,1047,1011402,卖盘
2062,10:03:47,9.67,0.01,120,116040,买盘
2063,10:03:43,9.66,-0.01,82,79212,买盘
2064,10:03:38,9.67,0.02,39,37713,买盘
2065,10:03:32,9.65,--,102,98430,卖盘
2066,10:03:28,9.65,--,282,272130,买盘
2067,10:03:23,9.65,--,12,11580,买盘
2068,10:03:17,9.65,--,75,72375,买盘
2069,10:03:13,9.65,0.01,286,275990,买盘
2070,10:03:08,9.64,--,80,77120,买盘
2071,10:02:58,9.64,0.02,200,192800,买盘
2072,10:02:53,9.62,0.02,295,283905,买盘
2073,10:02:47,9.6,--,52,49920,卖盘
2074,10:02:43,9.6,--,222,213120,卖盘
2075,10:02:38,9.6,0.01,907,871536,买盘
2076,10:02:28,9.59,--,74,70966,买盘
2077,10:02:23,9.59,0.02,1368,1312046,买盘
2078,10:02:17,9.57,-0.01,254,243078,卖盘
2079,10:02:13,9.58,0.02,174,167515,买盘
2080,10:02:08,9.56,--,112,107072,卖盘
2081,10:02:02,9.56,0.02,10,9560,买盘
2082,10:01:58,9.54,-0.01,507,483677,卖盘
2083,10:01:53,9.55,--,37,35335,买盘
2084,10:01:43,9.55,--,30,28650,买盘
2085,10:01:38,9.55,-0.02,167,159609,卖盘
2086,10:01:32,9.57,0.02,150,143550,买盘
2087,10:01:28,9.55,-0.01,108,103140,卖盘
2088,10:01:23,9.56,--,10,9560,买盘
2089,10:01:17,9.56,0.01,100,95600,买盘
2090,10:01:13,9.55,--,60,57300,卖盘
2091,10:01:02,9.55,-0.01,7,6685,卖盘
2092,10:00:58,9.56,--,60,57360,卖盘
2093,10:00:53,9.56,0.01,60,57360,买盘
2094,10:00:47,9.55,--,533,509015,卖盘
2095,10:00:43,9.55,--,105,100742,卖盘
2096,10:00:38,9.55,--,38,36290,卖盘
2097,10:00:32,9.55,--,313,298915,卖盘
2098,10:00:28,9.55,--,65,62075,卖盘
2099,10:00:23,9.55,--,140,133700,卖盘
2100,10:00:17,9.55,--,35,33425,卖盘
2101,10:00:13,9.55,--,75,71625,卖盘
2102,10:00:08,9.55,--,52,50022,卖盘
2103,09:59:58,9.55,--,70,66850,卖盘
2104,09:59:53,9.55,-0.01,4,3820,卖盘
2105,09:59:47,9.56,--,25,23900,卖盘
2106,09:59:41,9.56,0.01,35,33460,卖盘
2107,09:59:38,9.55,-0.01,89,84995,卖盘
2108,09:59:32,9.56,0.01,137,130972,买盘
2109,09:59:26,9.55,--,6,5730,卖盘
2110,09:59:23,9.55,-0.01,1,955,卖盘
2111,09:59:17,9.56,-0.01,144,137664,卖盘
2112,09:59:11,9.57,0.02,164,156948,买盘
2113,09:59:07,9.55,-0.01,83,79265,卖盘
2114,09:59:02,9.56,--,27,25812,买盘
2115,09:58:52,9.56,--,7,6692,买盘
2116,09:58:47,9.56,--,55,52580,卖盘
2117,09:58:37,9.56,--,51,48756,卖盘
2118,09:58:32,9.56,--,86,82216,买盘
2119,09:58:26,9.56,--,20,19120,买盘
2120,09:58:22,9.56,-0.01,12,11472,卖盘
2121,09:58:17,9.57,0.02,11,10527,买盘
2122,09:58:07,9.55,--,0,0,卖盘
2123,09:58:02,9.55,--,8,7640,卖盘
2124,09:57:47,9.55,-0.02,300,286500,卖盘
2125,09:57:37,9.57,--,80,76560,买盘
2126,09:57:32,9.57,0.01,123,117711,买盘
2127,09:57:26,9.56,-0.01,10,9560,卖盘
2128,09:57:22,9.57,0.01,2,1914,买盘
2129,09:57:07,9.56,--,3,2868,买盘
2130,09:57:02,9.56,--,73,69788,买盘
2131,09:56:56,9.56,--,41,39196,卖盘
2132,09:56:52,9.56,--,78,74568,卖盘
2133,09:56:47,9.56,0.01,11,10516,买盘
2134,09:56:37,9.55,-0.01,8,7640,卖盘
2135,09:56:32,9.56,0.01,10,9560,买盘
2136,09:56:11,9.55,-0.01,6,5730,卖盘
2137,09:56:07,9.56,--,25,23900,卖盘
2138,09:56:02,9.56,0.01,31,29636,买盘
2139,09:55:56,9.55,--,110,105050,卖盘
2140,09:55:47,9.55,--,40,38200,卖盘
2141,09:55:41,9.55,--,30,28650,卖盘
2142,09:55:37,9.55,0.01,15,14325,买盘
2143,09:55:17,9.54,--,8,7631,卖盘
2144,09:55:07,9.54,-0.02,7,6677,卖盘
2145,09:55:02,9.56,0.01,140,133840,买盘
2146,09:54:56,9.55,--,39,37245,卖盘
2147,09:54:52,9.55,--,116,110780,卖盘
2148,09:54:47,9.55,--,10,9550,卖盘
2149,09:54:41,9.55,--,15,14325,卖盘
2150,09:54:37,9.55,--,1,1480,卖盘
2151,09:54:32,9.55,0.01,32,30560,买盘
2152,09:54:26,9.54,-0.01,30,28619,卖盘
2153,09:54:17,9.55,0.01,156,148980,买盘
2154,09:54:11,9.54,--,21,20034,卖盘
2155,09:54:07,9.54,--,128,122111,卖盘
2156,09:54:01,9.54,--,103,98261,卖盘
2157,09:53:56,9.54,--,30,28619,卖盘
2158,09:53:52,9.54,--,17,16217,卖盘
2159,09:53:47,9.54,--,0,0,卖盘
2160,09:53:41,9.54,-0.01,33,31481,卖盘
2161,09:53:37,9.55,0.01,126,120330,买盘
2162,09:53:32,9.54,-0.01,148,141192,卖盘
2163,09:53:26,9.55,0.01,200,191000,买盘
2164,09:53:22,9.54,-0.01,50,47699,卖盘
2165,09:53:17,9.55,--,121,115555,买盘
2166,09:53:11,9.55,--,270,257850,卖盘
2167,09:53:07,9.55,--,262,250210,卖盘
2168,09:53:02,9.55,--,28,26740,卖盘
2169,09:52:52,9.55,--,48,45840,卖盘
2170,09:52:47,9.55,-0.02,147,140385,卖盘
2171,09:52:37,9.57,0.01,121,115797,买盘
2172,09:52:32,9.56,--,335,320260,卖盘
2173,09:52:26,9.56,--,10,9560,卖盘
2174,09:52:20,9.56,--,45,43020,卖盘
2175,09:52:17,9.56,--,7,6692,卖盘
2176,09:52:11,9.56,-0.01,48,45888,卖盘
2177,09:51:56,9.57,0.01,2,1914,买盘
2178,09:51:50,9.56,--,201,192156,卖盘
2179,09:51:41,9.56,--,10,9560,卖盘
2180,09:51:11,9.56,--,20,19120,卖盘
2181,09:51:05,9.56,-0.02,10,9560,卖盘
2182,09:50:56,9.58,--,130,124540,买盘
2183,09:50:50,9.58,--,99,94842,卖盘
2184,09:50:46,9.58,--,5,4790,卖盘
2185,09:50:41,9.58,--,50,47900,卖盘
2186,09:50:35,9.58,0.02,886,848788,买盘
2187,09:50:31,9.56,-0.01,34,32504,卖盘
2188,09:50:26,9.57,0.01,128,122496,买盘
2189,09:50:16,9.56,--,30,28680,卖盘
2190,09:50:11,9.56,-0.01,10,9560,卖盘
2191,09:50:01,9.57,--,22,21054,买盘
2192,09:49:50,9.57,--,116,111012,卖盘
2193,09:49:46,9.57,--,9,8613,卖盘
2194,09:49:31,9.57,--,22,21054,卖盘
2195,09:49:20,9.57,--,5,4785,卖盘
2196,09:49:10,9.57,-0.01,26,24882,卖盘
2197,09:48:56,9.58,0.01,10,9580,买盘
2198,09:48:31,9.57,0.01,38,36366,买盘
2199,09:48:26,9.56,--,100,95600,卖盘
2200,09:48:20,9.56,--,8,7648,卖盘
2201,09:48:16,9.56,--,6,5736,卖盘
2202,09:48:11,9.56,--,19,18164,卖盘
2203,09:48:05,9.56,--,3,2868,卖盘
2204,09:48:01,9.56,--,28,26768,卖盘
2205,09:47:50,9.56,--,5,4780,卖盘
2206,09:47:41,9.56,-0.01,2,1912,卖盘
2207,09:47:31,9.57,--,19,18183,卖盘
2208,09:47:16,9.57,--,1,957,卖盘
2209,09:47:10,9.57,--,63,60291,买盘
2210,09:47:05,9.57,--,40,38280,买盘
2211,09:46:50,9.57,0.01,52,49764,买盘
2212,09:46:46,9.56,--,51,48756,卖盘
2213,09:46:41,9.56,-0.01,1,956,卖盘
2214,09:46:31,9.57,--,10,9570,买盘
2215,09:46:25,9.57,-0.01,59,56463,卖盘
2216,09:46:11,9.58,--,50,47900,买盘
2217,09:46:05,9.58,0.01,29,27782,买盘
2218,09:46:00,9.57,--,26,24882,卖盘
2219,09:45:50,9.57,--,33,31581,卖盘
2220,09:45:45,9.57,-0.01,23,22011,卖盘
2221,09:45:41,9.58,0.01,15,14370,买盘
2222,09:45:35,9.57,--,10,9570,卖盘
2223,09:45:31,9.57,-0.01,30,28710,卖盘
2224,09:44:55,9.58,--,145,138910,卖盘
2225,09:44:50,9.58,--,5,4790,卖盘
2226,09:44:35,9.58,--,258,247164,卖盘
2227,09:44:25,9.58,-0.01,1,958,卖盘
2228,09:44:14,9.59,--,7,6713,卖盘
2229,09:44:10,9.59,--,50,47950,卖盘
2230,09:44:05,9.59,--,100,95900,卖盘
2231,09:43:55,9.59,0.01,150,143850,中性盘
2232,09:43:50,9.58,-0.01,38,36404,卖盘
2233,09:43:44,9.59,--,178,170702,买盘
2234,09:43:40,9.59,0.01,153,146727,买盘
2235,09:43:25,9.58,--,6,5748,卖盘
2236,09:43:20,9.58,-0.01,232,222256,卖盘
2237,09:42:55,9.59,0.01,11,10549,买盘
2238,09:42:49,9.58,-0.01,40,38320,卖盘
2239,09:42:35,9.59,--,16,15344,买盘
2240,09:42:29,9.59,0.01,50,47950,买盘
2241,09:42:25,9.58,-0.01,17,16286,卖盘
2242,09:42:20,9.59,--,14,13426,买盘
2243,09:42:14,9.59,--,35,33565,买盘
2244,09:42:10,9.59,--,23,22057,买盘
2245,09:42:04,9.59,--,141,135219,买盘
2246,09:41:59,9.59,--,5,4795,买盘
2247,09:41:49,9.59,--,131,125629,买盘
2248,09:41:44,9.59,0.01,11,10549,买盘
2249,09:41:40,9.58,-0.01,22,21076,卖盘
2250,09:41:35,9.59,0.01,173,165907,买盘
2251,09:41:29,9.58,--,8,7664,卖盘
2252,09:41:19,9.58,--,5,4790,卖盘
2253,09:41:14,9.58,0.02,566,542228,买盘
2254,09:41:10,9.56,--,5,4780,卖盘
2255,09:41:04,9.56,--,5,4780,卖盘
2256,09:40:55,9.56,--,180,172080,买盘
2257,09:40:49,9.56,0.01,123,117588,买盘
2258,09:40:40,9.55,-0.01,28,26740,卖盘
2259,09:40:34,9.56,0.01,17,16252,买盘
2260,09:40:29,9.55,--,10,9550,卖盘
2261,09:40:25,9.55,--,5,4775,卖盘
2262,09:40:19,9.55,0.01,15,14325,卖盘
2263,09:40:14,9.54,--,45,42929,卖盘
2264,09:40:10,9.54,-0.01,165,157410,卖盘
2265,09:40:04,9.55,--,114,108870,卖盘
2266,09:39:59,9.55,--,60,57300,卖盘
2267,09:39:55,9.55,--,25,23875,卖盘
2268,09:39:44,9.55,--,8,7640,卖盘
2269,09:39:40,9.55,--,57,54435,卖盘
2270,09:39:34,9.55,--,105,100275,卖盘
2271,09:39:29,9.55,--,30,28650,卖盘
2272,09:39:24,9.55,--,145,138475,卖盘
2273,09:39:19,9.55,--,56,53480,卖盘
2274,09:39:14,9.55,--,9,8595,卖盘
2275,09:39:09,9.55,--,35,33425,卖盘
2276,09:39:04,9.55,--,70,66850,卖盘
2277,09:38:54,9.55,-0.01,17,16235,卖盘
2278,09:38:49,9.56,0.01,249,238044,买盘
2279,09:38:39,9.55,-0.01,57,54435,卖盘
2280,09:38:25,9.56,--,100,95600,卖盘
2281,09:38:19,9.56,--,86,82216,卖盘
2282,09:38:14,9.56,-0.01,10,9560,卖盘
2283,09:38:09,9.57,0.01,169,161733,买盘
2284,09:38:04,9.56,--,141,134796,卖盘
2285,09:37:59,9.56,--,54,51624,卖盘
2286,09:37:53,9.56,--,35,33460,卖盘
2287,09:37:49,9.56,--,90,86040,卖盘
2288,09:37:44,9.56,-0.01,247,236132,卖盘
2289,09:37:34,9.57,--,341,326337,买盘
2290,09:37:19,9.57,-0.01,55,52635,卖盘
2291,09:37:14,9.58,0.01,62,59396,买盘
2292,09:37:08,9.57,--,50,47850,卖盘
2293,09:37:04,9.57,--,106,101442,买盘
2294,09:36:58,9.57,--,3,2871,买盘
2295,09:36:49,9.57,--,261,249777,买盘
2296,09:36:43,9.57,-0.01,41,39237,卖盘
2297,09:36:28,9.58,-0.01,71,68018,卖盘
2298,09:36:23,9.59,0.02,61,58499,买盘
2299,09:36:19,9.57,-0.01,480,459360,卖盘
2300,09:36:13,9.58,--,100,95800,卖盘
2301,09:36:08,9.58,-0.01,93,89094,卖盘
2302,09:36:04,9.59,0.01,19,18221,买盘
2303,09:35:53,9.58,-0.01,100,95800,卖盘
2304,09:35:49,9.59,--,33,31647,卖盘
2305,09:35:43,9.59,0.01,28,26852,买盘
2306,09:35:38,9.58,--,8,7664,卖盘
2307,09:35:34,9.58,-0.01,88,84304,卖盘
2308,09:35:28,9.59,--,35,33565,卖盘
2309,09:35:23,9.59,0.01,28,26852,买盘
2310,09:35:19,9.58,-0.01,2,1916,卖盘
2311,09:35:13,9.59,0.01,99,94941,买盘
2312,09:35:08,9.58,-0.01,65,62270,卖盘
2313,09:35:04,9.59,0.01,22,21098,买盘
2314,09:34:49,9.58,--,9,8622,买盘
2315,09:34:43,9.58,--,14,13412,买盘
2316,09:34:34,9.58,-0.01,330,316140,卖盘
2317,09:34:28,9.59,--,26,24934,卖盘
2318,09:34:23,9.59,-0.01,19,18221,卖盘
2319,09:34:19,9.6,0.01,30,28800,买盘
2320,09:34:13,9.59,--,4,3836,卖盘
2321,09:34:08,9.59,--,15,14385,卖盘
2322,09:34:04,9.59,--,14,13426,卖盘
2323,09:33:58,9.59,--,42,40278,卖盘
2324,09:33:53,9.59,0.01,99,94941,买盘
2325,09:33:34,9.58,--,93,89094,卖盘
2326,09:33:28,9.58,-0.01,20,19160,中性盘
2327,09:33:19,9.59,--,40,38360,买盘
2328,09:33:13,9.59,0.01,18,17262,买盘
2329,09:33:08,9.58,-0.01,20,19160,卖盘
2330,09:32:58,9.59,--,18,17262,买盘
2331,09:32:53,9.59,0.01,11,10549,买盘
2332,09:32:49,9.58,0.02,271,259618,买盘
2333,09:32:43,9.56,--,120,114720,买盘
2334,09:32:38,9.56,-0.01,891,851796,卖盘
2335,09:32:33,9.57,--,94,89958,卖盘
2336,09:32:28,9.57,0.01,82,78474,卖盘
2337,09:32:18,9.56,--,0,0,卖盘
2338,09:32:13,9.56,-0.01,160,152960,卖盘
2339,09:32:08,9.57,-0.01,5,4785,卖盘
2340,09:32:03,9.58,0.01,30,28740,买盘
2341,09:31:58,9.57,-0.01,29,27753,卖盘
2342,09:31:53,9.58,0.01,113,108254,买盘
2343,09:31:48,9.57,--,9,8613,卖盘
2344,09:31:38,9.57,-0.01,2,1914,卖盘
2345,09:31:33,9.58,--,264,252912,卖盘
2346,09:31:28,9.58,-0.01,85,81430,卖盘
2347,09:31:18,9.59,--,80,76720,买盘
2348,09:31:13,9.59,--,60,57540,买盘
2349,09:31:03,9.59,--,351,336609,卖盘
2350,09:30:58,9.59,-0.01,133,127547,卖盘
2351,09:30:53,9.6,-0.01,11,10560,买盘
2352,09:30:47,9.61,0.02,55,52855,买盘
2353,09:30:43,9.59,-0.01,68,65212,卖盘
2354,09:30:37,9.6,--,5,4800,卖盘
2355,09:30:32,9.6,--,76,72960,买盘
2356,09:30:28,9.6,--,38,36480,买盘
2357,09:30:22,9.6,--,20,19200,买盘
2358,09:30:17,9.6,--,10,9600,买盘
2359,09:30:13,9.6,--,61,58560,买盘
2360,09:30:07,9.6,-0.01,1908,1831680,卖盘
2361,09:30:02,9.61,--,16,15376,买盘
2362,09:28:44,9.61,--,0,0,买盘
2363,09:25:01,9.61,9.61,1334,1281974,买盘
