,time,price,change,volume,amount,type
0,15:00:21,4.96,0.01,3734,1852064,卖盘
1,14:57:21,4.95,--,0,0,买盘
2,14:56:54,4.95,--,64,31680,卖盘
3,14:56:45,4.95,-0.01,20,9900,卖盘
4,14:56:42,4.96,0.01,103,51088,买盘
5,14:56:39,4.95,--,1,495,卖盘
6,14:56:36,4.95,--,3,1485,买盘
7,14:56:33,4.95,-0.01,15,7425,买盘
8,14:56:27,4.96,0.02,952,472192,买盘
9,14:56:24,4.94,-0.01,30,14820,卖盘
10,14:56:18,4.95,--,25,12741,卖盘
11,14:56:15,4.95,--,0,128,买盘
12,14:56:12,4.95,--,5,2841,卖盘
13,14:56:09,4.95,--,20,9900,卖盘
14,14:56:06,4.95,0.01,99,49133,买盘
15,14:55:48,4.94,-0.01,65,32110,卖盘
16,14:55:36,4.95,--,2,990,买盘
17,14:55:30,4.95,--,932,461706,卖盘
18,14:55:27,4.95,-0.01,50,24750,卖盘
19,14:55:24,4.96,0.01,5,2480,买盘
20,14:55:21,4.95,--,40,19800,卖盘
21,14:55:18,4.95,-0.01,30,14850,卖盘
22,14:55:15,4.96,0.01,22,10912,买盘
23,14:55:06,4.95,--,2,990,卖盘
24,14:55:03,4.95,--,11,5445,卖盘
25,14:54:54,4.95,--,6,2970,卖盘
26,14:54:51,4.95,--,9,4583,买盘
27,14:54:48,4.95,--,162,80556,卖盘
28,14:54:45,4.95,0.01,123,61013,买盘
29,14:54:42,4.94,--,50,24700,卖盘
30,14:54:39,4.94,-0.01,164,81016,卖盘
31,14:54:33,4.95,--,23,11385,买盘
32,14:54:30,4.95,--,200,99000,买盘
33,14:54:27,4.95,--,31,15345,买盘
34,14:54:21,4.95,--,100,49500,买盘
35,14:54:18,4.95,--,952,471606,卖盘
36,14:54:12,4.95,--,142,70290,卖盘
37,14:54:03,4.95,-0.01,3,1485,卖盘
38,14:53:54,4.96,--,50,24800,买盘
39,14:53:33,4.96,--,11,5456,卖盘
40,14:53:30,4.96,--,31,15376,买盘
41,14:53:27,4.96,0.01,20,9920,买盘
42,14:53:21,4.95,-0.01,36,17820,卖盘
43,14:53:18,4.96,--,66,32736,卖盘
44,14:53:15,4.96,--,216,107136,卖盘
45,14:53:09,4.96,--,128,63488,买盘
46,14:53:06,4.96,0.01,30,14880,买盘
47,14:53:00,4.95,-0.01,600,297000,卖盘
48,14:52:57,4.96,--,202,100192,卖盘
49,14:52:51,4.96,--,1,496,卖盘
50,14:52:45,4.96,0.01,96,47616,买盘
51,14:52:27,4.95,-0.01,30,14850,卖盘
52,14:52:24,4.96,--,202,100192,卖盘
53,14:52:21,4.96,--,22,10912,卖盘
54,14:52:18,4.96,--,40,19840,卖盘
55,14:52:15,4.96,--,112,55552,买盘
56,14:52:12,4.96,--,133,65968,卖盘
57,14:52:09,4.96,--,60,29760,卖盘
58,14:52:06,4.96,--,15,7440,卖盘
59,14:52:03,4.96,--,110,54560,卖盘
60,14:51:57,4.96,--,35,17360,买盘
61,14:51:54,4.96,--,503,249488,卖盘
62,14:51:48,4.96,-0.01,48,23808,卖盘
63,14:51:42,4.97,0.01,22,10934,买盘
64,14:51:30,4.96,--,10,4960,卖盘
65,14:51:27,4.96,--,5,2480,卖盘
66,14:51:06,4.96,--,5,2480,卖盘
67,14:51:00,4.96,--,101,50096,卖盘
68,14:50:57,4.96,-0.01,201,99696,卖盘
69,14:50:51,4.97,--,80,39760,买盘
70,14:50:48,4.97,--,5,2485,买盘
71,14:50:30,4.97,--,10,4970,买盘
72,14:50:12,4.97,--,10,4970,买盘
73,14:50:09,4.97,--,353,175441,卖盘
74,14:50:03,4.97,--,505,250985,卖盘
75,14:50:00,4.97,--,31,15407,卖盘
76,14:49:57,4.97,--,1,497,卖盘
77,14:49:51,4.97,--,531,263907,卖盘
78,14:49:30,4.97,-0.01,1,497,卖盘
79,14:49:24,4.98,--,208,103584,买盘
80,14:49:12,4.98,--,9,4482,买盘
81,14:49:09,4.98,--,25,12450,卖盘
82,14:49:00,4.98,--,61,30378,卖盘
83,14:48:57,4.98,--,1,498,卖盘
84,14:48:54,4.98,--,4,1992,卖盘
85,14:48:51,4.98,--,87,43326,卖盘
86,14:48:45,4.98,--,10,4980,卖盘
87,14:48:42,4.98,--,25,12450,卖盘
88,14:48:36,4.98,--,597,297306,卖盘
89,14:48:27,4.98,--,80,39840,卖盘
90,14:48:24,4.98,--,26,12948,卖盘
91,14:48:21,4.98,--,10,4980,卖盘
92,14:48:15,4.98,--,18,8964,卖盘
93,14:48:12,4.98,--,100,49800,卖盘
94,14:48:09,4.98,--,10,4980,卖盘
95,14:48:06,4.98,0.01,28,13944,买盘
96,14:48:03,4.97,-0.01,20,9940,卖盘
97,14:47:54,4.98,0.01,1,498,买盘
98,14:47:51,4.97,-0.01,16,7952,卖盘
99,14:47:45,4.98,0.01,400,199200,买盘
100,14:47:33,4.97,-0.01,37,18389,卖盘
101,14:47:27,4.98,0.01,200,99600,买盘
102,14:47:12,4.97,--,100,49700,卖盘
103,14:46:54,4.97,-0.01,16,7952,卖盘
104,14:46:51,4.98,--,10,4980,买盘
105,14:46:48,4.98,--,684,340632,卖盘
106,14:46:45,4.98,--,1,498,卖盘
107,14:46:42,4.98,-0.01,30,14940,卖盘
108,14:46:30,4.99,--,42,20958,买盘
109,14:46:24,4.99,--,746,372548,卖盘
110,14:46:21,4.99,--,333,166371,卖盘
111,14:46:18,4.99,--,51,25449,卖盘
112,14:46:15,4.99,--,160,79840,卖盘
113,14:46:12,4.99,--,43,21457,卖盘
114,14:46:09,4.99,--,55,27445,卖盘
115,14:46:06,4.99,--,500,249500,卖盘
116,14:46:00,4.99,--,1,499,卖盘
117,14:45:57,4.99,-0.01,9,4491,卖盘
118,14:45:45,5.0,0.01,50,25000,买盘
119,14:45:42,4.99,--,10,4990,卖盘
120,14:45:21,4.99,--,20,9980,卖盘
121,14:45:15,4.99,--,21,10479,买盘
122,14:45:12,4.99,-0.01,200,99800,中性盘
123,14:45:06,5.0,0.01,37,18500,买盘
124,14:45:00,4.99,--,298,148702,卖盘
125,14:44:57,4.99,-0.01,1,499,卖盘
126,14:44:51,5.0,0.01,592,296000,买盘
127,14:44:45,4.99,--,9,4565,卖盘
128,14:44:39,4.99,0.01,720,359704,买盘
129,14:44:36,4.98,--,67,33366,卖盘
130,14:44:33,4.98,-0.01,659,328182,卖盘
131,14:44:30,4.99,0.01,141,70359,买盘
132,14:44:18,4.98,-0.01,1,498,卖盘
133,14:44:15,4.99,0.01,1,499,买盘
134,14:44:12,4.98,--,183,91134,卖盘
135,14:44:09,4.98,--,30,14940,卖盘
136,14:44:06,4.98,-0.01,588,292824,卖盘
137,14:44:03,4.99,0.01,499,249001,买盘
138,14:43:57,4.98,--,45,22410,卖盘
139,14:43:54,4.98,-0.01,10,4980,卖盘
140,14:43:51,4.99,0.01,25,12475,买盘
141,14:43:48,4.98,--,8,3984,卖盘
142,14:43:42,4.98,--,155,77190,卖盘
143,14:43:39,4.98,--,70,34860,卖盘
144,14:43:33,4.98,--,35,17430,卖盘
145,14:43:27,4.98,--,10,4980,卖盘
146,14:43:24,4.98,-0.01,20,9960,买盘
147,14:43:21,4.99,0.02,200,99800,买盘
148,14:43:18,4.97,-0.01,15,7455,卖盘
149,14:43:15,4.98,--,27,13520,卖盘
150,14:43:12,4.98,--,65,32793,买盘
151,14:43:06,4.98,--,11,5478,买盘
152,14:43:03,4.98,0.01,22,10956,买盘
153,14:42:48,4.97,-0.01,30,14910,卖盘
154,14:42:45,4.98,0.01,200,99600,买盘
155,14:42:39,4.97,--,30,14910,卖盘
156,14:42:24,4.97,0.01,1274,633178,买盘
157,14:42:18,4.96,-0.01,2,992,卖盘
158,14:42:12,4.97,--,37,18389,买盘
159,14:42:09,4.97,0.01,1,497,买盘
160,14:42:06,4.96,--,45,22320,卖盘
161,14:41:57,4.96,--,8,3968,卖盘
162,14:41:51,4.96,-0.01,10,4960,卖盘
163,14:41:42,4.97,0.01,1,497,买盘
164,14:41:39,4.96,--,5,2480,卖盘
165,14:41:21,4.96,--,25,12400,卖盘
166,14:41:18,4.96,--,18,8928,卖盘
167,14:41:12,4.96,-0.01,351,174096,卖盘
168,14:41:09,4.97,0.01,16,7952,买盘
169,14:41:06,4.96,--,30,14880,卖盘
170,14:41:03,4.96,--,59,29264,买盘
171,14:40:54,4.96,--,500,248000,买盘
172,14:40:42,4.96,0.01,1,496,中性盘
173,14:40:35,4.95,-0.01,10,4950,卖盘
174,14:40:32,4.96,--,40,19840,卖盘
175,14:40:29,4.96,--,30,14880,卖盘
176,14:40:26,4.96,--,5,2480,卖盘
177,14:40:23,4.96,--,32,15872,卖盘
178,14:40:11,4.96,-0.01,4,1984,卖盘
179,14:40:08,4.97,0.01,11,5467,买盘
180,14:40:05,4.96,-0.01,6,2976,卖盘
181,14:40:02,4.97,0.01,153,76041,买盘
182,14:39:59,4.96,--,340,168640,卖盘
183,14:39:53,4.96,--,84,41664,卖盘
184,14:39:50,4.96,-0.01,29,14384,卖盘
185,14:39:47,4.97,0.01,22,10934,买盘
186,14:39:41,4.96,--,52,25792,卖盘
187,14:39:38,4.96,--,101,50096,卖盘
188,14:39:32,4.96,--,1,496,卖盘
189,14:39:26,4.96,--,6,2976,卖盘
190,14:39:11,4.96,-0.01,501,248496,卖盘
191,14:39:02,4.97,--,323,160531,卖盘
192,14:38:59,4.97,--,606,301182,卖盘
193,14:38:56,4.97,--,10,4970,卖盘
194,14:38:47,4.97,--,115,57155,买盘
195,14:38:38,4.97,--,501,248997,买盘
196,14:38:35,4.97,--,762,378714,卖盘
197,14:38:32,4.97,--,547,271859,卖盘
198,14:38:29,4.97,--,110,54670,卖盘
199,14:38:26,4.97,--,103,51191,卖盘
200,14:38:23,4.97,-0.01,20,9940,卖盘
201,14:38:20,4.98,--,6,2988,买盘
202,14:38:11,4.98,--,9,4482,买盘
203,14:38:05,4.98,-0.01,1198,596678,卖盘
204,14:38:02,4.99,0.01,105,52395,买盘
205,14:37:56,4.98,--,257,127986,卖盘
206,14:37:50,4.98,--,93,46737,卖盘
207,14:37:47,4.98,--,319,158862,卖盘
208,14:37:44,4.98,-0.01,466,232068,卖盘
209,14:37:38,4.99,--,1,499,买盘
210,14:37:32,4.99,0.01,4,1996,买盘
211,14:37:29,4.98,--,24,11952,卖盘
212,14:37:26,4.98,-0.01,15,7470,卖盘
213,14:37:23,4.99,0.01,40,19960,买盘
214,14:37:17,4.98,-0.01,60,29880,卖盘
215,14:37:14,4.99,0.01,1,499,买盘
216,14:37:11,4.98,--,101,50298,卖盘
217,14:37:08,4.98,-0.01,41,20418,卖盘
218,14:36:59,4.99,0.01,53,26447,买盘
219,14:36:53,4.98,-0.01,10,4980,卖盘
220,14:36:47,4.99,--,3,1497,买盘
221,14:36:44,4.99,--,27,13473,买盘
222,14:36:41,4.99,0.01,47,23453,买盘
223,14:36:38,4.98,--,26,12948,卖盘
224,14:36:35,4.98,-0.01,3,1494,卖盘
225,14:36:32,4.99,--,3,1497,买盘
226,14:36:26,4.99,--,38,18962,买盘
227,14:36:23,4.99,--,766,382723,卖盘
228,14:36:20,4.99,--,18,8982,卖盘
229,14:36:17,4.99,-0.01,375,187125,卖盘
230,14:36:11,5.0,--,31,15500,买盘
231,14:36:08,5.0,--,119,59500,买盘
232,14:36:05,5.0,--,178,89000,买盘
233,14:36:02,5.0,0.01,108,54000,卖盘
234,14:35:56,4.99,-0.01,200,99800,卖盘
235,14:35:53,5.0,0.01,43,21510,买盘
236,14:35:50,4.99,-0.01,20,9980,卖盘
237,14:35:47,5.0,--,1500,750000,买盘
238,14:35:38,5.0,0.01,1,500,买盘
239,14:35:32,4.99,0.01,997,497503,买盘
240,14:35:29,4.98,--,231,115038,卖盘
241,14:35:23,4.98,--,100,49800,卖盘
242,14:35:17,4.98,--,81,40338,买盘
243,14:35:14,4.98,--,1005,500490,买盘
244,14:35:11,4.98,--,23,11454,买盘
245,14:35:08,4.98,0.01,2,996,买盘
246,14:35:05,4.97,--,32,15904,卖盘
247,14:34:59,4.97,0.01,668,331996,买盘
248,14:34:50,4.96,--,1495,741520,卖盘
249,14:34:47,4.96,--,10,4960,卖盘
250,14:34:41,4.96,--,8,3968,卖盘
251,14:34:38,4.96,--,20,9920,卖盘
252,14:34:17,4.96,0.02,1959,971792,买盘
253,14:34:11,4.94,--,50,24700,卖盘
254,14:34:05,4.94,--,16,7904,卖盘
255,14:33:59,4.94,--,16,7904,卖盘
256,14:33:56,4.94,-0.01,50,24700,卖盘
257,14:33:44,4.95,--,6,2970,卖盘
258,14:33:38,4.95,--,4,1980,买盘
259,14:33:29,4.95,0.01,170,84150,买盘
260,14:33:26,4.94,--,16,7904,卖盘
261,14:33:17,4.94,-0.01,16,7904,卖盘
262,14:33:08,4.95,--,14,7162,买盘
263,14:33:02,4.95,--,153,75735,买盘
264,14:32:59,4.95,0.01,50,24750,买盘
265,14:32:41,4.94,-0.01,300,148200,卖盘
266,14:32:29,4.95,-0.01,200,99000,卖盘
267,14:32:23,4.96,0.01,593,294128,买盘
268,14:32:20,4.95,--,50,24750,卖盘
269,14:31:53,4.95,--,30,14850,卖盘
270,14:31:50,4.95,-0.01,13,6435,卖盘
271,14:31:47,4.96,0.01,503,249488,买盘
272,14:31:44,4.95,-0.01,55,27225,卖盘
273,14:31:41,4.96,--,2,992,买盘
274,14:31:32,4.96,0.01,79,39184,买盘
275,14:31:26,4.95,--,300,148500,卖盘
276,14:31:23,4.95,--,31,15345,卖盘
277,14:31:17,4.95,--,21,10395,卖盘
278,14:30:56,4.95,--,83,41085,卖盘
279,14:30:56,4.95,--,20,9900,卖盘
280,14:30:44,4.95,--,6,2970,卖盘
281,14:30:41,4.95,--,100,49500,买盘
282,14:30:23,4.95,--,60,29700,卖盘
283,14:30:20,4.95,--,42,20790,卖盘
284,14:30:17,4.95,--,8,3960,卖盘
285,14:30:14,4.95,--,2,990,卖盘
286,14:30:05,4.95,--,5,2475,卖盘
287,14:30:02,4.95,--,183,90585,买盘
288,14:29:53,4.95,--,207,102465,卖盘
289,14:29:47,4.95,--,10,4950,卖盘
290,14:29:38,4.95,--,32,15840,卖盘
291,14:29:35,4.95,-0.01,51,25245,中性盘
292,14:29:32,4.96,0.02,11,5456,买盘
293,14:29:29,4.94,-0.01,235,116090,卖盘
294,14:29:23,4.95,--,45,22275,买盘
295,14:29:11,4.95,0.01,5,2475,买盘
296,14:29:08,4.94,--,16,7908,卖盘
297,14:29:05,4.94,--,32,15808,卖盘
298,14:28:59,4.94,-0.01,401,198094,卖盘
299,14:28:56,4.95,--,32,15840,卖盘
300,14:28:50,4.95,-0.01,167,82665,卖盘
301,14:28:44,4.96,0.01,592,293632,买盘
302,14:28:41,4.95,--,26,12870,卖盘
303,14:28:29,4.95,--,16,7920,卖盘
304,14:28:14,4.95,--,16,7920,卖盘
305,14:28:11,4.95,-0.01,10,4950,卖盘
306,14:27:59,4.96,--,21,10416,买盘
307,14:27:47,4.96,0.01,11,5456,买盘
308,14:27:32,4.95,-0.01,116,57420,卖盘
309,14:27:20,4.96,0.01,20,9920,买盘
310,14:27:02,4.95,-0.01,300,148500,卖盘
311,14:26:59,4.96,--,270,133920,买盘
312,14:26:50,4.96,--,160,79360,买盘
313,14:26:41,4.96,0.01,14,6944,买盘
314,14:26:08,4.95,--,3,1485,卖盘
315,14:26:02,4.95,-0.01,5,2475,卖盘
316,14:25:56,4.96,0.01,11,5456,买盘
317,14:25:47,4.95,-0.01,200,99000,卖盘
318,14:25:44,4.96,0.01,1000,496000,买盘
319,14:25:26,4.95,-0.01,4,1980,卖盘
320,14:25:02,4.96,-0.01,7,3839,卖盘
321,14:24:50,4.97,0.01,1,497,买盘
322,14:24:47,4.96,--,20,9920,卖盘
323,14:24:44,4.96,--,5,2480,卖盘
324,14:24:32,4.96,--,3,1488,卖盘
325,14:24:29,4.96,--,264,131072,买盘
326,14:24:08,4.96,--,11,5456,买盘
327,14:23:44,4.96,0.01,573,284208,买盘
328,14:23:32,4.95,-0.01,3,1485,卖盘
329,14:22:59,4.96,--,591,293136,买盘
330,14:22:26,4.96,--,22,10912,买盘
331,14:22:23,4.96,0.01,11,5456,买盘
332,14:22:14,4.95,-0.01,14,6930,卖盘
333,14:22:11,4.96,--,29,14384,买盘
334,14:21:59,4.96,--,27,13392,买盘
335,14:21:56,4.96,--,15,7807,卖盘
336,14:21:50,4.96,--,123,61008,卖盘
337,14:21:47,4.96,--,10,4960,卖盘
338,14:21:20,4.96,--,1211,600656,卖盘
339,14:21:17,4.96,--,45,22320,卖盘
340,14:21:14,4.96,--,20,9920,卖盘
341,14:20:50,4.96,-0.01,10,4960,卖盘
342,14:20:38,4.97,--,14,6958,买盘
343,14:20:32,4.97,0.01,11,5467,买盘
344,14:20:08,4.96,--,501,248624,买盘
345,14:19:40,4.96,--,17,8432,卖盘
346,14:19:25,4.96,--,4,1984,卖盘
347,14:19:07,4.96,-0.01,80,39680,卖盘
348,14:18:46,4.97,0.01,11,5467,买盘
349,14:18:40,4.96,--,60,29760,卖盘
350,14:18:37,4.96,--,55,27280,卖盘
351,14:17:49,4.96,-0.01,7,3472,卖盘
352,14:16:55,4.97,--,11,5467,买盘
353,14:16:52,4.97,0.01,602,299194,买盘
354,14:16:49,4.96,--,24,11904,卖盘
355,14:16:43,4.96,--,187,92752,卖盘
356,14:16:10,4.96,--,5,2480,卖盘
357,14:15:58,4.96,--,16,7936,卖盘
358,14:15:46,4.96,--,50,24800,卖盘
359,14:15:43,4.96,--,5,2480,卖盘
360,14:15:22,4.96,--,2,992,卖盘
361,14:15:13,4.96,--,4,1984,买盘
362,14:15:10,4.96,--,11,5456,买盘
363,14:15:04,4.96,--,10,4960,买盘
364,14:14:46,4.96,--,50,24800,买盘
365,14:14:37,4.96,--,2,992,买盘
366,14:14:25,4.96,--,2,992,买盘
367,14:14:22,4.96,--,100,49600,中性盘
368,14:14:01,4.96,-0.01,40,19840,中性盘
369,14:13:46,4.97,0.01,176,87472,买盘
370,14:13:34,4.96,--,379,187984,卖盘
371,14:13:28,4.96,--,20,9920,卖盘
372,14:13:25,4.96,--,602,298592,买盘
373,14:13:19,4.96,--,11,5456,买盘
374,14:13:13,4.96,--,2,992,买盘
375,14:12:52,4.96,--,592,293632,买盘
376,14:12:49,4.96,0.01,2,992,买盘
377,14:11:52,4.95,--,16,7920,卖盘
378,14:11:49,4.95,-0.01,2,1435,卖盘
379,14:11:34,4.96,0.02,11,5456,买盘
380,14:11:07,4.94,-0.02,16,7904,卖盘
381,14:10:49,4.96,--,1,496,卖盘
382,14:10:34,4.96,-0.01,200,99200,卖盘
383,14:10:19,4.97,0.01,20,9940,买盘
384,14:10:04,4.96,-0.01,20,9920,卖盘
385,14:09:46,4.97,0.01,11,5467,买盘
386,14:09:34,4.96,--,1,496,卖盘
387,14:09:31,4.96,--,110,54560,卖盘
388,14:09:28,4.96,--,206,102176,卖盘
389,14:09:22,4.96,--,10,4960,卖盘
390,14:09:19,4.96,--,343,170128,买盘
391,14:09:04,4.96,--,200,99200,买盘
392,14:08:49,4.96,0.02,11,5456,买盘
393,14:08:04,4.94,-0.02,50,24700,卖盘
394,14:07:55,4.96,0.01,11,5456,买盘
395,14:07:43,4.95,--,1098,543510,卖盘
396,14:07:31,4.95,-0.01,2,990,卖盘
397,14:07:13,4.96,-0.01,452,224192,卖盘
398,14:07:01,4.97,--,671,333487,买盘
399,14:06:49,4.97,--,92,45724,买盘
400,14:06:37,4.97,0.01,1,497,买盘
401,14:06:25,4.96,--,13,6448,卖盘
402,14:06:19,4.96,-0.01,15,7440,卖盘
403,14:06:10,4.97,0.01,11,5467,买盘
404,14:05:58,4.96,--,10,4960,卖盘
405,14:05:55,4.96,-0.01,260,128960,卖盘
406,14:05:25,4.97,--,86,42742,买盘
407,14:05:10,4.97,--,33,16401,买盘
408,14:05:04,4.97,--,80,39760,买盘
409,14:04:43,4.97,--,104,51688,买盘
410,14:04:31,4.97,--,300,149100,买盘
411,14:04:19,4.97,0.01,211,104867,买盘
412,14:04:16,4.96,--,55,27280,卖盘
413,14:04:13,4.96,--,10,4960,卖盘
414,14:04:10,4.96,0.01,128,63488,买盘
415,14:03:49,4.95,-0.01,150,74250,卖盘
416,14:03:46,4.96,--,10,4960,买盘
417,14:03:40,4.96,--,142,70432,买盘
418,14:03:34,4.96,0.01,4,1984,买盘
419,14:03:31,4.95,-0.01,23,11385,卖盘
420,14:03:19,4.96,--,20,9920,买盘
421,14:03:13,4.96,--,81,40176,卖盘
422,14:03:10,4.96,--,106,52576,买盘
423,14:02:49,4.96,--,480,238080,买盘
424,14:02:34,4.96,0.01,11,5456,买盘
425,14:02:31,4.95,--,765,378675,买盘
426,14:02:07,4.95,--,526,260370,买盘
427,14:01:58,4.95,0.01,592,293040,买盘
428,14:01:49,4.94,-0.02,787,388778,卖盘
429,14:01:22,4.96,--,205,101680,卖盘
430,14:01:19,4.96,--,400,198400,卖盘
431,14:01:16,4.96,-0.01,60,29760,卖盘
432,14:01:01,4.97,-0.01,1860,924420,卖盘
433,14:00:52,4.98,--,70,34860,买盘
434,14:00:46,4.98,--,11,5478,买盘
435,14:00:40,4.98,0.01,200,99600,买盘
436,14:00:30,4.97,-0.01,20,9940,卖盘
437,14:00:27,4.98,--,155,77558,卖盘
438,14:00:24,4.98,0.01,429,213771,买盘
439,14:00:18,4.97,--,643,319571,卖盘
440,14:00:12,4.97,--,100,49700,卖盘
441,14:00:03,4.97,--,359,178423,买盘
442,13:59:54,4.97,--,11,5467,买盘
443,13:59:51,4.97,--,16,7952,买盘
444,13:59:48,4.97,--,50,24850,买盘
445,13:59:30,4.97,--,20,9940,买盘
446,13:59:27,4.97,-0.01,37,18389,卖盘
447,13:59:24,4.98,0.01,500,249000,买盘
448,13:59:21,4.97,--,85,42245,买盘
449,13:59:18,4.97,--,625,310625,买盘
450,13:59:15,4.97,--,77,38269,买盘
451,13:59:09,4.97,--,81,40257,买盘
452,13:59:06,4.97,--,15,7455,买盘
453,13:59:03,4.97,--,16,7952,买盘
454,13:59:00,4.97,-0.01,498,247506,卖盘
455,13:58:54,4.98,0.01,400,199200,买盘
456,13:58:48,4.97,-0.01,10,4970,卖盘
457,13:58:45,4.98,0.01,10,4980,买盘
458,13:58:39,4.97,--,153,76041,买盘
459,13:58:36,4.97,--,728,361816,买盘
460,13:58:27,4.97,0.01,20,9940,买盘
461,13:58:18,4.96,--,639,316944,买盘
462,13:58:12,4.96,--,10,4960,买盘
463,13:58:09,4.96,0.01,967,479632,买盘
464,13:58:06,4.95,-0.01,202,99990,卖盘
465,13:58:00,4.96,0.01,2,992,买盘
466,13:57:54,4.95,--,24,11880,买盘
467,13:57:51,4.95,0.01,1270,628650,买盘
468,13:57:36,4.94,--,732,361608,买盘
469,13:57:33,4.94,--,200,98800,买盘
470,13:57:27,4.94,0.01,592,292448,买盘
471,13:57:15,4.93,--,121,59978,买盘
472,13:57:09,4.93,--,211,104023,买盘
473,13:57:03,4.93,--,15,7395,买盘
474,13:56:57,4.93,--,97,47821,买盘
475,13:56:54,4.93,--,30,14790,买盘
476,13:56:51,4.93,--,72,35496,买盘
477,13:56:30,4.93,--,40,19720,买盘
478,13:56:24,4.93,--,503,247979,买盘
479,13:55:48,4.93,--,150,73950,买盘
480,13:55:24,4.93,--,22,10846,买盘
481,13:55:18,4.93,0.01,11,5423,买盘
482,13:55:12,4.92,-0.01,27,13284,卖盘
483,13:55:00,4.93,0.01,6,2958,买盘
484,13:54:36,4.92,0.01,8,3936,买盘
485,13:54:30,4.91,-0.01,75,36825,卖盘
486,13:54:21,4.92,--,200,98400,买盘
487,13:54:15,4.92,--,2,984,买盘
488,13:54:12,4.92,--,20,9840,买盘
489,13:54:00,4.92,--,5,2460,买盘
490,13:53:33,4.92,0.01,11,5412,买盘
491,13:53:12,4.91,-0.01,592,290672,卖盘
492,13:53:06,4.92,0.01,4,1968,买盘
493,13:53:03,4.91,-0.01,3,1851,卖盘
494,13:52:54,4.92,--,4,1968,买盘
495,13:52:39,4.92,-0.01,180,88560,卖盘
496,13:52:33,4.93,0.01,20,9860,买盘
497,13:52:27,4.92,-0.01,74,36408,卖盘
498,13:51:42,4.93,0.01,11,5423,买盘
499,13:51:24,4.92,-0.01,100,49200,卖盘
500,13:51:03,4.93,--,9,4437,买盘
501,13:50:57,4.93,--,46,22678,买盘
502,13:50:27,4.93,0.01,176,86768,买盘
503,13:49:57,4.92,--,11,5412,买盘
504,13:49:51,4.92,--,18,8856,买盘
505,13:49:24,4.92,--,186,91512,买盘
506,13:49:09,4.92,--,50,24600,买盘
507,13:48:09,4.92,0.02,11,5412,买盘
508,13:47:30,4.9,--,2,980,卖盘
509,13:47:18,4.9,-0.01,89,43610,卖盘
510,13:47:06,4.91,--,106,52046,买盘
511,13:47:03,4.91,0.01,32,15712,买盘
512,13:47:00,4.9,-0.01,160,78400,卖盘
513,13:46:48,4.91,--,627,307857,买盘
514,13:46:21,4.91,0.01,11,5401,买盘
515,13:46:09,4.9,-0.01,4,1960,卖盘
516,13:46:06,4.91,0.01,5,2455,买盘
517,13:45:57,4.9,-0.01,1,490,卖盘
518,13:45:42,4.91,--,3,1473,买盘
519,13:44:54,4.91,--,10,4910,买盘
520,13:44:33,4.91,--,11,5401,买盘
521,13:42:57,4.91,--,14,6874,买盘
522,13:42:42,4.91,--,11,5401,买盘
523,13:41:27,4.91,--,6,2946,买盘
524,13:40:57,4.91,--,11,5401,买盘
525,13:40:51,4.91,--,592,290672,买盘
526,13:39:08,4.91,--,11,5401,买盘
527,13:39:02,4.91,0.01,25,12275,买盘
528,13:38:23,4.9,0.01,553,271450,买盘
529,13:37:53,4.89,-0.01,44,21516,卖盘
530,13:37:47,4.9,0.01,50,24500,买盘
531,13:37:44,4.89,-0.01,11,5379,卖盘
532,13:37:20,4.9,0.01,11,5390,买盘
533,13:36:50,4.89,--,142,69438,卖盘
534,13:36:20,4.89,--,400,195600,卖盘
535,13:36:14,4.89,-0.01,40,19560,卖盘
536,13:35:56,4.9,0.01,4,1960,买盘
537,13:35:41,4.89,-0.01,1628,796092,卖盘
538,13:35:35,4.9,--,21,10290,买盘
539,13:35:32,4.9,--,11,5390,买盘
540,13:35:26,4.9,--,8,3920,买盘
541,13:35:14,4.9,--,846,414549,卖盘
542,13:35:05,4.9,--,11,5390,卖盘
543,13:35:02,4.9,--,30,14700,卖盘
544,13:34:59,4.9,--,30,14700,卖盘
545,13:34:29,4.9,--,75,36750,卖盘
546,13:33:59,4.9,-0.01,20,9800,卖盘
547,13:33:47,4.91,0.01,11,5401,买盘
548,13:33:38,4.9,--,89,43610,卖盘
549,13:33:32,4.9,--,300,147000,卖盘
550,13:32:44,4.9,--,548,268520,卖盘
551,13:32:29,4.9,-0.01,22,10780,卖盘
552,13:31:56,4.91,0.01,11,5401,买盘
553,13:31:41,4.9,-0.01,20,9800,卖盘
554,13:31:29,4.91,0.01,93,45663,买盘
555,13:31:26,4.9,-0.01,142,69580,卖盘
556,13:31:23,4.91,0.01,1,491,买盘
557,13:31:08,4.9,--,2,980,卖盘
558,13:30:59,4.9,--,16,7840,卖盘
559,13:30:47,4.9,--,6,2940,卖盘
560,13:30:35,4.9,-0.01,20,9800,卖盘
561,13:30:32,4.91,--,10,4910,买盘
562,13:30:29,4.91,0.01,389,190999,买盘
563,13:30:26,4.9,--,65,31850,卖盘
564,13:30:20,4.9,-0.01,16,7840,卖盘
565,13:30:11,4.91,--,50,24550,买盘
566,13:30:08,4.91,--,11,5401,买盘
567,13:29:14,4.91,--,500,245500,买盘
568,13:29:11,4.91,--,1245,611295,卖盘
569,13:28:47,4.91,-0.01,10,4910,卖盘
570,13:28:20,4.92,--,39,19188,买盘
571,13:28:17,4.92,--,156,76752,买盘
572,13:27:59,4.92,0.01,560,275520,买盘
573,13:27:08,4.91,-0.01,16,7856,卖盘
574,13:26:59,4.92,0.01,6,2952,买盘
575,13:26:53,4.91,-0.01,10,4910,卖盘
576,13:26:32,4.92,0.01,11,5412,买盘
577,13:26:11,4.91,--,3,1473,卖盘
578,13:25:08,4.91,--,14,6874,卖盘
579,13:25:02,4.91,--,16,7856,卖盘
580,13:24:53,4.91,-0.01,16,7856,卖盘
581,13:24:47,4.92,0.01,11,5412,买盘
582,13:24:20,4.91,--,10,4910,卖盘
583,13:23:41,4.91,-0.01,3,1473,卖盘
584,13:22:56,4.92,--,11,5412,买盘
585,13:22:29,4.92,-0.01,3,1682,卖盘
586,13:22:20,4.93,0.01,592,291856,买盘
587,13:22:17,4.92,--,66,32472,卖盘
588,13:21:41,4.92,--,25,12300,卖盘
589,13:21:38,4.92,--,457,225129,买盘
590,13:21:08,4.92,--,11,5412,买盘
591,13:20:38,4.92,0.01,50,24600,买盘
592,13:20:29,4.91,-0.01,100,49100,卖盘
593,13:19:47,4.92,--,20,9840,买盘
594,13:19:19,4.92,--,11,5412,买盘
595,13:19:01,4.92,--,41,20172,买盘
596,13:18:49,4.92,--,100,49200,买盘
597,13:17:58,4.92,--,1,492,买盘
598,13:17:37,4.92,--,100,49200,买盘
599,13:17:34,4.92,--,11,5412,买盘
600,13:17:01,4.92,--,1000,492000,买盘
601,13:16:10,4.92,0.01,8,3936,买盘
602,13:16:07,4.91,--,2,982,卖盘
603,13:15:43,4.91,-0.01,13,6383,卖盘
604,13:15:34,4.92,0.01,5,2460,买盘
605,13:15:10,4.91,--,132,64812,买盘
606,13:14:52,4.91,--,17,8347,买盘
607,13:14:40,4.91,0.01,1,491,中性盘
608,13:14:19,4.9,--,1,490,卖盘
609,13:14:13,4.9,-0.01,15,7350,卖盘
610,13:14:10,4.91,--,87,43198,买盘
611,13:14:07,4.91,--,15,7365,买盘
612,13:13:55,4.91,0.01,11,5401,买盘
613,13:13:49,4.9,--,2,980,卖盘
614,13:13:46,4.9,--,2,980,卖盘
615,13:13:25,4.9,0.01,7,3430,买盘
616,13:13:22,4.89,-0.01,20,9780,卖盘
617,13:13:04,4.9,--,150,73500,买盘
618,13:12:31,4.9,--,95,46550,买盘
619,13:12:07,4.9,0.01,11,5390,买盘
620,13:11:52,4.89,-0.01,65,31784,卖盘
621,13:11:31,4.9,0.01,20,9800,买盘
622,13:11:13,4.89,-0.01,2,977,卖盘
623,13:11:01,4.9,0.01,24,11760,买盘
624,13:10:58,4.89,--,10,4890,卖盘
625,13:10:55,4.89,-0.01,20,9780,卖盘
626,13:10:31,4.9,--,10,4900,买盘
627,13:10:28,4.9,--,81,39690,买盘
628,13:10:19,4.9,0.01,11,5390,买盘
629,13:09:43,4.89,--,16,7823,卖盘
630,13:08:34,4.89,-0.01,59,28850,卖盘
631,13:08:31,4.9,--,11,5390,买盘
632,13:07:58,4.9,0.01,10,4900,买盘
633,13:06:55,4.89,-0.01,4,1955,卖盘
634,13:06:49,4.9,--,6,2940,中性盘
635,13:06:43,4.9,--,11,5390,买盘
636,13:05:52,4.9,--,9,4410,卖盘
637,13:05:22,4.9,--,50,24500,卖盘
638,13:05:19,4.9,-0.01,11,5390,卖盘
639,13:04:58,4.91,0.01,11,5401,买盘
640,13:04:55,4.9,-0.01,14,6860,卖盘
641,13:04:07,4.91,--,22,10802,买盘
642,13:03:58,4.91,--,30,14730,买盘
643,13:03:43,4.91,--,102,50082,买盘
644,13:03:16,4.91,--,2,982,买盘
645,13:03:07,4.91,0.01,11,5401,买盘
646,13:03:04,4.9,--,50,24500,卖盘
647,13:02:46,4.9,--,3,1715,卖盘
648,13:02:19,4.9,--,1,490,卖盘
649,13:01:16,4.9,-0.01,204,99960,卖盘
650,13:00:31,4.91,--,73,35852,卖盘
651,13:00:13,4.91,--,10,4910,卖盘
652,13:00:07,4.91,--,36,18157,卖盘
653,13:00:04,4.91,0.01,191,93781,买盘
654,11:29:50,4.9,-0.01,5,2450,卖盘
655,11:29:29,4.91,0.02,38,18658,买盘
656,11:29:26,4.89,-0.01,1,488,卖盘
657,11:29:17,4.9,--,50,24500,买盘
658,11:29:14,4.9,--,3,1470,买盘
659,11:29:02,4.9,--,500,245000,买盘
660,11:28:41,4.9,--,30,14700,买盘
661,11:28:32,4.9,-0.01,11,5390,中性盘
662,11:27:44,4.91,0.02,11,5401,买盘
663,11:27:29,4.89,--,24,11736,卖盘
664,11:27:17,4.89,--,0,48,卖盘
665,11:27:05,4.89,--,123,60146,卖盘
666,11:26:56,4.89,-0.02,27,13203,卖盘
667,11:26:50,4.91,0.02,204,100164,买盘
668,11:26:38,4.89,--,278,135942,买盘
669,11:26:26,4.89,-0.01,22,10758,卖盘
670,11:26:08,4.9,--,1,490,买盘
671,11:25:53,4.9,-0.01,57,27930,卖盘
672,11:25:44,4.91,0.01,24,11784,买盘
673,11:25:08,4.9,--,25,12250,卖盘
674,11:24:59,4.9,--,30,14700,卖盘
675,11:24:53,4.9,--,16,7840,卖盘
676,11:24:32,4.9,-0.02,20,9800,卖盘
677,11:24:29,4.92,0.01,49,24108,买盘
678,11:24:20,4.91,--,46,22586,买盘
679,11:24:14,4.91,--,193,94763,买盘
680,11:24:08,4.91,0.01,11,5401,买盘
681,11:23:50,4.9,--,2,980,卖盘
682,11:23:44,4.9,--,30,14700,卖盘
683,11:23:23,4.9,--,4,1960,卖盘
684,11:23:14,4.9,--,39,19110,卖盘
685,11:23:05,4.9,--,26,12740,卖盘
686,11:22:56,4.9,--,36,17640,买盘
687,11:22:53,4.9,--,64,31360,卖盘
688,11:22:38,4.9,0.02,336,164640,买盘
689,11:22:23,4.88,-0.02,36,17568,卖盘
690,11:22:20,4.9,--,2,980,买盘
691,11:22:17,4.9,--,11,5390,买盘
692,11:21:53,4.9,0.02,1,490,买盘
693,11:21:26,4.88,--,21,10457,买盘
694,11:21:14,4.88,--,20,9760,买盘
695,11:21:05,4.88,-0.02,468,228662,卖盘
696,11:20:50,4.9,0.01,15,7350,买盘
697,11:20:41,4.89,--,20,9780,卖盘
698,11:20:35,4.89,-0.01,23,11247,卖盘
699,11:20:32,4.9,0.01,11,5390,买盘
700,11:19:38,4.89,-0.01,16,7823,卖盘
701,11:18:55,4.9,0.01,26,12740,买盘
702,11:18:52,4.89,-0.01,0,244,卖盘
703,11:18:43,4.9,0.01,31,15190,买盘
704,11:17:31,4.89,0.01,80,39120,买盘
705,11:17:25,4.88,--,6,2928,卖盘
706,11:17:22,4.88,-0.02,16,7808,卖盘
707,11:16:52,4.9,0.02,11,5390,买盘
708,11:16:40,4.88,-0.01,51,24888,卖盘
709,11:16:28,4.89,-0.01,1,488,卖盘
710,11:15:58,4.9,--,111,54390,买盘
711,11:15:34,4.9,0.01,5,2450,买盘
712,11:15:28,4.89,-0.01,139,67971,卖盘
713,11:15:07,4.9,0.01,119,58765,买盘
714,11:14:31,4.89,0.01,10,4890,买盘
715,11:14:04,4.88,-0.01,51,24888,卖盘
716,11:13:52,4.89,-0.01,61,29863,卖盘
717,11:13:46,4.9,0.01,145,71050,买盘
718,11:13:19,4.89,--,189,92875,买盘
719,11:13:16,4.89,0.01,11,5379,买盘
720,11:13:10,4.88,0.01,70,34160,买盘
721,11:12:37,4.87,--,9,4383,卖盘
722,11:12:31,4.87,-0.01,21,10227,卖盘
723,11:12:25,4.88,--,31,15128,买盘
724,11:12:01,4.88,--,20,9760,买盘
725,11:11:31,4.88,--,11,5368,买盘
726,11:11:07,4.88,--,95,46360,买盘
727,11:10:19,4.88,0.01,10,4880,买盘
728,11:10:10,4.87,--,50,24350,卖盘
729,11:09:49,4.87,--,1,487,卖盘
730,11:09:46,4.87,-0.01,108,52596,卖盘
731,11:09:43,4.88,--,3,1498,卖盘
732,11:09:40,4.88,0.01,7,3869,买盘
733,11:09:37,4.87,0.01,55,26785,买盘
734,11:09:34,4.86,-0.01,115,55890,卖盘
735,11:09:28,4.87,--,30,14610,买盘
736,11:08:43,4.87,-0.02,120,58440,卖盘
737,11:07:58,4.89,--,6,2934,买盘
738,11:07:55,4.89,0.01,11,5379,买盘
739,11:07:43,4.88,0.01,25,12200,买盘
740,11:07:34,4.87,--,63,30880,买盘
741,11:07:10,4.87,--,166,80842,买盘
742,11:07:01,4.87,--,20,9740,买盘
743,11:06:34,4.87,--,23,11201,买盘
744,11:06:25,4.87,--,5,2435,买盘
745,11:06:16,4.87,--,23,11201,买盘
746,11:06:07,4.87,--,61,29707,买盘
747,11:05:52,4.87,--,6,2922,买盘
748,11:05:25,4.87,0.01,2,974,买盘
749,11:05:19,4.86,--,10,4860,卖盘
750,11:05:16,4.86,--,101,49455,买盘
751,11:05:13,4.86,--,58,28188,买盘
752,11:05:10,4.86,--,100,48600,买盘
753,11:04:58,4.86,--,50,24300,买盘
754,11:04:43,4.86,-0.01,281,136566,卖盘
755,11:04:40,4.87,--,12,5844,买盘
756,11:04:34,4.87,0.01,1,487,买盘
757,11:04:28,4.86,-0.01,250,121500,卖盘
758,11:04:16,4.87,--,11,5357,买盘
759,11:04:13,4.87,-0.01,175,85512,卖盘
760,11:04:07,4.88,0.01,97,47336,买盘
761,11:03:58,4.87,--,81,39646,买盘
762,11:03:49,4.87,--,100,48700,买盘
763,11:03:43,4.87,--,50,24350,买盘
764,11:03:31,4.87,--,77,37786,卖盘
765,11:03:19,4.87,--,10,4870,卖盘
766,11:02:52,4.87,--,81,39646,卖盘
767,11:02:43,4.87,-0.01,13,6331,卖盘
768,11:02:31,4.88,--,11,5368,买盘
769,11:02:28,4.88,0.01,6,2928,买盘
770,11:02:16,4.87,--,10,4870,卖盘
771,11:02:07,4.87,--,35,17045,卖盘
772,11:01:58,4.87,-0.01,39,18993,卖盘
773,11:01:55,4.88,--,36,17568,卖盘
774,11:01:28,4.88,--,16,7808,卖盘
775,11:01:22,4.88,--,43,20984,卖盘
776,11:01:16,4.88,0.01,5,2440,买盘
777,11:01:07,4.87,--,3,1461,卖盘
778,11:01:04,4.87,-0.01,2,974,卖盘
779,11:00:58,4.88,0.01,10,4880,买盘
780,11:00:49,4.87,-0.01,41,19967,卖盘
781,11:00:40,4.88,--,11,5368,买盘
782,11:00:28,4.88,--,22,10736,卖盘
783,11:00:25,4.88,--,200,97600,卖盘
784,11:00:22,4.88,--,18,8784,卖盘
785,11:00:16,4.88,--,2,976,卖盘
786,11:00:07,4.88,--,16,7808,卖盘
787,11:00:01,4.88,0.01,2,976,卖盘
788,10:59:55,4.87,-0.02,510,248370,卖盘
789,10:59:25,4.89,--,54,26523,卖盘
790,10:59:13,4.89,--,1,488,卖盘
791,10:58:55,4.89,-0.01,20,9780,卖盘
792,10:58:33,4.9,0.01,95,46550,买盘
793,10:58:27,4.89,0.01,168,82523,买盘
794,10:58:09,4.88,--,44,21472,买盘
795,10:57:57,4.88,--,11,5368,卖盘
796,10:57:54,4.88,--,4,1952,卖盘
797,10:57:36,4.88,--,60,29280,卖盘
798,10:57:21,4.88,-0.01,4,1952,卖盘
799,10:57:06,4.89,0.02,11,5379,买盘
800,10:57:03,4.87,--,91,44317,卖盘
801,10:56:06,4.87,--,8,3896,卖盘
802,10:56:00,4.87,-0.02,16,7792,卖盘
803,10:55:51,4.89,0.02,17,8313,买盘
804,10:55:39,4.87,--,172,83764,卖盘
805,10:55:36,4.87,--,49,23863,卖盘
806,10:55:30,4.87,--,16,7792,卖盘
807,10:55:27,4.87,-0.02,51,24837,卖盘
808,10:55:24,4.89,--,67,32762,买盘
809,10:55:15,4.89,0.02,11,5379,买盘
810,10:55:00,4.87,--,3,1461,卖盘
811,10:54:33,4.87,--,89,43343,买盘
812,10:54:30,4.87,--,5,2435,买盘
813,10:54:18,4.87,-0.01,416,202592,卖盘
814,10:54:06,4.88,-0.01,4,1952,卖盘
815,10:53:57,4.89,0.01,95,46455,买盘
816,10:53:54,4.88,--,1,488,卖盘
817,10:53:36,4.88,--,3,1464,卖盘
818,10:53:33,4.88,-0.01,9,4392,卖盘
819,10:53:30,4.89,0.01,11,5379,买盘
820,10:53:12,4.88,--,30,14640,卖盘
821,10:52:57,4.88,--,195,95160,卖盘
822,10:52:48,4.88,-0.01,40,19520,卖盘
823,10:52:45,4.89,0.01,21,10269,买盘
824,10:52:42,4.88,-0.01,2,976,卖盘
825,10:52:36,4.89,--,18,8802,买盘
826,10:52:33,4.89,--,3,1467,买盘
827,10:51:39,4.89,0.01,11,5379,买盘
828,10:51:09,4.88,--,84,41109,卖盘
829,10:51:06,4.88,--,91,44408,卖盘
830,10:51:00,4.88,-0.01,186,90768,卖盘
831,10:49:54,4.89,--,11,5379,买盘
832,10:48:51,4.89,-0.01,8,3911,卖盘
833,10:48:12,4.9,--,5,2450,买盘
834,10:48:03,4.9,--,11,5390,买盘
835,10:47:42,4.9,--,11,5390,买盘
836,10:47:39,4.9,0.02,65,31850,买盘
837,10:47:36,4.88,-0.01,46,22448,卖盘
838,10:47:33,4.89,--,20,9780,卖盘
839,10:47:30,4.89,--,10,4890,买盘
840,10:47:21,4.89,0.01,10,4890,买盘
841,10:47:06,4.88,--,10,4880,卖盘
842,10:46:57,4.88,--,80,39040,卖盘
843,10:46:54,4.88,--,12,6226,买盘
844,10:46:51,4.88,0.01,200,97600,买盘
845,10:46:39,4.87,--,85,41395,卖盘
846,10:46:27,4.87,-0.01,10,4870,卖盘
847,10:46:18,4.88,0.01,11,5368,买盘
848,10:46:09,4.87,--,85,41395,买盘
849,10:45:57,4.87,--,50,24350,买盘
850,10:45:51,4.87,--,2,974,卖盘
851,10:45:48,4.87,0.01,18,8766,买盘
852,10:45:45,4.86,-0.01,16,7776,卖盘
853,10:45:42,4.87,0.01,50,24350,买盘
854,10:45:39,4.86,-0.01,17,8262,卖盘
855,10:45:36,4.87,0.01,50,24350,买盘
856,10:45:24,4.86,-0.01,170,82620,卖盘
857,10:45:21,4.87,--,9,4383,买盘
858,10:45:15,4.87,0.01,65,31655,买盘
859,10:45:12,4.86,-0.01,17,8262,卖盘
860,10:45:06,4.87,--,30,14610,卖盘
861,10:45:03,4.87,--,26,12662,卖盘
862,10:45:00,4.87,--,46,22402,买盘
863,10:44:57,4.87,--,54,26298,卖盘
864,10:44:48,4.87,--,372,181164,卖盘
865,10:44:45,4.87,--,59,28733,卖盘
866,10:44:42,4.87,--,5,2435,卖盘
867,10:44:39,4.87,--,32,15584,卖盘
868,10:44:36,4.87,-0.01,12,5844,卖盘
869,10:44:30,4.88,--,11,5368,买盘
870,10:44:09,4.88,-0.01,492,240096,卖盘
871,10:43:48,4.89,--,20,9780,买盘
872,10:43:42,4.89,--,11,5379,买盘
873,10:43:39,4.89,0.01,5,2445,买盘
874,10:43:36,4.88,--,1030,502640,卖盘
875,10:43:33,4.88,-0.01,100,48800,卖盘
876,10:43:30,4.89,--,39,19071,卖盘
877,10:43:27,4.89,0.01,21,10269,买盘
878,10:43:18,4.88,-0.01,254,123952,卖盘
879,10:42:48,4.89,--,6,2934,买盘
880,10:42:45,4.89,--,11,5379,买盘
881,10:42:39,4.89,--,1,488,买盘
882,10:42:33,4.89,0.01,171,83619,买盘
883,10:42:30,4.88,--,50,24400,卖盘
884,10:42:24,4.88,-0.01,50,24400,卖盘
885,10:42:12,4.89,-0.01,1020,498779,卖盘
886,10:41:45,4.9,--,61,29890,卖盘
887,10:41:33,4.9,--,40,19600,卖盘
888,10:41:00,4.9,--,19,9310,买盘
889,10:40:57,4.9,-0.01,61,29890,卖盘
890,10:40:54,4.91,0.01,11,5401,买盘
891,10:40:48,4.9,--,100,49000,买盘
892,10:40:45,4.9,--,72,35427,卖盘
893,10:40:39,4.9,--,400,196000,卖盘
894,10:40:03,4.9,-0.01,39,19110,卖盘
895,10:39:54,4.91,0.01,2,982,买盘
896,10:39:42,4.9,--,54,26460,卖盘
897,10:39:33,4.9,--,119,58310,卖盘
898,10:39:27,4.9,-0.01,1,490,卖盘
899,10:39:03,4.91,0.01,11,5401,买盘
900,10:38:57,4.9,-0.01,45,22050,卖盘
901,10:38:45,4.91,--,15,7365,买盘
902,10:38:02,4.91,--,102,50082,买盘
903,10:37:17,4.91,--,11,5401,买盘
904,10:37:08,4.91,--,240,117840,买盘
905,10:36:32,4.91,0.01,89,43699,买盘
906,10:36:20,4.9,--,246,120540,卖盘
907,10:36:02,4.9,-0.01,9,4410,卖盘
908,10:35:56,4.91,--,72,35352,卖盘
909,10:35:53,4.91,0.01,107,52537,买盘
910,10:35:50,4.9,-0.01,22,10780,卖盘
911,10:35:29,4.91,--,11,5401,买盘
912,10:35:23,4.91,0.01,10,4910,买盘
913,10:35:20,4.9,-0.01,180,88200,卖盘
914,10:34:44,4.91,--,2,982,买盘
915,10:34:41,4.91,0.01,11,5401,买盘
916,10:34:38,4.9,-0.01,33,16655,卖盘
917,10:34:29,4.91,0.01,2,986,买盘
918,10:34:23,4.9,--,50,24500,卖盘
919,10:34:20,4.9,-0.01,10,4900,卖盘
920,10:34:14,4.91,0.01,293,143863,买盘
921,10:34:08,4.9,--,135,66150,卖盘
922,10:34:05,4.9,-0.01,43,21070,卖盘
923,10:33:53,4.91,0.01,50,24550,买盘
924,10:33:41,4.9,--,211,103390,卖盘
925,10:33:38,4.9,-0.01,11,5390,卖盘
926,10:33:32,4.91,0.01,1,491,买盘
927,10:33:17,4.9,--,3,1470,卖盘
928,10:33:11,4.9,--,50,24500,卖盘
929,10:32:56,4.9,-0.01,10,4900,卖盘
930,10:32:47,4.91,0.01,100,49100,买盘
931,10:32:44,4.9,--,53,25970,卖盘
932,10:32:29,4.9,--,77,37730,卖盘
933,10:32:11,4.9,--,5,2450,卖盘
934,10:32:08,4.9,-0.01,1,490,卖盘
935,10:31:53,4.91,--,11,5401,买盘
936,10:31:41,4.91,--,307,151223,卖盘
937,10:31:35,4.91,--,558,273978,卖盘
938,10:31:32,4.91,--,100,49100,卖盘
939,10:31:26,4.91,--,215,105565,卖盘
940,10:31:20,4.91,--,5,2455,卖盘
941,10:31:17,4.91,--,50,24550,卖盘
942,10:31:14,4.91,--,199,97709,卖盘
943,10:31:05,4.91,--,154,75614,卖盘
944,10:30:59,4.91,--,16,7856,卖盘
945,10:30:50,4.91,--,51,25041,卖盘
946,10:30:38,4.91,--,50,24550,卖盘
947,10:30:14,4.91,--,5,2455,卖盘
948,10:30:08,4.91,-0.01,27,13257,卖盘
949,10:29:17,4.92,0.01,50,24600,买盘
950,10:28:53,4.91,--,4,1964,卖盘
951,10:28:29,4.91,--,28,13748,卖盘
952,10:28:20,4.91,-0.01,0,284,卖盘
953,10:28:17,4.92,0.01,11,5412,买盘
954,10:28:05,4.91,--,40,19640,卖盘
955,10:28:02,4.91,-0.01,111,54501,卖盘
956,10:27:23,4.92,0.01,20,9840,买盘
957,10:26:56,4.91,-0.01,47,23077,卖盘
958,10:26:29,4.92,--,31,15252,买盘
959,10:26:23,4.92,--,5,2460,买盘
960,10:26:11,4.92,--,1,492,买盘
961,10:25:05,4.92,0.01,80,39360,买盘
962,10:25:02,4.91,-0.01,4,2175,卖盘
963,10:24:50,4.92,--,100,49200,买盘
964,10:24:44,4.92,0.01,11,5412,买盘
965,10:24:23,4.91,-0.01,70,34370,卖盘
966,10:23:41,4.92,0.01,20,9840,买盘
967,10:23:35,4.91,-0.01,26,12766,卖盘
968,10:23:17,4.92,0.01,15,7380,买盘
969,10:23:11,4.91,--,1,491,卖盘
970,10:22:59,4.91,-0.01,1,491,卖盘
971,10:22:53,4.92,0.01,11,5412,买盘
972,10:22:11,4.91,--,3,1473,卖盘
973,10:21:56,4.91,--,32,15712,卖盘
974,10:21:38,4.91,--,10,4910,卖盘
975,10:21:29,4.91,-0.01,110,54010,卖盘
976,10:21:26,4.92,0.01,20,9840,买盘
977,10:21:14,4.91,--,300,147300,卖盘
978,10:21:05,4.91,--,15,7365,卖盘
979,10:20:44,4.91,--,40,19640,卖盘
980,10:20:35,4.91,--,57,27987,卖盘
981,10:20:26,4.91,--,158,77578,卖盘
982,10:19:56,4.91,-0.01,1,491,卖盘
983,10:19:38,4.92,--,20,9840,买盘
984,10:19:17,4.92,--,30,14760,买盘
985,10:19:11,4.92,--,354,174168,卖盘
986,10:19:08,4.92,--,30,14760,卖盘
987,10:18:56,4.92,--,20,9840,卖盘
988,10:18:19,4.92,0.01,17,8364,买盘
989,10:18:13,4.91,-0.01,16,7856,卖盘
990,10:17:46,4.92,0.01,100,49200,买盘
991,10:17:40,4.91,-0.01,16,7856,卖盘
992,10:17:31,4.92,--,11,5412,买盘
993,10:17:28,4.92,--,3,1476,买盘
994,10:17:19,4.92,0.01,20,9840,买盘
995,10:16:55,4.91,-0.01,16,7856,卖盘
996,10:16:52,4.92,0.01,8,3936,买盘
997,10:16:49,4.91,-0.01,32,15712,卖盘
998,10:16:46,4.92,--,73,35916,卖盘
999,10:16:25,4.92,--,2,984,卖盘
1000,10:16:19,4.92,--,1,492,卖盘
1001,10:15:49,4.92,-0.01,65,31980,卖盘
1002,10:15:40,4.93,0.01,11,5423,买盘
1003,10:15:22,4.92,--,14,6888,卖盘
1004,10:15:07,4.92,--,100,49200,卖盘
1005,10:14:31,4.92,--,25,12300,卖盘
1006,10:14:22,4.92,--,44,21648,卖盘
1007,10:14:07,4.92,-0.01,14,6888,卖盘
1008,10:13:52,4.93,0.01,11,5423,买盘
1009,10:13:28,4.92,--,5,2460,卖盘
1010,10:13:19,4.92,--,16,7872,卖盘
1011,10:13:04,4.92,--,50,24600,卖盘
1012,10:12:52,4.92,--,32,15744,卖盘
1013,10:12:46,4.92,--,16,7872,卖盘
1014,10:12:16,4.92,--,65,31980,卖盘
1015,10:12:13,4.92,--,16,7872,卖盘
1016,10:12:10,4.92,-0.01,16,7872,卖盘
1017,10:12:04,4.93,0.01,11,5423,买盘
1018,10:12:01,4.92,--,16,7872,卖盘
1019,10:11:58,4.92,--,32,15744,卖盘
1020,10:11:52,4.92,--,1,492,卖盘
1021,10:11:43,4.92,--,200,98400,卖盘
1022,10:11:10,4.92,--,1,492,卖盘
1023,10:10:52,4.92,--,2,984,卖盘
1024,10:10:31,4.92,--,10,4920,卖盘
1025,10:10:22,4.92,-0.01,5,2460,卖盘
1026,10:10:16,4.93,--,11,5423,买盘
1027,10:09:31,4.93,0.01,2,986,买盘
1028,10:09:28,4.92,--,5,2460,卖盘
1029,10:09:10,4.92,--,1,492,卖盘
1030,10:09:07,4.92,-0.01,5,2460,卖盘
1031,10:08:28,4.93,0.01,11,5423,买盘
1032,10:08:19,4.92,--,70,34440,卖盘
1033,10:08:16,4.92,--,13,6396,买盘
1034,10:07:52,4.92,--,20,9840,买盘
1035,10:07:31,4.92,--,7,3444,买盘
1036,10:07:10,4.92,--,20,9840,中性盘
1037,10:06:52,4.92,--,32,15744,买盘
1038,10:06:40,4.92,--,11,5412,买盘
1039,10:06:34,4.92,0.01,65,31980,买盘
1040,10:06:31,4.91,-0.01,16,7856,卖盘
1041,10:06:25,4.92,0.01,200,98400,买盘
1042,10:06:19,4.91,-0.01,375,184125,卖盘
1043,10:06:16,4.92,0.01,2,984,买盘
1044,10:06:10,4.91,-0.01,16,7856,卖盘
1045,10:05:37,4.92,--,55,27060,买盘
1046,10:05:34,4.92,-0.01,139,68388,卖盘
1047,10:05:31,4.93,0.01,584,287912,买盘
1048,10:05:16,4.92,-0.01,16,7872,卖盘
1049,10:05:01,4.93,--,2,986,买盘
1050,10:04:55,4.93,--,11,5423,买盘
1051,10:04:28,4.93,0.01,18,9041,买盘
1052,10:04:13,4.92,--,5,2784,买盘
1053,10:04:07,4.92,--,1,492,买盘
1054,10:04:04,4.92,--,55,27060,买盘
1055,10:04:01,4.92,--,4,1968,买盘
1056,10:03:58,4.92,--,55,27060,买盘
1057,10:03:55,4.92,--,157,77244,买盘
1058,10:03:40,4.92,--,22,10824,买盘
1059,10:03:25,4.92,0.01,4,1968,买盘
1060,10:03:19,4.91,-0.01,1,491,卖盘
1061,10:03:04,4.92,0.01,15,7380,买盘
1062,10:03:01,4.91,0.01,14,6874,中性盘
1063,10:02:37,4.9,--,11,5502,卖盘
1064,10:02:34,4.9,-0.01,13,6600,卖盘
1065,10:02:28,4.91,--,15,7365,卖盘
1066,10:02:22,4.91,--,13,6383,卖盘
1067,10:02:19,4.91,0.01,87,42717,卖盘
1068,10:02:07,4.9,-0.01,200,98000,卖盘
1069,10:01:55,4.91,--,541,265631,卖盘
1070,10:01:37,4.91,-0.01,2,982,卖盘
1071,10:01:16,4.92,0.01,21,10332,买盘
1072,10:01:10,4.91,--,30,14730,卖盘
1073,10:01:07,4.91,--,10,4910,卖盘
1074,10:01:04,4.91,--,4,1964,卖盘
1075,10:00:31,4.91,--,20,9820,卖盘
1076,10:00:22,4.91,--,137,67267,卖盘
1077,10:00:19,4.91,-0.01,32,15712,卖盘
1078,10:00:10,4.92,0.01,100,49200,买盘
1079,10:00:07,4.91,--,16,7856,卖盘
1080,09:59:58,4.91,--,316,155156,卖盘
1081,09:59:52,4.91,--,200,98200,卖盘
1082,09:59:40,4.91,--,7,3437,卖盘
1083,09:59:28,4.91,-0.01,29,14239,卖盘
1084,09:59:25,4.92,--,1,492,买盘
1085,09:59:16,4.92,0.01,40,19680,买盘
1086,09:59:10,4.91,--,27,13257,卖盘
1087,09:58:46,4.91,--,1,491,卖盘
1088,09:58:43,4.91,-0.01,16,7856,卖盘
1089,09:58:37,4.92,0.01,150,73800,买盘
1090,09:58:28,4.91,-0.01,3,1473,卖盘
1091,09:58:09,4.92,--,5,2460,买盘
1092,09:57:48,4.92,0.01,1,492,买盘
1093,09:57:42,4.91,-0.01,73,35843,卖盘
1094,09:57:33,4.92,0.01,1,492,买盘
1095,09:57:24,4.91,-0.01,50,24550,卖盘
1096,09:57:18,4.92,0.01,22,10824,买盘
1097,09:57:15,4.91,--,16,7856,卖盘
1098,09:57:12,4.91,--,12,5892,卖盘
1099,09:57:00,4.91,-0.01,2,982,卖盘
1100,09:56:51,4.92,--,239,117588,买盘
1101,09:56:39,4.92,0.01,115,56580,买盘
1102,09:56:36,4.91,-0.01,230,112930,卖盘
1103,09:56:24,4.92,--,22,10824,买盘
1104,09:56:12,4.92,--,111,54612,买盘
1105,09:56:06,4.92,--,218,107256,卖盘
1106,09:56:03,4.92,--,400,196800,卖盘
1107,09:56:00,4.92,--,16,7872,卖盘
1108,09:55:54,4.92,--,12,5904,卖盘
1109,09:55:51,4.92,--,96,47232,卖盘
1110,09:55:42,4.92,-0.01,5,2460,卖盘
1111,09:55:36,4.93,--,61,30073,买盘
1112,09:55:24,4.93,0.01,65,32044,买盘
1113,09:55:12,4.92,--,1,492,卖盘
1114,09:55:06,4.92,--,8,3936,卖盘
1115,09:55:03,4.92,--,12,5904,卖盘
1116,09:54:36,4.92,--,17,8364,卖盘
1117,09:54:27,4.92,--,2,984,卖盘
1118,09:54:06,4.92,--,42,20664,卖盘
1119,09:53:57,4.92,--,297,146124,卖盘
1120,09:53:48,4.92,--,24,11808,卖盘
1121,09:53:42,4.92,--,1,492,卖盘
1122,09:53:39,4.92,--,100,49200,卖盘
1123,09:53:33,4.92,--,4,1968,卖盘
1124,09:53:30,4.92,--,7,3444,卖盘
1125,09:53:27,4.92,-0.01,4,1968,卖盘
1126,09:53:21,4.93,0.01,18,8874,买盘
1127,09:53:00,4.92,--,10,4920,卖盘
1128,09:52:57,4.92,--,6,2952,卖盘
1129,09:52:54,4.92,--,102,50184,卖盘
1130,09:52:33,4.92,--,12,5904,卖盘
1131,09:52:30,4.92,--,10,4920,卖盘
1132,09:52:24,4.92,-0.01,100,49200,卖盘
1133,09:51:54,4.93,--,200,98600,买盘
1134,09:51:45,4.93,--,1,493,买盘
1135,09:51:39,4.93,--,200,98600,买盘
1136,09:51:30,4.93,--,623,307508,卖盘
1137,09:51:24,4.93,-0.01,16,7888,卖盘
1138,09:51:21,4.94,--,56,27664,卖盘
1139,09:51:09,4.94,--,3,1482,卖盘
1140,09:51:03,4.94,--,28,13955,买盘
1141,09:50:54,4.94,--,1537,759278,卖盘
1142,09:50:39,4.94,--,50,24700,卖盘
1143,09:50:18,4.94,--,27,13338,卖盘
1144,09:50:12,4.94,-0.01,1,494,卖盘
1145,09:50:00,4.95,0.01,2,990,买盘
1146,09:49:45,4.94,--,24,12251,买盘
1147,09:49:36,4.94,0.01,200,98800,买盘
1148,09:49:30,4.93,-0.01,1,493,卖盘
1149,09:49:27,4.94,--,4,1976,买盘
1150,09:49:18,4.94,0.01,237,117078,买盘
1151,09:49:12,4.93,-0.01,4,1972,卖盘
1152,09:49:09,4.94,--,20,9880,买盘
1153,09:49:00,4.94,0.01,54,26676,买盘
1154,09:48:51,4.93,--,9,4437,卖盘
1155,09:48:48,4.93,-0.01,1,493,卖盘
1156,09:48:27,4.94,0.01,4,1976,买盘
1157,09:48:21,4.93,--,1,493,卖盘
1158,09:48:03,4.93,--,11,5423,卖盘
1159,09:48:00,4.93,-0.01,4,1972,卖盘
1160,09:47:57,4.94,0.01,4,1976,买盘
1161,09:47:45,4.93,--,10,4930,卖盘
1162,09:47:39,4.93,--,3,1479,卖盘
1163,09:47:36,4.93,--,5,2465,卖盘
1164,09:47:33,4.93,--,11,5423,卖盘
1165,09:47:30,4.93,--,23,11339,卖盘
1166,09:47:24,4.93,--,60,29580,卖盘
1167,09:47:15,4.93,-0.01,1,493,卖盘
1168,09:46:54,4.94,--,10,4940,买盘
1169,09:46:51,4.94,--,122,60366,卖盘
1170,09:46:45,4.94,-0.01,7,3458,卖盘
1171,09:46:15,4.95,--,256,126720,买盘
1172,09:45:48,4.95,--,17,8415,买盘
1173,09:45:18,4.95,--,255,126225,买盘
1174,09:45:00,4.95,--,54,26730,买盘
1175,09:44:51,4.95,--,20,9900,买盘
1176,09:44:36,4.95,--,21,10395,买盘
1177,09:43:42,4.95,--,16,7920,买盘
1178,09:43:06,4.95,0.01,1,495,买盘
1179,09:43:00,4.94,-0.01,1,494,卖盘
1180,09:42:48,4.95,--,15,7425,买盘
1181,09:42:39,4.95,0.01,38,18810,买盘
1182,09:42:21,4.94,-0.01,5,2470,卖盘
1183,09:42:18,4.95,0.01,50,24750,买盘
1184,09:42:12,4.94,-0.01,3,1482,卖盘
1185,09:42:06,4.95,--,26,12870,买盘
1186,09:41:27,4.95,--,38,18810,买盘
1187,09:40:57,4.95,--,629,311355,买盘
1188,09:40:42,4.95,--,60,29700,买盘
1189,09:40:24,4.95,0.01,5,2475,买盘
1190,09:40:21,4.94,--,10,4940,卖盘
1191,09:40:12,4.94,--,3,1482,卖盘
1192,09:40:09,4.94,--,31,15314,卖盘
1193,09:40:06,4.94,--,8,4347,卖盘
1194,09:40:03,4.94,-0.01,32,15808,卖盘
1195,09:39:30,4.95,0.01,64,31680,买盘
1196,09:39:18,4.94,-0.01,5,2470,卖盘
1197,09:39:12,4.95,--,38,18810,买盘
1198,09:38:51,4.95,--,4,1980,卖盘
1199,09:38:42,4.95,-0.01,10,4950,卖盘
1200,09:38:39,4.96,0.01,37,18352,买盘
1201,09:38:33,4.95,--,410,202950,卖盘
1202,09:38:30,4.95,--,23,11385,卖盘
1203,09:38:15,4.95,-0.01,9,4455,卖盘
1204,09:37:45,4.96,0.01,110,54560,买盘
1205,09:37:42,4.95,-0.01,100,49500,卖盘
1206,09:37:39,4.96,0.01,1,496,买盘
1207,09:37:36,4.95,-0.01,1,495,卖盘
1208,09:37:21,4.96,--,73,36208,买盘
1209,09:36:32,4.96,--,10,4960,卖盘
1210,09:36:20,4.96,--,7,3472,卖盘
1211,09:36:14,4.96,--,20,9920,卖盘
1212,09:36:08,4.96,0.01,213,105648,买盘
1213,09:36:05,4.95,--,10,4950,卖盘
1214,09:35:50,4.95,-0.01,20,9900,卖盘
1215,09:35:26,4.96,0.01,63,31248,买盘
1216,09:35:23,4.95,-0.01,10,4950,卖盘
1217,09:35:17,4.96,0.01,100,49600,买盘
1218,09:35:14,4.95,-0.01,155,76725,卖盘
1219,09:35:05,4.96,--,20,9920,买盘
1220,09:34:47,4.96,-0.01,158,78368,卖盘
1221,09:34:44,4.97,--,13,6461,买盘
1222,09:34:29,4.97,--,105,52185,买盘
1223,09:34:20,4.97,0.01,190,94430,买盘
1224,09:34:17,4.96,-0.01,185,91760,卖盘
1225,09:34:14,4.97,--,165,82005,买盘
1226,09:34:11,4.97,--,531,263907,买盘
1227,09:33:47,4.97,--,166,82502,买盘
1228,09:33:32,4.97,--,75,37275,买盘
1229,09:33:17,4.97,0.01,100,49700,买盘
1230,09:33:11,4.96,--,1,496,卖盘
1231,09:32:56,4.96,-0.01,261,129456,卖盘
1232,09:32:47,4.97,0.01,30,14910,买盘
1233,09:32:44,4.96,--,11,5456,卖盘
1234,09:32:41,4.96,--,722,358112,卖盘
1235,09:32:38,4.96,--,150,74400,卖盘
1236,09:32:29,4.96,-0.01,10,4960,卖盘
1237,09:32:26,4.97,--,30,14910,买盘
1238,09:32:20,4.97,0.01,111,55167,买盘
1239,09:32:11,4.96,--,80,39680,买盘
1240,09:32:08,4.96,--,3,1488,买盘
1241,09:32:02,4.96,-0.01,117,58032,卖盘
1242,09:31:50,4.97,--,1,497,买盘
1243,09:31:47,4.97,--,108,53676,买盘
1244,09:31:23,4.97,--,14,6958,买盘
1245,09:31:20,4.97,0.01,62,30814,买盘
1246,09:31:14,4.96,-0.01,171,84816,卖盘
1247,09:31:05,4.97,--,6,2982,卖盘
1248,09:30:50,4.97,--,50,24850,卖盘
1249,09:30:44,4.97,--,2,994,卖盘
1250,09:30:32,4.97,--,124,61628,买盘
1251,09:30:05,4.97,0.01,258,128226,买盘
1252,09:25:20,4.96,--,0,0,买盘
1253,09:25:02,4.96,4.96,30,14880,买盘
