,time,price,change,volume,amount,type
0,15:00:21,13.33,-0.01,3253,4336249,卖盘
1,14:57:21,13.34,--,0,0,买盘
2,14:57:00,13.34,--,97,129398,买盘
3,14:56:57,13.34,--,16,21344,买盘
4,14:56:54,13.34,--,11,14674,买盘
5,14:56:51,13.34,0.01,66,88044,买盘
6,14:56:48,13.33,-0.01,36,47988,卖盘
7,14:56:42,13.34,0.01,4,5336,买盘
8,14:56:39,13.33,-0.01,27,35991,卖盘
9,14:56:36,13.34,--,46,61364,买盘
10,14:56:33,13.34,0.01,85,113390,买盘
11,14:56:30,13.33,--,139,185287,买盘
12,14:56:27,13.33,--,15,19995,买盘
13,14:56:24,13.33,-0.01,236,314588,卖盘
14,14:56:21,13.34,--,106,141404,买盘
15,14:56:18,13.34,0.01,20,26680,买盘
16,14:56:15,13.33,-0.01,101,134633,卖盘
17,14:56:03,13.34,0.01,7,9338,买盘
18,14:55:57,13.33,--,36,47988,买盘
19,14:55:54,13.33,-0.01,36,47988,卖盘
20,14:55:51,13.34,0.02,96,128064,中性盘
21,14:55:48,13.32,-0.01,231,307692,卖盘
22,14:55:45,13.33,--,152,202616,卖盘
23,14:55:39,13.33,0.01,24,31992,卖盘
24,14:55:33,13.32,-0.01,389,518401,卖盘
25,14:55:30,13.33,--,12,15996,买盘
26,14:55:27,13.33,--,23,30659,买盘
27,14:55:24,13.33,--,40,53320,买盘
28,14:55:21,13.33,0.01,30,39990,买盘
29,14:55:18,13.32,-0.01,75,99900,卖盘
30,14:55:15,13.33,--,5,6665,买盘
31,14:55:09,13.33,--,73,97309,买盘
32,14:55:06,13.33,0.01,92,122689,买盘
33,14:55:03,13.32,--,267,355644,卖盘
34,14:54:57,13.32,-0.01,18,23976,卖盘
35,14:54:54,13.33,--,7,9331,买盘
36,14:54:51,13.33,0.01,386,514538,买盘
37,14:54:48,13.32,-0.01,26,34632,卖盘
38,14:54:45,13.33,--,106,141298,买盘
39,14:54:42,13.33,0.01,16,21328,买盘
40,14:54:39,13.32,--,108,143856,卖盘
41,14:54:36,13.32,--,45,59940,卖盘
42,14:54:33,13.32,-0.01,256,340992,卖盘
43,14:54:30,13.33,--,72,95976,买盘
44,14:54:27,13.33,0.01,145,193285,买盘
45,14:54:21,13.32,-0.01,11,14652,卖盘
46,14:54:18,13.33,--,11,14663,买盘
47,14:54:12,13.33,--,237,315921,买盘
48,14:54:09,13.33,0.01,8,10664,买盘
49,14:54:06,13.32,-0.01,110,146520,卖盘
50,14:54:03,13.33,--,33,43989,买盘
51,14:53:57,13.33,--,946,1261018,卖盘
52,14:53:54,13.33,-0.01,86,114638,卖盘
53,14:53:48,13.34,0.01,359,478906,买盘
54,14:53:45,13.33,--,85,113305,卖盘
55,14:53:42,13.33,--,119,158627,卖盘
56,14:53:39,13.33,--,26,34658,卖盘
57,14:53:33,13.33,-0.01,94,125302,卖盘
58,14:53:30,13.34,0.01,35,46690,买盘
59,14:53:24,13.33,-0.01,200,266600,卖盘
60,14:53:21,13.34,--,45,60030,卖盘
61,14:53:15,13.34,-0.01,135,180090,卖盘
62,14:53:09,13.35,--,378,504630,买盘
63,14:53:06,13.35,--,3,4005,买盘
64,14:53:03,13.35,-0.01,236,315327,卖盘
65,14:53:00,13.36,0.01,23,30728,买盘
66,14:52:54,13.35,-0.01,50,66750,卖盘
67,14:52:51,13.36,--,6,8016,买盘
68,14:52:45,13.36,--,5,6680,买盘
69,14:52:42,13.36,0.01,2,2672,买盘
70,14:52:39,13.35,--,23,30705,卖盘
71,14:52:36,13.35,-0.01,454,606090,卖盘
72,14:52:33,13.36,--,25,33400,卖盘
73,14:52:24,13.36,--,5,6680,卖盘
74,14:52:21,13.36,--,1,1336,卖盘
75,14:52:15,13.36,--,5,6680,卖盘
76,14:52:12,13.36,--,243,324648,买盘
77,14:52:06,13.36,--,81,108216,买盘
78,14:52:03,13.36,--,10,13360,买盘
79,14:52:00,13.36,0.01,10,13360,买盘
80,14:51:57,13.35,--,42,56070,卖盘
81,14:51:54,13.35,-0.01,300,400500,卖盘
82,14:51:48,13.36,--,190,253840,买盘
83,14:51:45,13.36,--,40,53440,买盘
84,14:51:42,13.36,-0.01,50,66800,卖盘
85,14:51:39,13.37,0.02,8,10696,买盘
86,14:51:36,13.35,-0.01,2390,3190650,卖盘
87,14:51:33,13.36,--,77,103179,卖盘
88,14:51:30,13.36,--,35,46760,卖盘
89,14:51:27,13.36,--,70,93520,卖盘
90,14:51:24,13.36,--,1,1336,卖盘
91,14:51:21,13.36,--,26,34736,卖盘
92,14:51:18,13.36,--,84,112224,买盘
93,14:51:15,13.36,--,77,102872,卖盘
94,14:51:06,13.36,--,31,41416,买盘
95,14:50:57,13.36,--,55,73480,卖盘
96,14:50:54,13.36,--,20,26720,买盘
97,14:50:51,13.36,0.01,5,6680,中性盘
98,14:50:48,13.35,--,43,57405,卖盘
99,14:50:42,13.35,-0.01,115,153525,卖盘
100,14:50:33,13.36,--,30,40080,卖盘
101,14:50:30,13.36,--,38,50768,卖盘
102,14:50:27,13.36,--,153,204408,买盘
103,14:50:24,13.36,0.01,28,37408,买盘
104,14:50:21,13.35,--,18,24030,卖盘
105,14:50:18,13.35,--,33,44055,卖盘
106,14:50:15,13.35,-0.01,11,14685,卖盘
107,14:50:12,13.36,0.01,30,40080,买盘
108,14:50:09,13.35,-0.01,338,451230,卖盘
109,14:50:03,13.36,--,10,13360,买盘
110,14:50:00,13.36,--,28,37408,买盘
111,14:49:57,13.36,0.01,112,149632,买盘
112,14:49:54,13.35,-0.01,43,57405,卖盘
113,14:49:48,13.36,0.01,300,400800,买盘
114,14:49:42,13.35,--,151,201585,卖盘
115,14:49:39,13.35,--,112,149520,卖盘
116,14:49:36,13.35,-0.01,11,14685,卖盘
117,14:49:33,13.36,0.01,72,96192,买盘
118,14:49:30,13.35,--,16,21360,卖盘
119,14:49:27,13.35,--,66,88844,卖盘
120,14:49:24,13.35,--,11,14685,卖盘
121,14:49:21,13.35,-0.01,8,10680,卖盘
122,14:49:18,13.36,--,41,54776,买盘
123,14:49:12,13.36,--,101,134936,买盘
124,14:49:09,13.36,--,50,66800,买盘
125,14:49:06,13.36,--,32,42752,卖盘
126,14:49:03,13.36,--,2,2672,卖盘
127,14:48:57,13.36,0.01,29,38744,卖盘
128,14:48:54,13.35,-0.01,71,94785,卖盘
129,14:48:51,13.36,--,45,60120,买盘
130,14:48:48,13.36,--,5,6680,卖盘
131,14:48:45,13.36,--,138,184368,买盘
132,14:48:42,13.36,--,4,5344,买盘
133,14:48:36,13.36,--,200,267200,买盘
134,14:48:33,13.36,--,234,312624,买盘
135,14:48:30,13.36,--,21,28056,买盘
136,14:48:27,13.36,0.01,20,26720,买盘
137,14:48:24,13.35,-0.01,68,90780,卖盘
138,14:48:21,13.36,--,2,2672,卖盘
139,14:48:18,13.36,--,50,66800,卖盘
140,14:48:15,13.36,--,117,156312,买盘
141,14:48:12,13.36,--,1,1336,买盘
142,14:48:09,13.36,--,1,1336,买盘
143,14:48:06,13.36,0.01,105,140280,买盘
144,14:48:03,13.35,-0.01,36,48060,卖盘
145,14:48:00,13.36,0.01,70,93520,买盘
146,14:47:57,13.35,-0.01,55,73425,卖盘
147,14:47:51,13.36,--,5,6680,买盘
148,14:47:48,13.36,--,5,6680,买盘
149,14:47:45,13.36,-0.01,55,73480,卖盘
150,14:47:42,13.37,0.01,114,152418,买盘
151,14:47:39,13.36,-0.01,10,13360,卖盘
152,14:47:36,13.37,0.01,1543,2062990,买盘
153,14:47:33,13.36,-0.01,2,2672,卖盘
154,14:47:24,13.37,0.01,136,181832,买盘
155,14:47:21,13.36,-0.01,40,53440,卖盘
156,14:47:18,13.37,--,51,68187,买盘
157,14:47:15,13.37,0.01,11,14707,买盘
158,14:47:12,13.36,-0.01,10,13360,卖盘
159,14:47:09,13.37,--,57,76209,买盘
160,14:47:03,13.37,--,45,60165,买盘
161,14:47:00,13.37,0.01,53,70861,买盘
162,14:46:54,13.36,-0.01,426,569136,卖盘
163,14:46:51,13.37,0.01,3,4010,买盘
164,14:46:45,13.36,-0.01,80,106880,卖盘
165,14:46:36,13.37,--,1,1337,买盘
166,14:46:33,13.37,--,23,30751,买盘
167,14:46:30,13.37,-0.01,185,248668,卖盘
168,14:46:27,13.38,--,35,46830,买盘
169,14:46:24,13.38,0.01,8,10704,买盘
170,14:46:18,13.37,--,155,207235,卖盘
171,14:46:12,13.37,-0.01,2,2674,卖盘
172,14:46:06,13.38,--,5,6690,买盘
173,14:46:03,13.38,--,3,4014,买盘
174,14:46:00,13.38,0.01,1,1338,买盘
175,14:45:57,13.37,--,30,40110,卖盘
176,14:45:51,13.37,-0.01,19,25403,卖盘
177,14:45:48,13.38,--,25,33450,买盘
178,14:45:42,13.38,--,5,6690,买盘
179,14:45:39,13.38,--,51,68238,买盘
180,14:45:33,13.38,--,5,6690,买盘
181,14:45:30,13.38,--,41,54858,买盘
182,14:45:21,13.38,0.01,12,16056,买盘
183,14:45:18,13.37,-0.01,116,155092,卖盘
184,14:45:15,13.38,--,352,470976,买盘
185,14:45:12,13.38,--,47,62886,买盘
186,14:45:03,13.38,--,3,4014,买盘
187,14:45:00,13.38,--,73,98476,卖盘
188,14:44:57,13.38,--,2,2676,卖盘
189,14:44:54,13.38,--,12,16056,卖盘
190,14:44:51,13.38,--,37,49506,卖盘
191,14:44:45,13.38,-0.01,15,20070,卖盘
192,14:44:42,13.39,0.01,2,2678,买盘
193,14:44:36,13.38,-0.01,1,1338,卖盘
194,14:44:30,13.39,0.01,5,6695,买盘
195,14:44:24,13.38,--,51,68773,买盘
196,14:44:12,13.38,--,29,39604,卖盘
197,14:44:06,13.38,-0.01,39,52182,卖盘
198,14:43:57,13.39,0.01,20,26780,买盘
199,14:43:54,13.38,-0.01,420,561960,卖盘
200,14:43:45,13.39,--,8,10712,卖盘
201,14:43:42,13.39,--,1,1339,买盘
202,14:43:39,13.39,-0.01,50,66950,卖盘
203,14:43:30,13.4,0.02,30,40200,买盘
204,14:43:24,13.38,-0.02,123,164574,卖盘
205,14:43:18,13.4,--,3,4020,买盘
206,14:43:09,13.4,--,5,6700,买盘
207,14:43:03,13.4,0.01,18,24120,买盘
208,14:43:00,13.39,0.01,4,5356,中性盘
209,14:42:51,13.38,-0.02,103,138349,卖盘
210,14:42:48,13.4,0.01,13,17420,买盘
211,14:42:45,13.39,-0.01,10,13390,卖盘
212,14:42:39,13.4,0.01,60,80400,买盘
213,14:42:36,13.39,--,105,140595,买盘
214,14:42:27,13.39,--,15,20085,买盘
215,14:42:24,13.39,-0.01,83,111137,卖盘
216,14:42:18,13.4,--,41,54940,买盘
217,14:42:15,13.4,0.01,14,18760,买盘
218,14:42:12,13.39,-0.01,1,1339,卖盘
219,14:42:00,13.4,-0.01,55,73700,卖盘
220,14:41:48,13.41,0.01,5,6705,买盘
221,14:41:45,13.4,--,2,2680,卖盘
222,14:41:33,13.4,0.02,316,423440,买盘
223,14:41:30,13.38,-0.02,17,22746,卖盘
224,14:41:24,13.4,--,27,36180,买盘
225,14:41:21,13.4,0.01,7,9380,买盘
226,14:41:12,13.39,0.02,189,253071,买盘
227,14:41:09,13.37,--,92,123004,卖盘
228,14:41:06,13.37,-0.02,48,64175,卖盘
229,14:41:03,13.39,0.01,46,61594,买盘
230,14:40:57,13.38,0.01,179,239502,买盘
231,14:40:54,13.37,-0.01,40,53480,卖盘
232,14:40:48,13.38,0.01,71,94998,买盘
233,14:40:45,13.37,-0.02,5,6685,卖盘
234,14:40:35,13.39,0.01,51,68289,买盘
235,14:40:29,13.38,0.01,23,30774,买盘
236,14:40:23,13.37,-0.01,2,2674,卖盘
237,14:40:14,13.38,--,3,4014,买盘
238,14:40:11,13.38,--,16,21408,买盘
239,14:40:08,13.38,--,8,10704,卖盘
240,14:39:59,13.38,0.01,211,282331,买盘
241,14:39:50,13.37,--,1,1337,卖盘
242,14:39:47,13.37,--,115,153755,卖盘
243,14:39:32,13.37,--,144,192528,卖盘
244,14:39:29,13.37,0.01,20,26740,买盘
245,14:39:26,13.36,-0.01,18,24048,卖盘
246,14:39:20,13.37,--,63,84231,买盘
247,14:39:17,13.37,--,91,121667,买盘
248,14:39:14,13.37,--,10,13370,买盘
249,14:39:08,13.37,0.01,3,4010,买盘
250,14:39:05,13.36,-0.01,2,2672,卖盘
251,14:38:56,13.37,--,37,49469,买盘
252,14:38:53,13.37,--,9,12033,买盘
253,14:38:50,13.37,--,213,284781,卖盘
254,14:38:44,13.37,--,280,374360,卖盘
255,14:38:41,13.37,-0.01,6,8021,卖盘
256,14:38:38,13.38,--,7,9366,买盘
257,14:38:32,13.38,--,12,16056,买盘
258,14:38:29,13.38,--,20,26760,买盘
259,14:38:23,13.38,0.01,13,17394,买盘
260,14:38:20,13.37,--,3,4010,卖盘
261,14:38:11,13.37,-0.01,40,53480,卖盘
262,14:38:08,13.38,0.01,30,40140,买盘
263,14:37:56,13.37,--,2,2674,卖盘
264,14:37:53,13.37,--,7,9359,买盘
265,14:37:50,13.37,0.01,22,29414,买盘
266,14:37:47,13.36,-0.01,2,2672,卖盘
267,14:37:44,13.37,--,16,21392,买盘
268,14:37:38,13.37,--,25,33425,买盘
269,14:37:35,13.37,0.01,19,26138,买盘
270,14:37:32,13.36,--,10,13360,卖盘
271,14:37:29,13.36,-0.01,11,14696,卖盘
272,14:37:26,13.37,0.01,58,77546,买盘
273,14:37:23,13.36,-0.01,9,12024,卖盘
274,14:37:20,13.37,--,17,22729,买盘
275,14:37:17,13.37,--,1,1337,买盘
276,14:37:14,13.37,--,10,13370,买盘
277,14:37:11,13.37,-0.01,2610,3490452,卖盘
278,14:37:02,13.38,-0.01,23,30774,卖盘
279,14:36:59,13.39,--,85,113815,卖盘
280,14:36:50,13.39,-0.01,23,30797,卖盘
281,14:36:44,13.4,--,19,25460,卖盘
282,14:36:35,13.4,--,10,13400,卖盘
283,14:36:32,13.4,--,10,13400,卖盘
284,14:36:29,13.4,--,9,12060,卖盘
285,14:36:26,13.4,--,35,46900,卖盘
286,14:36:23,13.4,--,7,9380,卖盘
287,14:36:14,13.4,-0.01,13,17420,卖盘
288,14:36:08,13.41,--,48,64368,卖盘
289,14:36:05,13.41,--,50,67050,卖盘
290,14:36:02,13.41,--,35,46935,卖盘
291,14:35:59,13.41,--,53,71073,卖盘
292,14:35:53,13.41,--,25,33525,卖盘
293,14:35:50,13.41,--,100,134100,卖盘
294,14:35:47,13.41,-0.01,9,12069,卖盘
295,14:35:44,13.42,0.01,17,22814,买盘
296,14:35:38,13.41,--,60,80460,卖盘
297,14:35:35,13.41,--,18,24138,卖盘
298,14:35:32,13.41,--,17,22797,卖盘
299,14:35:26,13.41,-0.01,6,8046,卖盘
300,14:35:23,13.42,0.01,3,4026,买盘
301,14:35:17,13.41,--,56,75096,卖盘
302,14:35:14,13.41,--,23,30843,卖盘
303,14:35:11,13.41,-0.02,2,2682,卖盘
304,14:34:38,13.43,0.01,110,147730,买盘
305,14:34:35,13.42,-0.01,10,13701,卖盘
306,14:34:32,13.43,0.01,8,10744,买盘
307,14:34:29,13.42,--,30,40796,卖盘
308,14:34:23,13.42,--,2,2684,卖盘
309,14:34:17,13.42,-0.01,5,6710,卖盘
310,14:34:11,13.43,--,69,92667,买盘
311,14:34:11,13.43,0.01,21,28203,买盘
312,14:33:56,13.42,--,1,1865,买盘
313,14:33:53,13.42,0.01,139,186538,买盘
314,14:33:47,13.41,-0.01,6,8046,卖盘
315,14:33:41,13.42,--,14,18788,买盘
316,14:33:32,13.42,0.01,1,1342,买盘
317,14:33:26,13.41,--,1,1341,卖盘
318,14:33:20,13.41,--,35,46935,卖盘
319,14:33:17,13.41,--,1,1341,卖盘
320,14:33:14,13.41,-0.01,53,71073,卖盘
321,14:33:11,13.42,0.01,10,13420,买盘
322,14:33:05,13.41,0.01,5,6705,买盘
323,14:32:53,13.4,-0.01,5,6700,卖盘
324,14:32:50,13.41,-0.01,1,1341,中性盘
325,14:32:47,13.42,0.02,1,1342,买盘
326,14:32:44,13.4,--,2,2680,中性盘
327,14:32:41,13.4,0.01,11,14740,中性盘
328,14:32:29,13.39,-0.03,108,144612,卖盘
329,14:32:23,13.42,0.02,48,64416,买盘
330,14:32:20,13.4,--,7,9380,买盘
331,14:32:14,13.4,--,2,2680,买盘
332,14:32:05,13.4,--,12,16080,买盘
333,14:32:02,13.4,--,231,309540,买盘
334,14:31:56,13.4,0.01,179,239860,买盘
335,14:31:53,13.39,--,2,2678,买盘
336,14:31:50,13.39,0.01,3,4017,买盘
337,14:31:47,13.38,--,56,74928,卖盘
338,14:31:44,13.38,-0.01,15,20070,卖盘
339,14:31:41,13.39,--,30,40170,买盘
340,14:31:38,13.39,0.01,1,1339,买盘
341,14:31:35,13.38,--,14,18732,卖盘
342,14:31:32,13.38,--,5,7680,买盘
343,14:31:29,13.38,--,114,152532,买盘
344,14:31:26,13.38,0.01,18,24084,买盘
345,14:31:23,13.37,-0.01,431,577049,卖盘
346,14:31:20,13.38,0.01,43,57534,买盘
347,14:31:14,13.37,-0.01,83,110971,卖盘
348,14:31:08,13.38,--,30,40140,买盘
349,14:31:05,13.38,0.01,2,2676,买盘
350,14:31:02,13.37,-0.01,17,22729,卖盘
351,14:30:56,13.38,0.01,174,232812,买盘
352,14:30:56,13.37,--,185,247345,卖盘
353,14:30:50,13.37,--,96,128351,卖盘
354,14:30:44,13.37,-0.01,349,466613,卖盘
355,14:30:41,13.38,0.01,22,29436,买盘
356,14:30:35,13.37,-0.01,12,16043,卖盘
357,14:30:29,13.38,--,12,16056,买盘
358,14:30:26,13.38,--,81,108378,买盘
359,14:30:23,13.38,0.01,40,53520,买盘
360,14:30:20,13.37,-0.01,68,90916,卖盘
361,14:30:17,13.38,0.01,17,22746,买盘
362,14:30:14,13.37,--,303,405111,卖盘
363,14:30:11,13.37,--,26,34762,卖盘
364,14:30:02,13.37,--,100,133700,卖盘
365,14:29:59,13.37,-0.01,18,24066,卖盘
366,14:29:50,13.38,--,71,94998,买盘
367,14:29:44,13.38,--,5,6690,买盘
368,14:29:41,13.38,--,15,20070,买盘
369,14:29:35,13.38,0.01,3,4014,买盘
370,14:29:32,13.37,-0.01,100,133700,卖盘
371,14:29:29,13.38,--,18,24084,买盘
372,14:29:26,13.38,--,1,1338,买盘
373,14:29:23,13.38,--,6,8028,买盘
374,14:29:17,13.38,--,15,20070,买盘
375,14:29:14,13.38,--,48,65240,卖盘
376,14:29:11,13.38,--,20,27562,卖盘
377,14:29:08,13.38,--,892,1193496,卖盘
378,14:28:56,13.38,-0.01,970,1297860,卖盘
379,14:28:53,13.39,--,244,326716,卖盘
380,14:28:50,13.39,-0.01,14,18746,卖盘
381,14:28:47,13.4,--,3,4020,买盘
382,14:28:41,13.4,0.01,18,24120,买盘
383,14:28:38,13.39,--,141,188799,卖盘
384,14:28:32,13.39,--,11,15398,卖盘
385,14:28:23,13.39,-0.01,84,112476,卖盘
386,14:28:17,13.4,0.01,1,1340,买盘
387,14:28:11,13.39,--,6,8703,卖盘
388,14:28:05,13.39,-0.01,10,13390,卖盘
389,14:28:02,13.4,0.01,20,26800,买盘
390,14:27:56,13.39,-0.01,33,44187,卖盘
391,14:27:53,13.4,0.01,105,140700,买盘
392,14:27:47,13.39,-0.01,14,18746,卖盘
393,14:27:44,13.4,0.01,20,26800,买盘
394,14:27:41,13.39,-0.01,24,32136,卖盘
395,14:27:38,13.4,-0.01,50,67000,卖盘
396,14:27:32,13.41,0.01,2,2682,买盘
397,14:27:29,13.4,--,83,111220,卖盘
398,14:27:23,13.4,--,82,109880,卖盘
399,14:27:17,13.4,-0.01,103,138020,卖盘
400,14:27:14,13.41,0.01,1,1341,买盘
401,14:27:11,13.4,--,8,10720,卖盘
402,14:27:08,13.4,-0.01,500,670000,卖盘
403,14:26:53,13.41,0.01,16,21456,买盘
404,14:26:50,13.4,--,57,76380,卖盘
405,14:26:44,13.4,--,20,26800,卖盘
406,14:26:35,13.4,--,12,16080,卖盘
407,14:26:32,13.4,--,6,8040,卖盘
408,14:26:29,13.4,-0.01,107,143380,卖盘
409,14:26:23,13.41,0.01,292,391572,买盘
410,14:26:20,13.4,-0.01,15,20100,卖盘
411,14:26:17,13.41,--,78,104598,买盘
412,14:26:14,13.41,--,16,21456,买盘
413,14:26:05,13.41,--,5,6705,买盘
414,14:26:02,13.41,--,3,4023,买盘
415,14:25:59,13.41,--,5,6705,买盘
416,14:25:53,13.41,0.01,50,67050,买盘
417,14:25:50,13.4,--,17,22780,卖盘
418,14:25:47,13.4,--,14,18760,卖盘
419,14:25:26,13.4,-0.01,2,2680,卖盘
420,14:25:20,13.41,-0.01,18,24138,卖盘
421,14:25:14,13.42,0.01,2,2684,买盘
422,14:25:11,13.41,-0.01,1,1341,卖盘
423,14:25:08,13.42,--,1,1342,买盘
424,14:25:05,13.42,0.01,10,13420,买盘
425,14:24:56,13.41,--,40,53640,卖盘
426,14:24:53,13.41,-0.01,20,26820,卖盘
427,14:24:47,13.42,--,2,2684,买盘
428,14:24:44,13.42,0.01,204,273768,买盘
429,14:24:38,13.41,-0.01,1,1341,卖盘
430,14:24:35,13.42,--,18,24156,买盘
431,14:24:29,13.42,--,128,172594,卖盘
432,14:24:23,13.42,-0.01,152,203984,卖盘
433,14:24:17,13.43,--,22,29546,买盘
434,14:24:14,13.43,--,1,1343,买盘
435,14:24:05,13.43,--,2,2686,买盘
436,14:24:02,13.43,-0.01,1,1343,中性盘
437,14:23:32,13.44,0.01,68,92064,买盘
438,14:23:29,13.43,-0.01,1,1772,卖盘
439,14:23:17,13.44,0.02,77,104401,买盘
440,14:23:08,13.42,-0.01,1,1342,卖盘
441,14:22:59,13.43,--,40,53720,买盘
442,14:22:50,13.43,--,10,13430,买盘
443,14:22:41,13.43,0.01,10,13430,买盘
444,14:22:38,13.42,-0.01,30,40260,卖盘
445,14:22:32,13.43,0.01,6,8058,买盘
446,14:22:29,13.42,-0.01,80,107360,卖盘
447,14:22:17,13.43,--,1,1343,买盘
448,14:22:11,13.43,--,39,52377,买盘
449,14:21:56,13.43,0.01,22,29546,买盘
450,14:21:47,13.42,--,23,30866,卖盘
451,14:21:41,13.42,-0.01,12,16104,卖盘
452,14:21:35,13.43,0.01,13,17459,中性盘
453,14:21:29,13.42,-0.01,56,75152,卖盘
454,14:21:26,13.43,--,81,108783,卖盘
455,14:21:23,13.43,--,28,37604,卖盘
456,14:21:20,13.43,--,23,30889,卖盘
457,14:21:17,13.43,-0.01,252,338436,卖盘
458,14:21:14,13.44,0.01,1,1344,买盘
459,14:21:11,13.43,-0.02,83,111469,卖盘
460,14:21:05,13.45,0.01,2,2690,买盘
461,14:20:47,13.44,0.01,12,16128,买盘
462,14:20:32,13.43,--,5,6715,卖盘
463,14:20:26,13.43,--,35,47005,卖盘
464,14:20:20,13.43,0.01,94,126242,买盘
465,14:20:17,13.42,-0.01,30,41467,卖盘
466,14:20:14,13.43,--,15,20145,买盘
467,14:20:11,13.43,0.01,33,44319,买盘
468,14:19:58,13.42,--,21,28182,卖盘
469,14:19:52,13.42,-0.01,26,34892,卖盘
470,14:19:46,13.43,0.01,50,67150,买盘
471,14:19:40,13.42,-0.01,24,32476,卖盘
472,14:19:37,13.43,0.01,6,8058,买盘
473,14:19:19,13.42,-0.01,41,55022,卖盘
474,14:19:16,13.43,--,10,13430,买盘
475,14:19:13,13.43,0.01,1,1343,买盘
476,14:19:07,13.42,-0.01,40,53680,卖盘
477,14:19:01,13.43,--,105,141015,卖盘
478,14:18:58,13.43,--,5,6715,卖盘
479,14:18:55,13.43,--,6,8058,卖盘
480,14:18:49,13.43,--,35,47005,卖盘
481,14:18:40,13.43,--,17,22831,卖盘
482,14:18:37,13.43,--,30,40290,卖盘
483,14:18:34,13.43,-0.01,23,30889,卖盘
484,14:18:25,13.44,--,69,92736,卖盘
485,14:18:19,13.44,--,57,76621,卖盘
486,14:18:16,13.44,-0.01,63,84672,卖盘
487,14:18:10,13.45,--,1,1345,买盘
488,14:18:07,13.45,--,10,13450,买盘
489,14:18:04,13.45,--,2,2690,买盘
490,14:17:52,13.45,--,52,70747,卖盘
491,14:17:46,13.45,--,30,40350,卖盘
492,14:17:34,13.45,--,91,122395,卖盘
493,14:17:31,13.45,--,58,78010,卖盘
494,14:17:28,13.45,--,7,9415,卖盘
495,14:17:25,13.45,-0.01,8,10760,卖盘
496,14:17:19,13.46,--,13,17498,买盘
497,14:17:16,13.46,0.01,2,2692,买盘
498,14:17:13,13.45,--,3,4573,卖盘
499,14:17:10,13.45,--,16,21520,卖盘
500,14:16:52,13.45,--,6,8070,卖盘
501,14:16:49,13.45,-0.02,10,13450,卖盘
502,14:16:16,13.47,--,1,1347,买盘
503,14:16:10,13.47,0.02,1,1347,买盘
504,14:15:55,13.45,--,19,25555,卖盘
505,14:15:49,13.45,-0.02,13,17485,卖盘
506,14:15:43,13.47,--,10,13470,买盘
507,14:15:40,13.47,0.02,1,1347,买盘
508,14:15:31,13.45,-0.02,26,35023,卖盘
509,14:15:22,13.47,0.02,63,86154,买盘
510,14:15:19,13.45,--,9,12105,卖盘
511,14:15:16,13.45,-0.02,6,8070,卖盘
512,14:15:13,13.47,--,1,1347,买盘
513,14:15:01,13.47,0.02,47,63309,买盘
514,14:14:52,13.45,--,1,1345,买盘
515,14:14:43,13.45,--,1,1345,买盘
516,14:14:37,13.45,--,11,14795,卖盘
517,14:14:34,13.45,-0.02,74,99530,卖盘
518,14:14:28,13.47,--,3,4041,买盘
519,14:14:22,13.47,0.01,23,30981,买盘
520,14:14:13,13.46,--,2,2692,买盘
521,14:14:07,13.46,-0.01,2,2692,中性盘
522,14:13:58,13.47,0.02,74,99678,买盘
523,14:13:34,13.45,-0.02,2,2690,卖盘
524,14:13:22,13.47,--,33,44451,买盘
525,14:13:13,13.47,--,16,21552,买盘
526,14:13:04,13.47,0.03,19,25593,买盘
527,14:13:01,13.44,-0.03,102,137088,卖盘
528,14:12:52,13.47,-0.01,33,45259,卖盘
529,14:12:49,13.48,0.01,8,10784,买盘
530,14:12:46,13.47,--,5,6735,卖盘
531,14:12:40,13.47,--,20,26940,卖盘
532,14:12:37,13.47,--,2,2694,卖盘
533,14:12:34,13.47,--,22,29634,卖盘
534,14:12:31,13.47,-0.01,12,16164,卖盘
535,14:12:16,13.48,0.01,1,1348,买盘
536,14:12:13,13.47,0.04,175,236263,买盘
537,14:12:04,13.43,0.01,25,34649,买盘
538,14:12:01,13.42,-0.01,75,100650,卖盘
539,14:11:58,13.43,--,14,18802,买盘
540,14:11:46,13.43,--,2,2954,卖盘
541,14:11:31,13.43,--,0,1074,卖盘
542,14:11:28,13.43,--,28,37604,卖盘
543,14:11:25,13.43,--,6,8058,卖盘
544,14:11:22,13.43,--,24,32232,卖盘
545,14:11:19,13.43,-0.02,77,103679,卖盘
546,14:11:10,13.45,0.01,40,53800,中性盘
547,14:11:07,13.44,-0.01,137,184128,卖盘
548,14:11:01,13.45,--,109,146605,卖盘
549,14:10:58,13.45,-0.02,119,160055,卖盘
550,14:10:49,13.47,0.01,1,1347,买盘
551,14:10:43,13.46,-0.02,1,1346,卖盘
552,14:10:16,13.48,--,28,37744,买盘
553,14:10:13,13.48,--,24,32352,买盘
554,14:10:07,13.48,--,23,31004,买盘
555,14:10:01,13.48,--,23,31004,买盘
556,14:09:46,13.48,0.01,23,31004,买盘
557,14:09:43,13.47,0.01,1,1347,中性盘
558,14:09:37,13.46,-0.02,50,67300,卖盘
559,14:09:34,13.48,0.01,69,93012,买盘
560,14:09:31,13.47,0.01,28,38793,中性盘
561,14:09:28,13.46,-0.02,112,150752,卖盘
562,14:09:25,13.48,0.02,46,62008,买盘
563,14:09:22,13.46,-0.01,11,14806,卖盘
564,14:09:19,13.47,0.01,6,8082,买盘
565,14:09:16,13.46,-0.01,47,63262,卖盘
566,14:09:10,13.47,0.01,69,92943,买盘
567,14:09:07,13.46,-0.01,10,13460,卖盘
568,14:09:04,13.47,--,1,1347,买盘
569,14:08:55,13.47,--,35,47145,买盘
570,14:08:34,13.47,--,1,1347,买盘
571,14:08:22,13.47,-0.01,1,1347,卖盘
572,14:08:13,13.48,0.01,241,324868,买盘
573,14:08:10,13.47,--,45,60615,卖盘
574,14:08:07,13.47,--,1,1347,卖盘
575,14:07:46,13.47,--,10,13470,卖盘
576,14:07:43,13.47,0.01,113,152211,买盘
577,14:07:37,13.46,--,22,29612,中性盘
578,14:07:34,13.46,--,2,2692,买盘
579,14:07:31,13.46,--,8,10768,卖盘
580,14:07:19,13.46,-0.01,24,32304,卖盘
581,14:07:16,13.47,--,10,13470,买盘
582,14:07:13,13.47,--,2,2694,买盘
583,14:07:07,13.47,--,1,1347,买盘
584,14:06:58,13.47,0.01,1,1347,买盘
585,14:06:52,13.46,--,20,26920,卖盘
586,14:06:46,13.46,--,10,13460,卖盘
587,14:06:43,13.46,--,27,36342,买盘
588,14:06:34,13.46,0.01,204,274584,卖盘
589,14:06:25,13.45,-0.02,13,17485,卖盘
590,14:06:13,13.47,0.02,1,1347,买盘
591,14:06:07,13.45,-0.02,60,80700,卖盘
592,14:06:04,13.47,0.02,25,33675,买盘
593,14:05:52,13.45,-0.03,33,44385,卖盘
594,14:05:49,13.48,0.01,334,450232,买盘
595,14:05:43,13.47,--,24,32328,卖盘
596,14:05:40,13.47,--,23,30981,卖盘
597,14:05:31,13.47,--,24,32328,卖盘
598,14:05:28,13.47,--,20,26940,卖盘
599,14:05:25,13.47,0.02,9,12123,买盘
600,14:05:16,13.45,-0.01,50,67250,卖盘
601,14:05:13,13.46,0.01,4,5384,买盘
602,14:05:10,13.45,-0.02,11,14795,卖盘
603,14:04:58,13.47,0.01,3,4041,买盘
604,14:04:46,13.46,-0.01,31,41726,卖盘
605,14:04:40,13.47,--,1,1347,买盘
606,14:04:37,13.47,--,16,21552,卖盘
607,14:04:22,13.47,--,30,40410,卖盘
608,14:04:19,13.47,--,16,21552,卖盘
609,14:04:10,13.47,-0.02,16,21552,卖盘
610,14:04:04,13.49,0.02,207,279243,买盘
611,14:04:01,13.47,--,36,48492,卖盘
612,14:03:58,13.47,--,110,148170,买盘
613,14:03:55,13.47,0.02,6,8082,买盘
614,14:03:34,13.45,--,80,107600,卖盘
615,14:03:28,13.45,--,60,80700,卖盘
616,14:03:19,13.45,-0.01,41,55145,卖盘
617,14:03:13,13.46,-0.02,10,13460,卖盘
618,14:03:10,13.48,0.01,2,2696,买盘
619,14:03:04,13.47,--,2,2694,买盘
620,14:03:01,13.47,-0.01,2,2694,卖盘
621,14:02:55,13.48,--,128,172544,卖盘
622,14:02:46,13.48,-0.01,10,13480,卖盘
623,14:02:43,13.49,0.01,5,6745,买盘
624,14:02:34,13.48,0.03,280,377440,买盘
625,14:02:16,13.45,-0.02,23,30935,卖盘
626,14:02:10,13.47,0.02,1,1347,买盘
627,14:02:04,13.45,-0.02,20,26900,卖盘
628,14:02:01,13.47,0.02,1,1347,买盘
629,14:01:52,13.45,--,50,67250,卖盘
630,14:01:43,13.45,--,20,26900,卖盘
631,14:01:40,13.45,0.01,1,1345,卖盘
632,14:01:34,13.44,-0.01,16,21504,买盘
633,14:01:34,13.45,--,68,91460,卖盘
634,14:01:25,13.45,--,17,22865,卖盘
635,14:01:22,13.45,--,3,4035,卖盘
636,14:01:19,13.45,--,58,78010,卖盘
637,14:01:13,13.45,--,31,41695,卖盘
638,14:01:10,13.45,--,61,82045,卖盘
639,14:00:58,13.45,--,23,30935,卖盘
640,14:00:52,13.45,--,46,61870,卖盘
641,14:00:49,13.45,--,28,37660,卖盘
642,14:00:43,13.45,--,23,30935,卖盘
643,14:00:40,13.45,--,6,8070,卖盘
644,14:00:36,13.45,--,60,80700,中性盘
645,14:00:12,13.45,--,1,1345,买盘
646,14:00:06,13.45,0.03,5,6725,中性盘
647,13:59:57,13.42,-0.03,156,209352,卖盘
648,13:59:51,13.45,--,23,30935,卖盘
649,13:59:45,13.45,-0.04,23,30935,卖盘
650,13:59:42,13.49,0.02,34,45866,买盘
651,13:59:39,13.47,0.02,11,14817,卖盘
652,13:59:36,13.45,-0.02,345,464025,卖盘
653,13:59:27,13.47,--,2,2694,卖盘
654,13:59:24,13.47,-0.02,24,32328,卖盘
655,13:59:21,13.49,0.02,30,40470,买盘
656,13:59:18,13.47,-0.01,71,95637,卖盘
657,13:59:15,13.48,--,78,105144,卖盘
658,13:59:09,13.48,-0.02,131,176588,卖盘
659,13:59:03,13.5,0.01,100,135000,买盘
660,13:59:00,13.49,--,33,44517,买盘
661,13:58:54,13.49,-0.01,36,48564,卖盘
662,13:58:51,13.5,0.01,30,40500,买盘
663,13:58:48,13.49,--,51,68799,卖盘
664,13:58:42,13.49,--,10,13490,卖盘
665,13:58:39,13.49,--,6,8094,卖盘
666,13:58:33,13.49,--,10,13490,卖盘
667,13:58:27,13.49,--,7,9443,卖盘
668,13:58:24,13.49,--,9,12141,卖盘
669,13:58:18,13.49,0.01,23,31027,买盘
670,13:58:12,13.48,-0.01,34,45832,卖盘
671,13:58:09,13.49,--,3,4047,买盘
672,13:58:06,13.49,--,8,10792,买盘
673,13:58:03,13.49,--,30,40470,买盘
674,13:58:00,13.49,0.01,8,10792,买盘
675,13:57:51,13.48,--,10,13480,买盘
676,13:57:45,13.48,-0.02,13,17524,中性盘
677,13:57:42,13.5,0.02,34,45900,买盘
678,13:57:39,13.48,-0.01,2,2696,中性盘
679,13:57:33,13.49,0.01,600,809400,买盘
680,13:57:30,13.48,--,4,5392,买盘
681,13:57:24,13.48,--,34,45832,买盘
682,13:57:21,13.48,--,21,28308,买盘
683,13:57:18,13.48,--,26,35048,买盘
684,13:57:15,13.48,--,79,106492,买盘
685,13:57:12,13.48,--,5,6740,买盘
686,13:57:09,13.48,--,23,31004,买盘
687,13:57:06,13.48,0.01,128,173865,买盘
688,13:57:03,13.47,--,19,25593,买盘
689,13:57:00,13.47,--,70,94290,买盘
690,13:56:54,13.47,--,55,74085,买盘
691,13:56:51,13.47,--,1,1347,买盘
692,13:56:36,13.47,--,30,40410,买盘
693,13:56:33,13.47,--,10,13470,买盘
694,13:56:24,13.47,--,4,5388,买盘
695,13:56:18,13.47,--,28,37716,买盘
696,13:56:15,13.47,--,27,36369,买盘
697,13:56:12,13.47,--,33,44451,买盘
698,13:56:09,13.47,0.01,183,246501,买盘
699,13:56:03,13.46,-0.01,6,9152,卖盘
700,13:55:57,13.47,0.01,2,2694,买盘
701,13:55:48,13.46,--,10,13460,卖盘
702,13:55:42,13.46,--,10,13460,卖盘
703,13:55:39,13.46,--,40,53840,卖盘
704,13:55:33,13.46,--,30,40380,卖盘
705,13:55:27,13.46,--,10,13460,卖盘
706,13:55:21,13.46,0.02,289,389263,买盘
707,13:55:12,13.44,--,13,17472,卖盘
708,13:55:06,13.44,-0.01,6,8064,卖盘
709,13:54:57,13.45,--,15,20175,卖盘
710,13:54:51,13.45,-0.01,5,6725,中性盘
711,13:54:48,13.46,0.02,200,269200,买盘
712,13:54:45,13.44,-0.01,31,41664,卖盘
713,13:54:42,13.45,--,16,21520,卖盘
714,13:54:36,13.45,--,99,133155,卖盘
715,13:54:30,13.45,-0.01,49,65905,卖盘
716,13:54:18,13.46,0.01,1,1346,买盘
717,13:54:12,13.45,--,32,43040,卖盘
718,13:54:09,13.45,-0.01,14,18830,卖盘
719,13:54:03,13.46,--,2,2692,买盘
720,13:53:54,13.46,0.01,3,4038,买盘
721,13:53:24,13.45,--,8,10760,卖盘
722,13:53:12,13.45,--,80,107600,卖盘
723,13:53:09,13.45,0.01,55,73975,买盘
724,13:53:06,13.44,--,11,14784,卖盘
725,13:53:03,13.44,--,4,5376,卖盘
726,13:52:51,13.44,-0.01,26,34944,卖盘
727,13:52:48,13.45,--,1,1345,买盘
728,13:52:42,13.45,0.01,35,47075,买盘
729,13:52:39,13.44,--,23,30912,卖盘
730,13:52:36,13.44,-0.01,6,8064,卖盘
731,13:52:33,13.45,0.01,3,4035,买盘
732,13:52:30,13.44,-0.01,94,126336,卖盘
733,13:52:27,13.45,0.01,30,40350,买盘
734,13:52:18,13.44,-0.01,10,13440,卖盘
735,13:52:15,13.45,0.01,5,6725,买盘
736,13:52:00,13.44,-0.02,42,56448,卖盘
737,13:51:54,13.46,0.02,13,17498,买盘
738,13:51:51,13.44,-0.01,184,247296,卖盘
739,13:51:45,13.45,--,19,25555,卖盘
740,13:51:39,13.45,--,28,37660,卖盘
741,13:51:36,13.45,--,10,13450,卖盘
742,13:51:24,13.45,-0.01,7,9415,卖盘
743,13:51:18,13.46,--,5,6730,买盘
744,13:51:15,13.46,0.01,30,40380,买盘
745,13:51:12,13.45,-0.01,13,17485,卖盘
746,13:51:06,13.46,0.01,1,1346,买盘
747,13:51:03,13.45,--,53,71285,卖盘
748,13:50:57,13.45,--,5,6725,卖盘
749,13:50:51,13.45,--,10,13450,卖盘
750,13:50:45,13.45,--,31,41695,买盘
751,13:50:42,13.45,0.01,16,21520,买盘
752,13:50:27,13.44,-0.01,7,9408,卖盘
753,13:50:21,13.45,0.02,1,1345,中性盘
754,13:50:18,13.43,-0.03,23,30889,卖盘
755,13:50:15,13.46,0.01,3,4038,买盘
756,13:50:12,13.45,0.01,2,2690,卖盘
757,13:50:09,13.44,--,7,9408,买盘
758,13:50:06,13.44,--,39,52416,卖盘
759,13:50:00,13.44,-0.02,13,17472,卖盘
760,13:49:51,13.46,0.01,100,134600,买盘
761,13:49:48,13.45,-0.01,5,6725,买盘
762,13:49:45,13.46,0.02,29,39034,买盘
763,13:49:39,13.44,-0.02,8,10752,卖盘
764,13:49:27,13.46,0.01,21,28266,买盘
765,13:49:24,13.45,-0.01,17,22865,中性盘
766,13:49:15,13.46,0.01,7,9422,买盘
767,13:49:12,13.45,0.01,128,172160,买盘
768,13:49:06,13.44,--,7,9408,买盘
769,13:49:03,13.44,-0.01,54,72576,卖盘
770,13:49:00,13.45,0.01,30,40350,买盘
771,13:48:48,13.44,-0.01,2,2688,卖盘
772,13:48:45,13.45,--,69,92805,买盘
773,13:48:42,13.45,0.01,32,43040,买盘
774,13:48:39,13.44,--,24,32256,买盘
775,13:48:36,13.44,--,10,13440,买盘
776,13:48:33,13.44,--,11,14784,买盘
777,13:48:18,13.44,--,62,83328,买盘
778,13:48:03,13.44,--,42,56448,买盘
779,13:48:00,13.44,0.01,23,30912,买盘
780,13:47:57,13.43,--,2,2954,买盘
781,13:47:54,13.43,-0.01,95,128659,卖盘
782,13:47:51,13.44,0.01,23,30912,买盘
783,13:47:48,13.43,--,6,8058,卖盘
784,13:47:45,13.43,-0.01,49,65807,卖盘
785,13:47:42,13.44,0.01,10,13440,买盘
786,13:47:39,13.43,--,15,20145,卖盘
787,13:47:36,13.43,-0.01,19,25517,卖盘
788,13:47:33,13.44,0.01,15,20160,买盘
789,13:47:30,13.43,-0.01,19,25785,卖盘
790,13:47:27,13.44,--,30,40320,买盘
791,13:47:24,13.44,0.01,27,36288,买盘
792,13:47:21,13.43,-0.01,8,10744,卖盘
793,13:47:09,13.44,--,66,88704,买盘
794,13:47:06,13.44,0.01,39,52416,买盘
795,13:47:03,13.43,--,69,92667,买盘
796,13:46:57,13.43,0.01,53,71179,买盘
797,13:46:48,13.42,--,23,30866,买盘
798,13:46:45,13.42,--,46,61732,买盘
799,13:46:39,13.42,0.01,112,150304,买盘
800,13:46:36,13.41,0.01,1,1341,买盘
801,13:46:21,13.4,--,1,1340,买盘
802,13:46:18,13.4,--,24,32160,买盘
803,13:46:15,13.4,0.01,10,13400,买盘
804,13:46:12,13.39,-0.01,28,37492,卖盘
805,13:46:09,13.4,--,3,4020,买盘
806,13:46:06,13.4,--,8,10720,买盘
807,13:45:54,13.4,0.01,18,24120,买盘
808,13:45:51,13.39,-0.01,18,24102,卖盘
809,13:45:45,13.4,--,52,69680,买盘
810,13:45:42,13.4,--,21,28140,买盘
811,13:45:39,13.4,--,50,67000,买盘
812,13:45:36,13.4,0.01,81,108540,买盘
813,13:45:33,13.39,-0.01,9,12051,卖盘
814,13:45:15,13.4,--,10,13400,买盘
815,13:45:12,13.4,--,10,13400,买盘
816,13:45:09,13.4,--,5,6700,买盘
817,13:45:06,13.4,--,1,1340,买盘
818,13:44:54,13.4,--,24,32160,买盘
819,13:44:48,13.4,0.01,1,1340,买盘
820,13:44:45,13.39,-0.01,25,33475,卖盘
821,13:44:36,13.4,--,400,536000,买盘
822,13:44:30,13.4,--,4,5360,买盘
823,13:44:27,13.4,--,19,25460,买盘
824,13:44:12,13.4,--,229,306860,买盘
825,13:44:03,13.4,0.01,1,1340,买盘
826,13:43:57,13.39,-0.01,2,2678,卖盘
827,13:43:54,13.4,0.01,10,13400,买盘
828,13:43:48,13.39,--,6,8034,卖盘
829,13:43:45,13.39,--,6,8034,卖盘
830,13:43:36,13.39,-0.01,24,32136,卖盘
831,13:43:33,13.4,0.01,4,5360,买盘
832,13:43:30,13.39,--,13,17407,卖盘
833,13:43:24,13.39,--,70,93730,卖盘
834,13:43:18,13.39,-0.01,6,8034,卖盘
835,13:43:06,13.4,--,38,50920,买盘
836,13:43:00,13.4,--,20,26800,买盘
837,13:42:57,13.4,0.01,2,2680,买盘
838,13:42:54,13.39,--,26,34814,卖盘
839,13:42:51,13.39,--,50,66950,卖盘
840,13:42:42,13.39,-0.01,33,44187,卖盘
841,13:42:39,13.4,0.01,33,44220,买盘
842,13:42:33,13.39,-0.01,100,133900,卖盘
843,13:42:30,13.4,0.01,10,13400,买盘
844,13:42:21,13.39,-0.01,12,16068,卖盘
845,13:42:15,13.4,--,7,9380,买盘
846,13:42:03,13.4,0.01,25,33500,买盘
847,13:42:00,13.39,-0.01,10,13390,卖盘
848,13:41:54,13.4,--,23,30820,买盘
849,13:41:51,13.4,0.01,19,25460,买盘
850,13:41:42,13.39,-0.01,25,33475,卖盘
851,13:41:36,13.4,--,11,14740,买盘
852,13:41:33,13.4,--,82,109880,买盘
853,13:41:15,13.4,0.01,11,14740,买盘
854,13:41:12,13.39,--,16,21424,卖盘
855,13:40:48,13.39,-0.01,32,42848,卖盘
856,13:40:29,13.4,--,105,140700,买盘
857,13:40:23,13.4,--,8,10720,买盘
858,13:40:20,13.4,--,1,1340,买盘
859,13:40:05,13.4,--,2,2680,买盘
860,13:39:59,13.4,0.01,23,30820,买盘
861,13:39:56,13.39,--,66,88374,卖盘
862,13:39:53,13.39,-0.01,200,267800,卖盘
863,13:39:50,13.4,0.01,46,61640,买盘
864,13:39:47,13.39,--,1,1339,卖盘
865,13:39:41,13.39,-0.01,20,26780,卖盘
866,13:39:38,13.4,0.01,10,13400,买盘
867,13:39:35,13.39,--,13,17407,卖盘
868,13:39:14,13.39,-0.01,2,2678,卖盘
869,13:39:05,13.4,--,26,34840,买盘
870,13:38:56,13.4,0.01,1,1340,买盘
871,13:38:53,13.39,--,11,14729,卖盘
872,13:38:50,13.39,--,16,21424,卖盘
873,13:38:32,13.39,-0.01,62,83018,卖盘
874,13:38:29,13.4,--,3,4020,买盘
875,13:38:26,13.4,--,10,13400,买盘
876,13:38:20,13.4,--,24,32160,买盘
877,13:38:17,13.4,0.01,21,28140,买盘
878,13:38:14,13.39,-0.01,5,6695,卖盘
879,13:38:08,13.4,0.01,119,159460,买盘
880,13:38:05,13.39,--,150,200850,卖盘
881,13:37:59,13.39,-0.01,46,61594,卖盘
882,13:37:56,13.4,--,10,13400,买盘
883,13:37:53,13.4,0.01,4,5360,买盘
884,13:37:44,13.39,--,40,53560,卖盘
885,13:37:38,13.39,-0.01,2,2678,卖盘
886,13:37:32,13.4,0.01,10,13400,买盘
887,13:37:23,13.39,-0.01,103,137917,卖盘
888,13:37:20,13.4,--,2,2680,买盘
889,13:37:14,13.4,0.01,10,13400,买盘
890,13:37:11,13.39,-0.01,157,210223,卖盘
891,13:37:08,13.4,--,15,20100,买盘
892,13:37:05,13.4,0.01,6,8040,买盘
893,13:36:50,13.39,--,42,56238,卖盘
894,13:36:47,13.39,-0.01,8,10712,卖盘
895,13:36:38,13.4,--,7,9380,买盘
896,13:36:35,13.4,0.01,50,67000,买盘
897,13:36:23,13.39,-0.01,20,26780,卖盘
898,13:36:20,13.4,0.01,1,1340,买盘
899,13:36:11,13.39,--,2,2678,卖盘
900,13:36:08,13.39,--,282,377785,买盘
901,13:35:59,13.39,--,90,120510,买盘
902,13:35:38,13.39,0.01,7,9373,买盘
903,13:35:20,13.38,--,50,66900,卖盘
904,13:35:11,13.38,--,21,28098,卖盘
905,13:34:53,13.38,-0.01,100,133800,卖盘
906,13:34:50,13.39,--,12,16068,买盘
907,13:34:47,13.39,--,20,26780,买盘
908,13:34:35,13.39,--,4,5356,买盘
909,13:34:32,13.39,0.01,12,16068,买盘
910,13:34:20,13.38,--,144,192672,卖盘
911,13:34:14,13.38,--,5,6690,卖盘
912,13:34:11,13.38,--,11,14718,卖盘
913,13:34:08,13.38,--,110,147180,卖盘
914,13:34:05,13.38,-0.01,5,6690,卖盘
915,13:34:02,13.39,0.01,7,9373,买盘
916,13:33:53,13.38,-0.01,200,267600,卖盘
917,13:33:50,13.39,--,2,2678,买盘
918,13:33:47,13.39,0.01,1,1339,买盘
919,13:33:38,13.38,-0.01,29,38802,卖盘
920,13:33:35,13.39,0.01,18,24102,买盘
921,13:33:32,13.38,--,14,18732,卖盘
922,13:33:26,13.38,--,12,16056,卖盘
923,13:33:23,13.38,-0.01,36,48168,卖盘
924,13:33:20,13.39,0.01,78,104442,买盘
925,13:33:17,13.38,--,20,26760,卖盘
926,13:33:08,13.38,-0.01,160,214080,卖盘
927,13:33:02,13.39,0.01,2,2678,买盘
928,13:32:59,13.38,-0.01,4,5352,卖盘
929,13:32:56,13.39,0.01,6,8034,买盘
930,13:32:50,13.38,--,42,56196,卖盘
931,13:32:38,13.38,-0.01,25,33450,卖盘
932,13:32:32,13.39,0.01,63,84357,买盘
933,13:32:29,13.38,--,3,4014,卖盘
934,13:32:26,13.38,--,75,100350,卖盘
935,13:32:17,13.38,--,61,81618,卖盘
936,13:32:17,13.38,--,22,29436,卖盘
937,13:32:11,13.38,--,124,165912,卖盘
938,13:32:05,13.38,--,153,204714,卖盘
939,13:31:56,13.38,--,10,13380,卖盘
940,13:31:53,13.38,--,11,14718,卖盘
941,13:31:44,13.38,--,30,40140,卖盘
942,13:31:29,13.38,--,302,404076,卖盘
943,13:31:26,13.38,--,10,13380,卖盘
944,13:31:20,13.38,--,6,8028,卖盘
945,13:31:14,13.38,-0.01,24,32112,卖盘
946,13:31:11,13.39,--,13,17407,买盘
947,13:31:08,13.39,--,11,14729,买盘
948,13:30:59,13.39,--,30,40170,买盘
949,13:30:50,13.39,0.01,4,5356,买盘
950,13:30:47,13.38,-0.01,33,44154,卖盘
951,13:30:41,13.39,--,12,17219,卖盘
952,13:30:35,13.39,-0.01,9,12051,卖盘
953,13:30:29,13.4,0.01,54,72360,买盘
954,13:30:23,13.39,--,137,183443,卖盘
955,13:30:20,13.39,--,30,40170,卖盘
956,13:30:17,13.39,--,23,30797,卖盘
957,13:30:14,13.39,--,28,37492,卖盘
958,13:30:11,13.39,-0.01,33,44856,卖盘
959,13:30:08,13.4,0.01,2,2680,买盘
960,13:30:02,13.39,--,20,26780,卖盘
961,13:29:59,13.39,--,2,3026,卖盘
962,13:29:56,13.39,-0.01,86,115154,卖盘
963,13:29:50,13.4,0.01,102,136680,买盘
964,13:29:38,13.39,--,5,6695,卖盘
965,13:29:02,13.39,--,8,10712,卖盘
966,13:28:53,13.39,--,1,1339,卖盘
967,13:28:44,13.39,-0.01,20,26780,卖盘
968,13:28:41,13.4,--,122,163480,买盘
969,13:28:29,13.4,0.01,53,71020,买盘
970,13:28:17,13.39,-0.01,2,2678,卖盘
971,13:28:02,13.4,0.01,80,107200,买盘
972,13:27:53,13.39,-0.01,8,10712,卖盘
973,13:27:50,13.4,--,18,24120,买盘
974,13:27:47,13.4,0.01,38,50920,买盘
975,13:27:41,13.39,--,55,73645,卖盘
976,13:27:35,13.39,--,48,65142,卖盘
977,13:27:32,13.39,--,1,1339,卖盘
978,13:27:17,13.39,-0.01,5,6695,卖盘
979,13:27:11,13.4,--,20,26800,买盘
980,13:27:05,13.4,0.01,2,2680,买盘
981,13:27:02,13.39,--,15,20085,卖盘
982,13:26:59,13.39,--,10,13390,卖盘
983,13:26:50,13.39,--,10,13390,卖盘
984,13:26:44,13.39,--,2,2678,卖盘
985,13:26:41,13.39,--,8,11381,卖盘
986,13:26:38,13.39,--,177,237003,卖盘
987,13:26:32,13.39,--,48,64272,卖盘
988,13:26:23,13.39,--,26,34814,卖盘
989,13:26:20,13.39,--,5,7364,卖盘
990,13:26:11,13.39,-0.01,23,30797,卖盘
991,13:26:05,13.4,0.01,1,1340,买盘
992,13:26:02,13.39,--,12,16068,卖盘
993,13:25:59,13.39,--,20,26780,卖盘
994,13:25:56,13.39,--,78,104442,卖盘
995,13:25:53,13.39,--,40,53560,卖盘
996,13:25:44,13.39,--,10,13390,卖盘
997,13:25:38,13.39,--,40,53560,卖盘
998,13:25:29,13.39,--,20,26780,卖盘
999,13:25:23,13.39,--,7,9373,卖盘
1000,13:25:20,13.39,-0.02,20,26780,卖盘
1001,13:25:17,13.41,--,6,8046,买盘
1002,13:25:14,13.41,0.02,50,67050,买盘
1003,13:25:11,13.39,--,2,2678,卖盘
1004,13:25:08,13.39,-0.01,64,85696,卖盘
1005,13:24:59,13.4,--,63,84420,卖盘
1006,13:24:53,13.4,-0.01,29,38860,卖盘
1007,13:24:47,13.41,0.01,10,13410,买盘
1008,13:24:38,13.4,-0.01,37,49580,卖盘
1009,13:24:23,13.41,--,1,1341,买盘
1010,13:24:05,13.41,0.01,2,2682,买盘
1011,13:23:41,13.4,0.01,2,2680,卖盘
1012,13:23:35,13.39,-0.01,124,166879,卖盘
1013,13:23:32,13.4,--,10,13400,卖盘
1014,13:23:29,13.4,--,22,29480,卖盘
1015,13:23:14,13.4,-0.01,9,12060,中性盘
1016,13:23:05,13.41,0.01,40,53640,买盘
1017,13:23:02,13.4,--,9,12060,买盘
1018,13:22:35,13.4,0.01,1,1340,买盘
1019,13:22:32,13.39,-0.01,54,72306,卖盘
1020,13:22:20,13.4,--,82,109880,买盘
1021,13:22:08,13.4,0.01,5,6700,买盘
1022,13:22:02,13.39,-0.01,111,148629,卖盘
1023,13:21:56,13.4,0.01,2,2680,买盘
1024,13:21:50,13.39,-0.01,46,61594,卖盘
1025,13:21:47,13.4,--,33,44220,买盘
1026,13:21:44,13.4,0.01,10,13400,中性盘
1027,13:21:41,13.39,-0.01,46,61594,卖盘
1028,13:21:38,13.4,--,23,30820,卖盘
1029,13:21:23,13.4,--,119,159460,卖盘
1030,13:21:20,13.4,--,10,13400,卖盘
1031,13:21:17,13.4,--,10,13400,卖盘
1032,13:21:14,13.4,-0.01,28,37520,卖盘
1033,13:21:08,13.41,--,2,2682,买盘
1034,13:20:56,13.41,0.01,1,1341,买盘
1035,13:20:41,13.4,--,23,30820,卖盘
1036,13:20:35,13.4,-0.01,102,136680,卖盘
1037,13:20:32,13.41,0.01,5,6705,买盘
1038,13:20:29,13.4,-0.01,15,20100,卖盘
1039,13:20:23,13.41,--,1,1341,买盘
1040,13:20:17,13.41,0.01,6,8046,买盘
1041,13:20:14,13.4,-0.01,5,6700,卖盘
1042,13:20:05,13.41,0.01,8,10728,买盘
1043,13:20:02,13.4,-0.01,5,6700,卖盘
1044,13:19:59,13.41,-0.01,11,14751,中性盘
1045,13:19:47,13.42,0.02,8,10736,买盘
1046,13:19:40,13.4,--,6,8040,卖盘
1047,13:19:31,13.4,-0.01,14,18760,卖盘
1048,13:19:28,13.41,0.01,129,172989,买盘
1049,13:19:25,13.4,--,160,214400,卖盘
1050,13:19:22,13.4,--,23,30820,卖盘
1051,13:19:07,13.4,--,6,8040,卖盘
1052,13:19:04,13.4,--,24,32160,卖盘
1053,13:19:01,13.4,-0.01,12,16080,卖盘
1054,13:18:58,13.41,-0.01,0,670,卖盘
1055,13:18:52,13.42,0.01,24,32208,买盘
1056,13:18:49,13.41,0.01,3,4023,中性盘
1057,13:18:46,13.4,-0.01,192,257280,卖盘
1058,13:18:43,13.41,-0.01,23,30843,卖盘
1059,13:18:37,13.42,0.01,1,1342,买盘
1060,13:18:34,13.41,--,12,16092,卖盘
1061,13:18:28,13.41,-0.01,12,16092,卖盘
1062,13:18:22,13.42,--,7,9394,买盘
1063,13:18:19,13.42,--,71,95282,卖盘
1064,13:18:10,13.42,-0.01,23,30866,卖盘
1065,13:18:04,13.43,0.01,2,2686,买盘
1066,13:17:58,13.42,-0.01,10,13420,卖盘
1067,13:17:55,13.43,0.01,8,10744,买盘
1068,13:17:28,13.42,--,7,9394,卖盘
1069,13:17:19,13.42,0.01,63,84546,卖盘
1070,13:17:07,13.41,-0.01,23,30843,卖盘
1071,13:17:04,13.42,--,32,42944,卖盘
1072,13:17:01,13.42,--,6,8052,卖盘
1073,13:16:43,13.42,-0.01,12,16104,卖盘
1074,13:16:37,13.43,0.01,1,1343,买盘
1075,13:16:34,13.42,-0.01,17,22814,卖盘
1076,13:16:22,13.43,0.01,21,28203,买盘
1077,13:16:13,13.42,0.01,2,2684,中性盘
1078,13:15:55,13.41,-0.01,89,120153,卖盘
1079,13:15:40,13.42,0.01,47,63074,买盘
1080,13:15:31,13.41,--,4,5364,卖盘
1081,13:15:25,13.41,--,60,80460,卖盘
1082,13:15:22,13.41,--,20,26820,买盘
1083,13:15:19,13.41,--,2,2682,买盘
1084,13:15:16,13.41,--,11,14751,买盘
1085,13:15:04,13.41,--,2,2682,买盘
1086,13:15:01,13.41,0.01,46,61686,买盘
1087,13:14:58,13.4,-0.01,146,195640,卖盘
1088,13:14:52,13.41,--,10,13410,买盘
1089,13:14:43,13.41,0.01,4,5364,买盘
1090,13:14:31,13.4,--,1,1340,卖盘
1091,13:14:25,13.4,--,120,160800,卖盘
1092,13:14:10,13.4,-0.01,30,40200,卖盘
1093,13:14:04,13.41,0.01,6,8046,买盘
1094,13:14:01,13.4,-0.01,8,11390,卖盘
1095,13:13:52,13.41,--,1,1341,买盘
1096,13:13:49,13.41,--,21,28161,买盘
1097,13:13:43,13.41,0.01,36,48276,买盘
1098,13:13:37,13.4,-0.01,8,10720,卖盘
1099,13:13:22,13.41,--,22,29502,买盘
1100,13:13:19,13.41,--,10,13410,买盘
1101,13:13:16,13.41,--,81,108621,买盘
1102,13:13:10,13.41,0.01,22,29502,买盘
1103,13:13:04,13.4,-0.01,139,186260,卖盘
1104,13:12:43,13.41,--,93,124713,买盘
1105,13:12:40,13.41,--,2,2682,买盘
1106,13:12:31,13.41,--,20,26820,买盘
1107,13:12:19,13.41,0.01,7,9387,买盘
1108,13:12:07,13.4,-0.01,25,33500,卖盘
1109,13:12:04,13.41,--,2,2682,买盘
1110,13:12:01,13.41,0.01,30,40230,买盘
1111,13:11:55,13.4,--,9,12060,卖盘
1112,13:11:49,13.4,-0.01,100,134000,卖盘
1113,13:11:46,13.41,0.01,3,4023,买盘
1114,13:11:34,13.4,-0.01,9,12060,卖盘
1115,13:11:28,13.41,--,3,4023,买盘
1116,13:11:16,13.41,--,30,40230,买盘
1117,13:11:10,13.41,--,3,4023,买盘
1118,13:11:07,13.41,--,64,85824,卖盘
1119,13:11:04,13.41,-0.01,66,88506,卖盘
1120,13:10:40,13.42,--,1,1342,买盘
1121,13:10:28,13.42,--,1,1342,买盘
1122,13:10:22,13.42,--,10,13420,买盘
1123,13:10:10,13.42,0.01,86,115412,买盘
1124,13:09:58,13.41,--,31,41571,买盘
1125,13:09:55,13.41,--,10,13410,买盘
1126,13:09:43,13.41,0.01,28,37548,买盘
1127,13:09:37,13.4,-0.01,28,37520,卖盘
1128,13:09:31,13.41,0.01,4,5364,买盘
1129,13:09:28,13.4,-0.01,15,20100,卖盘
1130,13:09:25,13.41,0.01,25,33525,买盘
1131,13:09:13,13.4,-0.01,5,7370,卖盘
1132,13:09:04,13.41,0.01,2,2682,买盘
1133,13:08:58,13.4,--,8,11390,卖盘
1134,13:08:43,13.4,0.01,75,100500,买盘
1135,13:08:40,13.39,-0.01,17,22763,卖盘
1136,13:08:37,13.4,0.01,1,1340,买盘
1137,13:08:34,13.39,--,18,24102,卖盘
1138,13:08:31,13.39,-0.01,50,66950,卖盘
1139,13:08:28,13.4,--,10,13400,买盘
1140,13:08:19,13.4,0.01,2,2680,买盘
1141,13:08:16,13.39,--,20,26780,卖盘
1142,13:08:13,13.39,--,20,26780,卖盘
1143,13:08:10,13.39,--,67,89713,卖盘
1144,13:08:07,13.39,--,9,12051,卖盘
1145,13:08:01,13.39,--,10,13390,卖盘
1146,13:07:58,13.39,--,20,26780,卖盘
1147,13:07:55,13.39,-0.01,26,34814,卖盘
1148,13:07:43,13.4,0.01,12,16080,买盘
1149,13:07:34,13.39,--,20,26780,卖盘
1150,13:07:28,13.39,-0.01,50,66950,卖盘
1151,13:07:22,13.4,--,1,1340,买盘
1152,13:07:13,13.4,--,10,13400,买盘
1153,13:07:07,13.4,--,3,4020,买盘
1154,13:07:04,13.4,--,11,14740,买盘
1155,13:06:58,13.4,--,101,135742,卖盘
1156,13:06:55,13.4,-0.01,2,3350,卖盘
1157,13:06:52,13.41,--,20,26820,买盘
1158,13:06:46,13.41,0.01,13,17433,买盘
1159,13:06:40,13.4,--,4,5360,卖盘
1160,13:06:34,13.4,--,19,25460,卖盘
1161,13:06:31,13.4,--,65,87368,买盘
1162,13:06:28,13.4,--,220,294800,买盘
1163,13:06:25,13.4,0.01,6,8040,买盘
1164,13:06:22,13.39,--,55,73645,卖盘
1165,13:06:19,13.39,-0.01,4,5356,卖盘
1166,13:06:16,13.4,0.01,3,4020,买盘
1167,13:06:13,13.39,--,34,45526,卖盘
1168,13:06:10,13.39,--,5,6695,卖盘
1169,13:06:07,13.39,-0.01,7,9373,卖盘
1170,13:06:04,13.4,0.01,2,2680,买盘
1171,13:05:55,13.39,--,135,180765,卖盘
1172,13:05:40,13.39,-0.01,15,20085,卖盘
1173,13:05:37,13.4,--,19,25460,买盘
1174,13:05:28,13.4,0.01,51,68340,买盘
1175,13:05:22,13.39,0.01,13,18076,买盘
1176,13:05:19,13.38,--,50,66900,卖盘
1177,13:05:16,13.38,-0.01,41,54858,卖盘
1178,13:05:10,13.39,0.01,9,12051,买盘
1179,13:05:01,13.38,-0.01,18,24084,卖盘
1180,13:04:55,13.39,0.01,19,25441,买盘
1181,13:04:49,13.38,-0.01,8,10704,卖盘
1182,13:04:43,13.39,--,39,52890,卖盘
1183,13:04:37,13.39,--,50,66950,卖盘
1184,13:04:31,13.39,--,1,2008,卖盘
1185,13:04:10,13.39,--,92,123188,卖盘
1186,13:04:04,13.39,--,8,10712,卖盘
1187,13:03:58,13.39,-0.01,6,8034,卖盘
1188,13:03:55,13.4,0.01,4,5360,买盘
1189,13:03:46,13.39,-0.01,2,2678,卖盘
1190,13:03:43,13.4,0.01,55,73700,买盘
1191,13:03:31,13.39,--,5,6695,卖盘
1192,13:03:19,13.39,--,1,1339,卖盘
1193,13:03:07,13.39,--,50,66950,卖盘
1194,13:03:04,13.39,-0.01,23,30797,卖盘
1195,13:03:01,13.4,--,2,2680,买盘
1196,13:02:58,13.4,0.01,1,1340,买盘
1197,13:02:55,13.39,--,15,20085,卖盘
1198,13:02:46,13.39,--,5,6695,卖盘
1199,13:02:43,13.39,--,137,183443,卖盘
1200,13:02:28,13.39,-0.01,60,80340,卖盘
1201,13:02:25,13.4,0.01,2,2680,买盘
1202,13:02:22,13.39,--,30,40170,卖盘
1203,13:01:55,13.39,--,12,16068,卖盘
1204,13:01:52,13.39,--,26,34814,卖盘
1205,13:01:49,13.39,--,51,68289,卖盘
1206,13:01:46,13.39,-0.01,123,165768,卖盘
1207,13:01:43,13.4,--,35,46900,卖盘
1208,13:01:40,13.4,--,51,68340,卖盘
1209,13:01:37,13.4,--,2,2680,卖盘
1210,13:01:34,13.4,--,91,121940,卖盘
1211,13:01:31,13.4,--,156,209040,卖盘
1212,13:01:28,13.4,--,7,9380,卖盘
1213,13:01:25,13.4,--,6,8040,卖盘
1214,13:01:22,13.4,--,7,9380,卖盘
1215,13:01:16,13.4,-0.01,91,121940,卖盘
1216,13:01:13,13.41,0.01,59,79119,买盘
1217,13:01:10,13.4,-0.01,179,239927,卖盘
1218,13:01:07,13.41,--,65,87165,卖盘
1219,13:00:58,13.41,--,23,30843,卖盘
1220,13:00:52,13.41,--,2,3218,卖盘
1221,13:00:46,13.41,-0.01,46,61686,卖盘
1222,13:00:40,13.42,0.01,22,29524,买盘
1223,13:00:34,13.41,--,47,63027,卖盘
1224,13:00:31,13.41,-0.01,33,44253,卖盘
1225,13:00:25,13.42,--,1,1342,买盘
1226,13:00:22,13.42,--,61,81862,买盘
1227,13:00:13,13.42,--,10,13420,买盘
1228,13:00:10,13.42,--,18,24156,买盘
1229,13:00:07,13.42,--,278,373076,买盘
1230,13:00:04,13.42,-0.01,200,268400,中性盘
1231,11:29:44,13.43,0.02,10,13430,买盘
1232,11:29:32,13.41,-0.01,10,13410,卖盘
1233,11:29:20,13.42,0.01,10,13420,中性盘
1234,11:29:14,13.41,--,10,13410,卖盘
1235,11:29:02,13.41,--,253,339273,卖盘
1236,11:28:53,13.41,-0.02,1,1341,卖盘
1237,11:28:32,13.43,--,2,2686,买盘
1238,11:28:29,13.43,0.01,1,1343,买盘
1239,11:28:17,13.42,0.01,322,432124,买盘
1240,11:28:14,13.41,-0.01,6,8046,卖盘
1241,11:28:05,13.42,--,1,1342,买盘
1242,11:27:56,13.42,--,10,13420,买盘
1243,11:27:41,13.42,-0.01,24,32208,卖盘
1244,11:27:35,13.43,--,23,30889,买盘
1245,11:27:32,13.43,--,46,61778,买盘
1246,11:27:26,13.43,--,23,30889,买盘
1247,11:27:23,13.43,--,14,18802,买盘
1248,11:27:17,13.43,--,92,123556,买盘
1249,11:27:11,13.43,0.01,117,157131,买盘
1250,11:27:08,13.42,0.01,46,61732,买盘
1251,11:26:59,13.41,-0.01,1,1341,卖盘
1252,11:26:53,13.42,--,15,20130,买盘
1253,11:26:50,13.42,--,9,12078,中性盘
1254,11:26:41,13.42,--,97,130174,买盘
1255,11:26:35,13.42,--,5,6710,买盘
1256,11:26:23,13.42,--,4,5368,买盘
1257,11:26:20,13.42,-0.01,30,40260,卖盘
1258,11:26:08,13.43,--,23,30889,买盘
1259,11:25:59,13.43,--,24,32232,买盘
1260,11:25:56,13.43,0.02,4,5372,买盘
1261,11:25:50,13.41,-0.02,100,134100,卖盘
1262,11:25:41,13.43,--,5,6715,买盘
1263,11:25:38,13.43,0.01,23,30889,买盘
1264,11:25:35,13.42,0.01,49,65758,买盘
1265,11:25:32,13.41,-0.01,6,8046,卖盘
1266,11:25:29,13.42,0.01,25,33550,买盘
1267,11:25:17,13.41,-0.01,33,44253,卖盘
1268,11:25:14,13.42,--,4,5368,买盘
1269,11:25:05,13.42,--,25,33550,买盘
1270,11:25:02,13.42,0.01,24,32208,买盘
1271,11:24:53,13.41,-0.01,48,64368,卖盘
1272,11:24:50,13.42,0.01,54,72468,买盘
1273,11:24:47,13.41,-0.01,23,30843,卖盘
1274,11:24:44,13.42,0.01,32,42944,买盘
1275,11:24:38,13.41,--,3,4023,卖盘
1276,11:24:32,13.41,-0.01,1,1341,卖盘
1277,11:24:29,13.42,--,24,32208,买盘
1278,11:24:26,13.42,0.01,7,9394,买盘
1279,11:24:20,13.41,--,23,30843,卖盘
1280,11:24:11,13.41,--,6,8046,卖盘
1281,11:24:08,13.41,-0.01,18,24138,卖盘
1282,11:24:05,13.42,0.01,58,77836,买盘
1283,11:24:02,13.41,--,29,38889,卖盘
1284,11:23:56,13.41,-0.01,35,46935,卖盘
1285,11:23:44,13.42,--,20,26840,买盘
1286,11:23:41,13.42,--,12,16104,卖盘
1287,11:23:38,13.42,-0.01,23,30866,卖盘
1288,11:23:35,13.43,0.01,1,1343,买盘
1289,11:23:29,13.42,-0.01,65,87230,卖盘
1290,11:23:23,13.43,0.02,1,1343,买盘
1291,11:23:02,13.41,-0.01,4,5364,卖盘
1292,11:22:56,13.42,--,1,1811,买盘
1293,11:22:47,13.42,--,20,26840,买盘
1294,11:22:41,13.42,-0.01,8,11608,卖盘
1295,11:22:38,13.43,0.01,23,30889,买盘
1296,11:22:35,13.42,--,13,17915,买盘
1297,11:22:26,13.42,--,3,4026,买盘
1298,11:22:20,13.42,--,7,9394,买盘
1299,11:22:17,13.42,--,23,30866,买盘
1300,11:22:14,13.42,--,40,53680,买盘
1301,11:22:11,13.42,-0.01,18,25028,卖盘
1302,11:22:08,13.43,0.01,20,26860,买盘
1303,11:21:59,13.42,-0.01,36,48728,卖盘
1304,11:21:50,13.43,--,5,6715,买盘
1305,11:21:23,13.43,--,5,6715,买盘
1306,11:21:14,13.43,0.01,5,6715,买盘
1307,11:20:53,13.42,-0.01,5,7797,卖盘
1308,11:20:50,13.43,0.01,1,1343,买盘
1309,11:20:44,13.42,--,185,248578,买盘
1310,11:20:41,13.42,--,10,13420,买盘
1311,11:20:38,13.42,--,1,1342,买盘
1312,11:20:29,13.42,--,26,34892,买盘
1313,11:20:20,13.42,--,34,45628,买盘
1314,11:20:02,13.42,--,15,20130,买盘
1315,11:19:53,13.42,0.01,36,48312,买盘
1316,11:19:50,13.41,--,22,29502,卖盘
1317,11:19:47,13.41,-0.01,32,42912,卖盘
1318,11:19:38,13.42,--,26,34892,买盘
1319,11:19:35,13.42,--,2,2684,买盘
1320,11:19:26,13.42,--,20,26840,买盘
1321,11:19:07,13.42,0.01,13,17446,买盘
1322,11:19:04,13.41,-0.01,40,53640,卖盘
1323,11:18:52,13.42,0.01,5,6710,买盘
1324,11:18:49,13.41,--,63,84483,卖盘
1325,11:18:46,13.41,-0.01,10,13410,卖盘
1326,11:18:43,13.42,0.01,7,9394,买盘
1327,11:18:34,13.41,0.01,253,339541,买盘
1328,11:18:31,13.4,-0.01,39,52260,卖盘
1329,11:18:28,13.41,0.01,20,26820,买盘
1330,11:18:19,13.4,-0.01,14,18760,卖盘
1331,11:18:16,13.41,--,6,8046,买盘
1332,11:18:04,13.41,--,177,237357,卖盘
1333,11:17:58,13.41,--,24,32184,卖盘
1334,11:17:52,13.41,--,24,32184,卖盘
1335,11:17:40,13.41,-0.01,300,402300,卖盘
1336,11:17:37,13.42,--,10,13420,买盘
1337,11:17:31,13.42,0.01,23,30866,买盘
1338,11:17:19,13.41,--,27,36207,卖盘
1339,11:17:16,13.41,--,9,12069,卖盘
1340,11:17:13,13.41,--,10,13410,卖盘
1341,11:17:10,13.41,-0.01,71,95211,卖盘
1342,11:17:07,13.42,0.01,35,46970,买盘
1343,11:16:55,13.41,-0.01,30,40230,卖盘
1344,11:16:52,13.42,0.01,300,402600,买盘
1345,11:16:49,13.41,-0.01,23,30843,卖盘
1346,11:16:46,13.42,--,245,328790,买盘
1347,11:16:40,13.42,--,4,5368,买盘
1348,11:16:37,13.42,-0.01,241,324750,卖盘
1349,11:16:34,13.43,--,102,136986,买盘
1350,11:16:31,13.43,0.01,100,134300,买盘
1351,11:16:25,13.42,--,0,13,卖盘
1352,11:16:19,13.42,-0.01,21,28182,卖盘
1353,11:16:16,13.43,--,54,72522,买盘
1354,11:16:07,13.43,--,8,10744,买盘
1355,11:16:01,13.43,0.02,5,6715,买盘
1356,11:15:55,13.41,-0.01,23,30843,卖盘
1357,11:15:49,13.42,--,25,33550,买盘
1358,11:15:46,13.42,--,10,13420,买盘
1359,11:15:43,13.42,--,83,111386,买盘
1360,11:15:37,13.42,--,34,45628,买盘
1361,11:15:31,13.42,0.01,10,13420,买盘
1362,11:15:28,13.41,--,70,93870,卖盘
1363,11:15:25,13.41,-0.01,10,13410,卖盘
1364,11:15:22,13.42,--,6,8052,卖盘
1365,11:15:19,13.42,--,1,1342,买盘
1366,11:15:13,13.42,-0.01,2,2684,卖盘
1367,11:15:10,13.43,0.01,2,2686,买盘
1368,11:15:07,13.42,--,10,13420,卖盘
1369,11:15:04,13.42,--,30,40260,卖盘
1370,11:14:55,13.42,--,1,1342,买盘
1371,11:14:49,13.42,--,3,4026,买盘
1372,11:14:46,13.42,0.01,5,6710,买盘
1373,11:14:43,13.41,-0.01,79,105939,卖盘
1374,11:14:31,13.42,-0.01,1,1342,中性盘
1375,11:14:22,13.43,0.02,100,134300,买盘
1376,11:14:16,13.41,-0.02,30,40230,中性盘
1377,11:14:13,13.43,0.02,30,40290,买盘
1378,11:14:10,13.41,--,208,278928,买盘
1379,11:14:07,13.41,0.01,25,33525,买盘
1380,11:14:04,13.4,-0.01,2,2680,卖盘
1381,11:13:58,13.41,--,10,13410,买盘
1382,11:13:49,13.41,0.01,50,67050,买盘
1383,11:13:46,13.4,-0.01,107,143380,卖盘
1384,11:13:31,13.41,0.01,2,2682,买盘
1385,11:13:28,13.4,-0.01,32,43148,卖盘
1386,11:13:13,13.41,--,10,13410,买盘
1387,11:13:10,13.41,0.01,13,17433,买盘
1388,11:13:04,13.4,-0.01,81,108540,卖盘
1389,11:13:01,13.41,0.01,203,272223,买盘
1390,11:12:58,13.4,-0.01,38,50920,卖盘
1391,11:12:55,13.41,--,23,30843,买盘
1392,11:12:49,13.41,0.01,7,9387,买盘
1393,11:12:46,13.4,-0.01,54,72360,卖盘
1394,11:12:43,13.41,0.01,1,1341,卖盘
1395,11:12:31,13.4,-0.03,107,143380,卖盘
1396,11:12:16,13.43,0.03,28,37604,买盘
1397,11:12:10,13.4,-0.02,20,26800,卖盘
1398,11:12:04,13.42,--,5,6710,买盘
1399,11:12:01,13.42,0.01,50,67100,买盘
1400,11:11:52,13.41,--,17,23051,卖盘
1401,11:11:46,13.41,--,87,117753,买盘
1402,11:11:43,13.41,--,7,9387,买盘
1403,11:11:34,13.41,--,238,319158,买盘
1404,11:11:25,13.41,0.01,134,179694,买盘
1405,11:11:22,13.4,-0.01,69,92460,卖盘
1406,11:11:19,13.41,--,51,68391,买盘
1407,11:11:07,13.41,--,7,9387,买盘
1408,11:11:04,13.41,--,1,1341,买盘
1409,11:10:55,13.41,0.01,50,67050,买盘
1410,11:10:49,13.4,--,13,17420,卖盘
1411,11:10:40,13.4,--,59,79060,买盘
1412,11:10:34,13.4,--,2,2680,买盘
1413,11:10:31,13.4,0.01,1,1340,买盘
1414,11:10:25,13.39,--,1,1339,买盘
1415,11:10:22,13.39,--,50,66950,买盘
1416,11:10:19,13.39,--,19,25441,买盘
1417,11:10:16,13.39,0.01,5,6695,买盘
1418,11:10:13,13.38,--,28,37464,卖盘
1419,11:10:10,13.38,--,33,44154,卖盘
1420,11:10:07,13.38,--,30,40140,卖盘
1421,11:09:58,13.38,--,170,227460,买盘
1422,11:09:55,13.38,0.01,10,13380,买盘
1423,11:09:52,13.37,-0.01,75,100275,卖盘
1424,11:09:43,13.38,0.01,38,50844,买盘
1425,11:09:40,13.37,-0.01,360,481320,卖盘
1426,11:09:37,13.38,--,20,26760,卖盘
1427,11:09:28,13.38,-0.01,28,37464,卖盘
1428,11:09:25,13.39,0.02,10,13390,买盘
1429,11:09:19,13.37,-0.01,50,66850,卖盘
1430,11:09:16,13.38,0.01,11,14718,卖盘
1431,11:09:13,13.37,--,60,80220,卖盘
1432,11:09:10,13.37,--,455,608335,卖盘
1433,11:09:07,13.37,--,50,66850,卖盘
1434,11:09:04,13.37,--,19,25403,卖盘
1435,11:08:55,13.37,-0.01,50,66850,卖盘
1436,11:08:52,13.38,--,40,53520,买盘
1437,11:08:49,13.38,0.01,10,13380,买盘
1438,11:08:43,13.37,-0.01,50,66850,卖盘
1439,11:08:40,13.38,--,11,14718,卖盘
1440,11:08:37,13.38,-0.01,50,66900,中性盘
1441,11:08:28,13.39,0.02,55,73645,买盘
1442,11:08:25,13.37,-0.02,490,655130,卖盘
1443,11:08:22,13.39,--,1,1339,买盘
1444,11:08:19,13.39,--,55,73645,卖盘
1445,11:08:16,13.39,--,50,66950,卖盘
1446,11:08:13,13.39,-0.01,27,36153,卖盘
1447,11:08:10,13.4,0.01,50,67000,买盘
1448,11:08:07,13.39,-0.01,85,113815,卖盘
1449,11:07:58,13.4,--,82,109880,买盘
1450,11:07:55,13.4,0.02,1,1340,买盘
1451,11:07:46,13.38,--,50,66900,卖盘
1452,11:07:40,13.38,-0.01,63,84294,卖盘
1453,11:07:34,13.39,0.01,9,12051,中性盘
1454,11:07:25,13.38,-0.01,300,401400,卖盘
1455,11:07:13,13.39,--,29,38831,买盘
1456,11:07:10,13.39,--,112,149968,买盘
1457,11:06:55,13.39,--,10,13390,买盘
1458,11:06:52,13.39,--,3,4017,买盘
1459,11:06:43,13.39,--,24,32136,卖盘
1460,11:06:28,13.39,-0.01,200,267800,卖盘
1461,11:06:19,13.4,--,11,14740,买盘
1462,11:06:13,13.4,--,44,58960,买盘
1463,11:06:10,13.4,--,9,12060,买盘
1464,11:06:07,13.4,--,15,20100,买盘
1465,11:05:58,13.4,0.01,3,4020,买盘
1466,11:05:55,13.39,-0.01,10,13390,卖盘
1467,11:05:52,13.4,-0.01,3,4020,中性盘
1468,11:05:40,13.41,0.02,19,25479,买盘
1469,11:05:28,13.39,0.01,14,18746,买盘
1470,11:05:25,13.38,-0.01,10,13380,卖盘
1471,11:05:22,13.39,0.01,27,36153,买盘
1472,11:05:19,13.38,-0.01,21,28098,卖盘
1473,11:05:16,13.39,--,4,5356,买盘
1474,11:05:13,13.39,--,5,6695,买盘
1475,11:05:10,13.39,0.01,1,1339,买盘
1476,11:05:04,13.38,-0.01,10,13380,卖盘
1477,11:04:58,13.39,0.01,4,5356,买盘
1478,11:04:52,13.38,--,5,6690,卖盘
1479,11:04:49,13.38,0.01,78,104364,买盘
1480,11:04:46,13.37,-0.01,28,37436,卖盘
1481,11:04:43,13.38,--,12,16056,买盘
1482,11:04:40,13.38,--,16,21408,买盘
1483,11:04:34,13.38,-0.01,81,108378,卖盘
1484,11:04:28,13.39,0.01,1,1339,买盘
1485,11:04:25,13.38,--,5,6690,买盘
1486,11:04:19,13.38,--,525,702450,买盘
1487,11:04:16,13.38,--,17,22746,买盘
1488,11:04:13,13.38,-0.03,153,204714,卖盘
1489,11:04:07,13.41,0.03,47,63027,买盘
1490,11:04:04,13.38,--,10,13380,卖盘
1491,11:03:55,13.38,--,4,5352,卖盘
1492,11:03:52,13.38,--,7,9366,卖盘
1493,11:03:49,13.38,-0.03,3,4014,卖盘
1494,11:03:40,13.41,0.04,123,164943,买盘
1495,11:03:37,13.37,-0.04,355,474635,卖盘
1496,11:03:34,13.41,0.04,53,71073,买盘
1497,11:03:31,13.37,-0.01,226,302162,卖盘
1498,11:03:25,13.38,--,66,88308,买盘
1499,11:03:19,13.38,--,281,375978,买盘
1500,11:03:16,13.38,--,73,97674,买盘
1501,11:03:10,13.38,-0.02,52,69576,卖盘
1502,11:03:07,13.4,0.02,62,83080,买盘
1503,11:03:01,13.38,--,4,5352,卖盘
1504,11:02:58,13.38,0.01,1,1338,中性盘
1505,11:02:55,13.37,-0.01,44,58828,卖盘
1506,11:02:52,13.38,-0.02,419,560622,卖盘
1507,11:02:46,13.4,--,15,20100,买盘
1508,11:02:43,13.4,0.02,5,6700,买盘
1509,11:02:37,13.38,-0.03,300,401400,卖盘
1510,11:02:25,13.41,0.02,300,402300,买盘
1511,11:02:22,13.39,-0.01,27,36153,卖盘
1512,11:02:19,13.4,0.01,3,4020,买盘
1513,11:02:16,13.39,--,4,5356,卖盘
1514,11:02:07,13.39,--,24,32136,卖盘
1515,11:01:58,13.39,--,40,53560,卖盘
1516,11:01:52,13.39,--,21,28119,卖盘
1517,11:01:49,13.39,--,184,246376,买盘
1518,11:01:43,13.39,0.01,33,44187,买盘
1519,11:01:40,13.38,0.01,18,24084,买盘
1520,11:01:37,13.37,-0.01,100,133700,卖盘
1521,11:01:31,13.38,--,15,20070,买盘
1522,11:01:25,13.38,0.01,20,26760,中性盘
1523,11:01:22,13.37,-0.02,415,554855,卖盘
1524,11:01:16,13.39,0.01,164,219997,买盘
1525,11:01:13,13.38,--,23,30774,卖盘
1526,11:01:10,13.38,--,129,172602,卖盘
1527,11:01:07,13.38,--,5,6690,卖盘
1528,11:01:04,13.38,--,8,10704,卖盘
1529,11:01:01,13.38,--,38,50844,卖盘
1530,11:00:55,13.38,-0.01,20,26760,卖盘
1531,11:00:49,13.39,0.01,10,13390,买盘
1532,11:00:46,13.38,0.01,121,161898,买盘
1533,11:00:40,13.37,-0.01,9,12033,卖盘
1534,11:00:37,13.38,0.01,53,70914,卖盘
1535,11:00:28,13.37,-0.01,66,88242,卖盘
1536,11:00:25,13.38,0.01,43,57534,中性盘
1537,11:00:22,13.37,-0.01,246,328902,卖盘
1538,11:00:16,13.38,--,55,73590,卖盘
1539,11:00:13,13.38,--,47,62886,卖盘
1540,11:00:10,13.38,--,89,119082,卖盘
1541,11:00:07,13.38,--,146,195348,卖盘
1542,11:00:04,13.38,-0.01,54,72252,卖盘
1543,11:00:01,13.39,-0.01,69,92391,卖盘
1544,10:59:58,13.4,0.01,45,60300,买盘
1545,10:59:55,13.39,-0.01,23,30797,卖盘
1546,10:59:49,13.4,0.01,1,1340,中性盘
1547,10:59:31,13.39,--,14,18746,卖盘
1548,10:59:28,13.39,-0.01,23,30797,卖盘
1549,10:59:25,13.4,-0.01,7,9380,卖盘
1550,10:59:22,13.41,0.01,25,33525,买盘
1551,10:59:19,13.4,--,90,120600,卖盘
1552,10:59:10,13.4,--,29,38860,卖盘
1553,10:59:04,13.4,--,10,13400,卖盘
1554,10:59:01,13.4,--,18,24120,卖盘
1555,10:58:58,13.4,-0.01,530,710200,卖盘
1556,10:58:55,13.41,--,10,13410,买盘
1557,10:58:52,13.41,--,4,5364,买盘
1558,10:58:43,13.41,--,197,264177,卖盘
1559,10:58:33,13.41,-0.01,8,10728,卖盘
1560,10:58:30,13.42,0.01,1,1342,买盘
1561,10:58:27,13.41,--,60,80460,卖盘
1562,10:58:21,13.41,-0.01,38,50958,卖盘
1563,10:58:18,13.42,--,17,22814,卖盘
1564,10:58:15,13.42,--,3,4026,买盘
1565,10:58:09,13.42,0.01,2,2684,买盘
1566,10:58:03,13.41,--,20,26820,卖盘
1567,10:58:00,13.41,-0.01,30,40230,卖盘
1568,10:57:54,13.42,0.01,8,10736,卖盘
1569,10:57:45,13.41,-0.03,23,30843,卖盘
1570,10:57:39,13.44,0.03,14,18816,买盘
1571,10:57:36,13.41,-0.01,50,67050,卖盘
1572,10:57:33,13.42,--,20,26840,卖盘
1573,10:57:24,13.42,0.01,32,42944,买盘
1574,10:57:18,13.41,--,2,2682,卖盘
1575,10:57:15,13.41,--,4,5364,卖盘
1576,10:57:12,13.41,0.01,31,41571,买盘
1577,10:57:06,13.4,--,13,17420,卖盘
1578,10:57:03,13.4,-0.01,113,151420,卖盘
1579,10:56:54,13.41,0.01,11,14751,买盘
1580,10:56:51,13.4,-0.01,12,16080,卖盘
1581,10:56:48,13.41,--,4,5364,买盘
1582,10:56:45,13.41,--,11,14751,买盘
1583,10:56:42,13.41,--,25,33525,买盘
1584,10:56:36,13.41,-0.01,170,227970,卖盘
1585,10:56:33,13.42,--,47,63074,卖盘
1586,10:56:21,13.42,0.01,1,1342,买盘
1587,10:56:12,13.41,--,7,9387,卖盘
1588,10:56:09,13.41,--,23,30843,卖盘
1589,10:56:06,13.41,--,23,30843,卖盘
1590,10:56:03,13.41,-0.02,4,5364,卖盘
1591,10:56:00,13.43,0.02,13,17459,买盘
1592,10:55:57,13.41,--,36,48276,卖盘
1593,10:55:54,13.41,--,81,108621,卖盘
1594,10:55:51,13.41,--,7,9387,卖盘
1595,10:55:48,13.41,--,23,30843,卖盘
1596,10:55:45,13.41,-0.04,290,388890,卖盘
1597,10:55:42,13.45,0.01,255,342975,买盘
1598,10:55:39,13.44,--,204,274176,卖盘
1599,10:55:36,13.44,--,46,61824,卖盘
1600,10:55:33,13.44,--,68,91392,卖盘
1601,10:55:30,13.44,--,123,165312,卖盘
1602,10:55:27,13.44,-0.01,202,272012,卖盘
1603,10:55:24,13.45,--,27,36315,卖盘
1604,10:55:21,13.45,-0.01,45,60525,卖盘
1605,10:55:15,13.46,0.01,61,82106,买盘
1606,10:55:12,13.45,--,7,9415,卖盘
1607,10:55:03,13.45,--,40,53800,卖盘
1608,10:55:00,13.45,-0.01,20,26900,卖盘
1609,10:54:57,13.46,--,75,100950,买盘
1610,10:54:54,13.46,0.01,30,40380,买盘
1611,10:54:48,13.45,-0.01,13,18023,卖盘
1612,10:54:45,13.46,0.01,100,134600,买盘
1613,10:54:42,13.45,--,45,60525,卖盘
1614,10:54:39,13.45,-0.01,25,33625,卖盘
1615,10:54:36,13.46,0.01,81,109026,买盘
1616,10:54:33,13.45,--,46,61870,卖盘
1617,10:54:18,13.45,--,59,79355,卖盘
1618,10:54:15,13.45,0.01,17,23147,买盘
1619,10:54:12,13.44,--,53,71232,卖盘
1620,10:54:06,13.44,--,58,77952,卖盘
1621,10:54:03,13.44,--,70,94080,卖盘
1622,10:54:00,13.44,--,64,86016,卖盘
1623,10:53:51,13.44,0.01,279,374976,买盘
1624,10:53:45,13.43,0.02,4,5372,买盘
1625,10:53:42,13.41,-0.02,150,201150,卖盘
1626,10:53:39,13.43,--,63,84609,卖盘
1627,10:53:33,13.43,--,35,47005,卖盘
1628,10:53:27,13.43,--,24,32232,卖盘
1629,10:53:24,13.43,--,25,33575,卖盘
1630,10:53:21,13.43,--,31,41633,卖盘
1631,10:53:12,13.43,--,4,5372,卖盘
1632,10:53:03,13.43,-0.01,14,18802,卖盘
1633,10:53:00,13.44,-0.01,32,43008,卖盘
1634,10:52:57,13.45,0.01,75,100875,买盘
1635,10:52:54,13.44,--,19,25536,卖盘
1636,10:52:51,13.44,-0.01,2,2688,卖盘
1637,10:52:45,13.45,0.01,10,13450,买盘
1638,10:52:42,13.44,--,6,8064,买盘
1639,10:52:39,13.44,0.01,12,16128,买盘
1640,10:52:33,13.43,--,67,89981,卖盘
1641,10:52:30,13.43,-0.01,13,17459,卖盘
1642,10:52:27,13.44,0.01,25,33600,买盘
1643,10:52:21,13.43,--,29,38947,卖盘
1644,10:52:18,13.43,--,3,4029,卖盘
1645,10:52:15,13.43,0.02,20,26860,中性盘
1646,10:52:06,13.41,--,70,93870,卖盘
1647,10:52:00,13.41,-0.03,8,10728,卖盘
1648,10:51:57,13.44,0.04,470,631680,买盘
1649,10:51:54,13.4,--,2,2680,卖盘
1650,10:51:51,13.4,-0.02,16,21440,卖盘
1651,10:51:48,13.42,0.02,10,13420,买盘
1652,10:51:33,13.4,--,5,6700,卖盘
1653,10:51:24,13.4,--,18,24120,卖盘
1654,10:51:12,13.4,--,5,6700,卖盘
1655,10:51:09,13.4,0.01,111,149812,买盘
1656,10:51:06,13.39,-0.01,16,21424,卖盘
1657,10:51:00,13.4,--,111,149168,卖盘
1658,10:50:54,13.4,--,33,44220,卖盘
1659,10:50:51,13.4,-0.02,19,25460,卖盘
1660,10:50:48,13.42,0.01,107,143594,买盘
1661,10:50:36,13.41,-0.01,37,49617,卖盘
1662,10:50:24,13.42,0.01,25,33550,买盘
1663,10:50:18,13.41,--,12,16092,卖盘
1664,10:50:12,13.41,-0.01,22,29502,卖盘
1665,10:50:09,13.42,0.01,1,1342,买盘
1666,10:50:06,13.41,-0.02,5,7737,卖盘
1667,10:50:03,13.43,0.01,2,2686,买盘
1668,10:50:00,13.42,--,73,97966,卖盘
1669,10:49:51,13.42,-0.01,9,12078,卖盘
1670,10:49:48,13.43,--,13,17459,买盘
1671,10:49:45,13.43,--,7,9401,卖盘
1672,10:49:33,13.43,0.01,1,1343,买盘
1673,10:49:24,13.42,--,2,2684,卖盘
1674,10:49:12,13.42,--,5,6710,卖盘
1675,10:49:09,13.42,-0.02,37,49654,卖盘
1676,10:49:03,13.44,--,1,2405,卖盘
1677,10:49:00,13.44,--,3,4032,卖盘
1678,10:48:57,13.44,--,6,8346,卖盘
1679,10:48:54,13.44,0.02,500,672000,买盘
1680,10:48:45,13.42,0.01,302,405324,买盘
1681,10:48:42,13.41,-0.01,23,30843,卖盘
1682,10:48:39,13.42,--,1,1342,买盘
1683,10:48:36,13.42,--,58,78869,卖盘
1684,10:48:24,13.42,--,12,16104,卖盘
1685,10:48:21,13.42,--,82,110352,买盘
1686,10:48:12,13.42,--,2,2684,买盘
1687,10:48:06,13.42,--,33,44286,买盘
1688,10:48:03,13.42,--,200,268400,买盘
1689,10:48:00,13.42,0.01,15,20130,买盘
1690,10:47:57,13.41,--,13,17714,卖盘
1691,10:47:51,13.41,--,12,16092,卖盘
1692,10:47:48,13.41,-0.01,30,40230,卖盘
1693,10:47:45,13.42,0.01,86,115412,买盘
1694,10:47:39,13.41,--,65,87165,买盘
1695,10:47:33,13.41,0.01,52,69732,买盘
1696,10:47:30,13.4,--,6,8040,卖盘
1697,10:47:27,13.4,-0.01,31,41540,卖盘
1698,10:47:24,13.41,0.01,1,1341,买盘
1699,10:47:21,13.4,--,200,268897,买盘
1700,10:47:15,13.4,--,10,13400,买盘
1701,10:47:12,13.4,--,100,134000,买盘
1702,10:47:09,13.4,--,300,402000,买盘
1703,10:47:06,13.4,--,5,6700,买盘
1704,10:46:57,13.4,0.01,80,107508,买盘
1705,10:46:54,13.39,--,1,1339,买盘
1706,10:46:51,13.39,--,10,13390,买盘
1707,10:46:48,13.39,--,23,30797,卖盘
1708,10:46:45,13.39,-0.01,33,44187,卖盘
1709,10:46:42,13.4,--,2,2680,买盘
1710,10:46:39,13.4,--,247,330980,买盘
1711,10:46:33,13.4,--,2,2680,买盘
1712,10:46:30,13.4,--,43,57620,买盘
1713,10:46:27,13.4,0.01,17,22780,买盘
1714,10:46:24,13.39,--,21,28119,卖盘
1715,10:46:21,13.39,-0.01,17,22763,卖盘
1716,10:46:12,13.4,--,25,33500,买盘
1717,10:46:09,13.4,0.02,117,156780,买盘
1718,10:46:06,13.38,--,2,2676,买盘
1719,10:46:03,13.38,-0.02,8,10704,卖盘
1720,10:46:00,13.4,0.01,106,142040,买盘
1721,10:45:57,13.39,0.01,81,108780,买盘
1722,10:45:51,13.38,--,10,13380,买盘
1723,10:45:48,13.38,--,451,603438,卖盘
1724,10:45:42,13.38,--,356,476328,买盘
1725,10:45:39,13.38,-0.01,15,20070,卖盘
1726,10:45:36,13.39,--,92,123188,买盘
1727,10:45:33,13.39,0.03,74,99086,买盘
1728,10:45:27,13.36,-0.03,20,26720,卖盘
1729,10:45:21,13.39,--,67,89713,买盘
1730,10:45:12,13.39,-0.01,10,13390,中性盘
1731,10:45:03,13.4,0.01,1965,2633100,买盘
1732,10:45:00,13.39,-0.01,1,1339,卖盘
1733,10:44:57,13.4,0.01,132,177188,买盘
1734,10:44:54,13.39,-0.01,15,20085,卖盘
1735,10:44:51,13.4,--,47,62980,买盘
1736,10:44:48,13.4,--,23,30820,买盘
1737,10:44:42,13.4,0.01,96,128640,买盘
1738,10:44:39,13.39,-0.01,110,147290,卖盘
1739,10:44:36,13.4,--,32,42880,买盘
1740,10:44:33,13.4,0.01,14,18760,买盘
1741,10:44:30,13.39,-0.01,62,83018,卖盘
1742,10:44:27,13.4,--,61,81740,买盘
1743,10:44:24,13.4,--,105,140700,买盘
1744,10:44:21,13.4,--,1286,1723682,卖盘
1745,10:44:12,13.4,--,223,298820,卖盘
1746,10:44:09,13.4,--,21,28140,卖盘
1747,10:43:57,13.4,-0.02,81,108821,卖盘
1748,10:43:54,13.42,0.01,24,32208,买盘
1749,10:43:51,13.41,--,175,234675,卖盘
1750,10:43:48,13.41,--,6,8046,卖盘
1751,10:43:45,13.41,-0.01,3,4023,卖盘
1752,10:43:39,13.42,0.01,5,6710,买盘
1753,10:43:33,13.41,-0.01,19,25479,买盘
1754,10:43:30,13.42,0.01,23,30866,买盘
1755,10:43:27,13.41,0.01,81,108621,卖盘
1756,10:43:24,13.4,-0.01,62,83080,卖盘
1757,10:43:21,13.41,0.01,105,140805,买盘
1758,10:43:18,13.4,--,119,159460,卖盘
1759,10:43:15,13.4,-0.01,16,21440,卖盘
1760,10:43:12,13.41,0.01,194,260154,买盘
1761,10:43:09,13.4,-0.02,25,33500,卖盘
1762,10:43:06,13.42,0.01,33,44286,买盘
1763,10:43:00,13.41,-0.01,51,68391,中性盘
1764,10:42:57,13.42,0.01,1051,1410442,买盘
1765,10:42:51,13.41,--,7,9387,卖盘
1766,10:42:48,13.41,--,197,264177,卖盘
1767,10:42:45,13.41,--,23,30843,卖盘
1768,10:42:36,13.41,-0.01,50,67050,卖盘
1769,10:42:27,13.42,0.01,4,5368,买盘
1770,10:42:21,13.41,-0.01,51,68391,卖盘
1771,10:42:18,13.42,0.01,1,1342,买盘
1772,10:42:15,13.41,--,45,60345,卖盘
1773,10:42:12,13.41,--,40,53640,卖盘
1774,10:42:06,13.41,-0.01,64,85824,卖盘
1775,10:42:03,13.42,--,12,16104,买盘
1776,10:42:00,13.42,--,6,8052,买盘
1777,10:41:57,13.42,--,65,88558,卖盘
1778,10:41:51,13.42,-0.01,40,53680,卖盘
1779,10:41:48,13.43,--,8,10744,卖盘
1780,10:41:45,13.43,0.01,106,142358,买盘
1781,10:41:36,13.42,--,800,1073613,卖盘
1782,10:41:33,13.42,-0.01,4,5368,卖盘
1783,10:41:24,13.43,0.01,1,1343,买盘
1784,10:41:21,13.42,--,28,37576,卖盘
1785,10:41:18,13.42,-0.01,21,28182,卖盘
1786,10:41:12,13.43,--,3,4029,卖盘
1787,10:41:09,13.43,0.01,11,14773,买盘
1788,10:41:06,13.42,--,867,1164788,卖盘
1789,10:41:00,13.42,--,1,1342,卖盘
1790,10:40:57,13.42,--,11,14762,卖盘
1791,10:40:54,13.42,-0.01,11,15043,卖盘
1792,10:40:51,13.43,0.01,22,29546,买盘
1793,10:40:39,13.42,-0.01,2,2684,卖盘
1794,10:40:36,13.43,--,57,76551,买盘
1795,10:40:33,13.43,-0.01,216,291148,卖盘
1796,10:40:30,13.44,0.01,1,1344,买盘
1797,10:40:24,13.43,--,100,134300,卖盘
1798,10:40:21,13.43,--,7,9401,卖盘
1799,10:40:18,13.43,--,122,163846,卖盘
1800,10:40:15,13.43,--,4,5372,卖盘
1801,10:40:12,13.43,--,77,103411,卖盘
1802,10:40:09,13.43,--,49,65807,卖盘
1803,10:40:03,13.43,--,185,248455,卖盘
1804,10:40:00,13.43,--,116,155788,卖盘
1805,10:39:57,13.43,--,23,30889,卖盘
1806,10:39:54,13.43,--,36,48630,卖盘
1807,10:39:51,13.43,--,17,22831,卖盘
1808,10:39:48,13.43,-0.01,42,56406,卖盘
1809,10:39:45,13.44,--,339,455616,买盘
1810,10:39:36,13.44,--,149,200860,卖盘
1811,10:39:30,13.44,-0.01,16,21504,卖盘
1812,10:39:27,13.45,--,3,4035,买盘
1813,10:39:24,13.45,--,4,5380,买盘
1814,10:39:03,13.45,--,47,64291,卖盘
1815,10:38:54,13.45,0.01,42,56759,卖盘
1816,10:38:48,13.44,-0.01,170,228480,卖盘
1817,10:38:45,13.45,--,74,99530,卖盘
1818,10:38:42,13.45,0.01,177,238065,买盘
1819,10:38:36,13.44,--,69,93864,卖盘
1820,10:38:33,13.44,--,26,34944,卖盘
1821,10:38:30,13.44,-0.01,35,47040,卖盘
1822,10:38:27,13.45,0.01,4,5380,买盘
1823,10:38:18,13.44,--,199,268692,卖盘
1824,10:38:15,13.44,--,30,40320,卖盘
1825,10:37:56,13.44,--,6,8332,卖盘
1826,10:37:53,13.44,--,62,83328,卖盘
1827,10:37:44,13.44,-0.01,1,1344,卖盘
1828,10:37:41,13.45,--,162,217890,买盘
1829,10:37:32,13.45,--,2,2690,买盘
1830,10:37:29,13.45,--,5,6725,买盘
1831,10:37:23,13.45,--,50,67250,买盘
1832,10:37:14,13.45,--,20,26900,买盘
1833,10:37:11,13.45,--,12,16140,买盘
1834,10:37:08,13.45,--,2,2690,买盘
1835,10:37:05,13.45,--,5,6725,买盘
1836,10:37:02,13.45,--,278,373910,买盘
1837,10:36:59,13.45,0.01,20,26900,卖盘
1838,10:36:56,13.44,-0.01,16,21772,卖盘
1839,10:36:44,13.45,--,12,16140,买盘
1840,10:36:35,13.45,0.01,61,82045,中性盘
1841,10:36:32,13.44,-0.02,6,8064,卖盘
1842,10:36:29,13.46,0.01,202,271892,买盘
1843,10:36:23,13.45,--,7,9415,卖盘
1844,10:36:17,13.45,-0.01,257,345665,卖盘
1845,10:36:11,13.46,--,39,52494,买盘
1846,10:36:05,13.46,--,110,148060,买盘
1847,10:36:02,13.46,0.01,30,40380,买盘
1848,10:35:59,13.45,--,20,26900,卖盘
1849,10:35:56,13.45,-0.01,11,15064,卖盘
1850,10:35:53,13.46,--,3,4038,买盘
1851,10:35:50,13.46,0.01,15,20190,买盘
1852,10:35:41,13.45,--,56,75320,卖盘
1853,10:35:38,13.45,--,10,13450,卖盘
1854,10:35:32,13.45,-0.01,6,8070,卖盘
1855,10:35:29,13.46,0.01,17,22882,买盘
1856,10:35:23,13.45,-0.01,127,170815,卖盘
1857,10:35:17,13.46,0.01,45,60570,买盘
1858,10:35:14,13.45,--,70,94150,卖盘
1859,10:35:02,13.45,-0.01,1,1345,卖盘
1860,10:34:56,13.46,0.01,16,21536,买盘
1861,10:34:53,13.45,-0.01,56,75575,卖盘
1862,10:34:50,13.46,--,1,1346,买盘
1863,10:34:47,13.46,--,1,1346,买盘
1864,10:34:44,13.46,--,6,8076,买盘
1865,10:34:41,13.46,--,28,37688,买盘
1866,10:34:38,13.46,--,25,33650,买盘
1867,10:34:35,13.46,0.01,33,44418,买盘
1868,10:34:32,13.45,-0.02,20,26900,中性盘
1869,10:34:26,13.47,0.01,97,130659,买盘
1870,10:34:23,13.46,-0.01,18,24335,中性盘
1871,10:34:20,13.47,0.01,15,20205,买盘
1872,10:34:08,13.46,0.01,1,1346,卖盘
1873,10:34:05,13.45,-0.01,59,79355,卖盘
1874,10:33:59,13.46,0.01,22,30581,买盘
1875,10:33:56,13.45,--,10,13450,卖盘
1876,10:33:50,13.45,--,132,177809,卖盘
1877,10:33:47,13.45,--,31,41695,卖盘
1878,10:33:44,13.45,--,33,44385,买盘
1879,10:33:38,13.45,0.01,1,1345,买盘
1880,10:33:35,13.44,-0.01,123,165312,中性盘
1881,10:33:23,13.45,0.01,100,134500,买盘
1882,10:33:17,13.44,--,22,29568,卖盘
1883,10:33:11,13.44,--,24,32256,卖盘
1884,10:33:05,13.44,-0.01,63,84672,卖盘
1885,10:33:02,13.45,0.01,6,8070,买盘
1886,10:32:59,13.44,-0.01,26,34944,中性盘
1887,10:32:53,13.45,-0.01,11,15064,买盘
1888,10:32:47,13.46,--,23,30958,买盘
1889,10:32:44,13.46,0.01,28,37688,买盘
1890,10:32:38,13.45,0.02,23,30935,买盘
1891,10:32:35,13.43,--,10,13430,卖盘
1892,10:32:32,13.43,--,27,36261,卖盘
1893,10:32:29,13.43,-0.02,26,34918,卖盘
1894,10:32:26,13.45,0.02,156,209820,买盘
1895,10:32:23,13.43,-0.01,73,98039,卖盘
1896,10:32:17,13.44,--,56,75264,买盘
1897,10:32:14,13.44,--,20,26880,买盘
1898,10:32:11,13.44,0.01,10,13440,买盘
1899,10:32:08,13.43,0.01,3,4029,卖盘
1900,10:32:02,13.42,-0.02,75,100650,卖盘
1901,10:31:56,13.44,0.02,389,522816,买盘
1902,10:31:53,13.42,--,38,51277,卖盘
1903,10:31:50,13.42,--,25,33550,卖盘
1904,10:31:47,13.42,-0.01,388,520696,卖盘
1905,10:31:41,13.43,0.01,31,41633,买盘
1906,10:31:35,13.42,-0.01,27,36234,卖盘
1907,10:31:32,13.43,--,115,154565,买盘
1908,10:31:29,13.43,--,56,75208,买盘
1909,10:31:26,13.43,0.01,103,138329,买盘
1910,10:31:20,13.42,-0.01,13,17446,卖盘
1911,10:31:17,13.43,0.01,60,80580,买盘
1912,10:31:14,13.42,-0.01,437,587514,卖盘
1913,10:31:08,13.43,-0.02,30,40290,卖盘
1914,10:31:05,13.45,0.02,108,145260,买盘
1915,10:31:02,13.43,--,42,56406,卖盘
1916,10:30:59,13.43,-0.01,577,775193,卖盘
1917,10:30:53,13.44,--,156,209664,卖盘
1918,10:30:47,13.44,--,27,36288,卖盘
1919,10:30:44,13.44,-0.01,66,88704,卖盘
1920,10:30:41,13.45,--,798,1073686,卖盘
1921,10:30:35,13.45,-0.01,793,1066585,卖盘
1922,10:30:32,13.46,--,18,24228,卖盘
1923,10:30:29,13.46,--,54,73653,买盘
1924,10:30:26,13.46,--,93,125554,卖盘
1925,10:30:23,13.46,--,223,300911,卖盘
1926,10:30:20,13.46,--,56,75376,卖盘
1927,10:30:17,13.46,--,41,55186,卖盘
1928,10:30:14,13.46,--,416,559936,卖盘
1929,10:30:11,13.46,--,166,223436,卖盘
1930,10:30:08,13.46,--,112,150752,卖盘
1931,10:30:02,13.46,--,43,57878,卖盘
1932,10:29:59,13.46,--,40,53840,卖盘
1933,10:29:56,13.46,--,4,5384,卖盘
1934,10:29:53,13.46,-0.01,12,16407,卖盘
1935,10:29:50,13.47,--,5,6735,买盘
1936,10:29:44,13.47,--,5,6735,买盘
1937,10:29:38,13.47,--,18,24582,卖盘
1938,10:29:32,13.47,-0.01,130,175110,卖盘
1939,10:29:29,13.48,--,1,1348,买盘
1940,10:29:26,13.48,0.01,84,113232,买盘
1941,10:29:23,13.47,--,315,424305,卖盘
1942,10:29:17,13.47,--,74,99678,卖盘
1943,10:29:11,13.47,--,25,33675,卖盘
1944,10:29:08,13.47,-0.01,20,26940,卖盘
1945,10:29:05,13.48,0.01,2,2696,买盘
1946,10:29:02,13.47,--,33,44451,卖盘
1947,10:28:59,13.47,--,7,9429,卖盘
1948,10:28:53,13.47,--,6,8337,卖盘
1949,10:28:50,13.47,--,17,22899,卖盘
1950,10:28:44,13.47,--,20,26940,卖盘
1951,10:28:41,13.47,--,14,18858,卖盘
1952,10:28:38,13.47,-0.01,7,9429,卖盘
1953,10:28:35,13.48,0.01,7,9436,买盘
1954,10:28:29,13.47,--,47,63309,卖盘
1955,10:28:20,13.47,--,56,75432,卖盘
1956,10:28:17,13.47,-0.01,78,105066,卖盘
1957,10:28:14,13.48,0.01,5,6740,买盘
1958,10:28:08,13.47,--,13,17511,卖盘
1959,10:28:05,13.47,-0.01,50,67350,卖盘
1960,10:28:02,13.48,--,88,118624,买盘
1961,10:27:56,13.48,0.01,20,26960,买盘
1962,10:27:53,13.47,-0.01,6,8324,卖盘
1963,10:27:47,13.48,0.01,4,5392,买盘
1964,10:27:38,13.47,-0.01,7,9429,卖盘
1965,10:27:17,13.48,0.01,7,9436,买盘
1966,10:27:14,13.47,-0.01,8,10776,卖盘
1967,10:27:11,13.48,--,13,17524,卖盘
1968,10:27:08,13.48,--,6,8088,买盘
1969,10:26:56,13.48,--,7,9436,买盘
1970,10:26:53,13.48,--,53,71700,买盘
1971,10:26:50,13.48,--,1,1348,买盘
1972,10:26:47,13.48,0.01,7,9436,买盘
1973,10:26:41,13.47,--,20,26940,卖盘
1974,10:26:29,13.47,-0.01,10,13470,卖盘
1975,10:26:26,13.48,--,23,31004,买盘
1976,10:26:23,13.48,0.01,5,6740,买盘
1977,10:26:11,13.47,-0.01,10,13470,卖盘
1978,10:26:08,13.48,0.01,3,4044,买盘
1979,10:26:02,13.47,--,22,29634,卖盘
1980,10:25:53,13.47,-0.01,6,8337,卖盘
1981,10:25:47,13.48,0.01,100,134800,买盘
1982,10:25:44,13.47,--,33,44451,卖盘
1983,10:25:38,13.47,-0.01,31,41757,卖盘
1984,10:25:35,13.48,--,52,70096,买盘
1985,10:25:32,13.48,--,133,179284,买盘
1986,10:25:29,13.48,0.01,10,13480,买盘
1987,10:25:20,13.47,--,5,6735,卖盘
1988,10:25:17,13.47,-0.01,10,13470,卖盘
1989,10:25:11,13.48,--,313,421924,买盘
1990,10:25:08,13.48,0.01,3,4044,买盘
1991,10:24:53,13.47,-0.01,10,13470,卖盘
1992,10:24:50,13.48,--,50,67993,卖盘
1993,10:24:47,13.48,--,0,256,卖盘
1994,10:24:44,13.48,-0.01,17,22916,卖盘
1995,10:24:38,13.49,0.01,124,167276,买盘
1996,10:24:35,13.48,-0.01,14,18872,卖盘
1997,10:24:29,13.49,--,38,52368,卖盘
1998,10:24:23,13.49,-0.01,6,8094,卖盘
1999,10:24:20,13.5,0.01,1,1350,买盘
2000,10:24:17,13.49,--,1,1349,卖盘
2001,10:24:14,13.49,--,20,26980,卖盘
2002,10:24:11,13.49,--,126,169974,卖盘
2003,10:24:08,13.49,--,108,145934,买盘
2004,10:24:02,13.49,0.01,11,14839,买盘
2005,10:23:53,13.48,--,10,13480,卖盘
2006,10:23:50,13.48,-0.01,6,8330,卖盘
2007,10:23:47,13.49,0.01,20,26980,买盘
2008,10:23:44,13.48,--,1,1348,卖盘
2009,10:23:38,13.48,--,10,13480,卖盘
2010,10:23:32,13.48,--,4,5392,卖盘
2011,10:23:29,13.48,--,9,12132,卖盘
2012,10:23:17,13.48,--,1,1348,卖盘
2013,10:23:14,13.48,--,6,8088,卖盘
2014,10:23:11,13.48,--,0,256,买盘
2015,10:23:02,13.48,--,20,26960,买盘
2016,10:22:59,13.48,--,5,6740,买盘
2017,10:22:56,13.48,-0.01,3,4044,中性盘
2018,10:22:50,13.49,0.01,1007,1358443,买盘
2019,10:22:47,13.48,-0.01,1,1348,卖盘
2020,10:22:41,13.49,--,1,1349,买盘
2021,10:22:32,13.49,--,2,2698,买盘
2022,10:22:26,13.49,0.01,28,37772,买盘
2023,10:22:14,13.48,--,1,1348,中性盘
2024,10:21:59,13.48,-0.01,1,1348,中性盘
2025,10:21:56,13.49,0.01,7,9443,买盘
2026,10:21:53,13.48,--,35,47180,卖盘
2027,10:21:47,13.48,-0.01,1,1348,卖盘
2028,10:21:44,13.49,0.03,5,6745,买盘
2029,10:21:41,13.46,-0.02,1004,1351384,卖盘
2030,10:21:26,13.48,--,10,13480,卖盘
2031,10:21:14,13.48,-0.01,2,2696,卖盘
2032,10:21:11,13.49,0.01,6,8094,买盘
2033,10:20:59,13.48,-0.02,50,67400,卖盘
2034,10:20:56,13.5,0.02,23,31050,买盘
2035,10:20:53,13.48,--,52,70352,卖盘
2036,10:20:47,13.48,-0.02,12,16176,中性盘
2037,10:20:44,13.5,0.03,33,44550,买盘
2038,10:20:41,13.47,-0.01,400,538800,卖盘
2039,10:20:38,13.48,-0.02,20,26960,卖盘
2040,10:20:35,13.5,--,18,24300,买盘
2041,10:20:32,13.5,0.02,61,82350,买盘
2042,10:20:29,13.48,0.01,110,149007,买盘
2043,10:20:23,13.47,--,80,107760,卖盘
2044,10:20:20,13.47,--,43,57921,卖盘
2045,10:20:17,13.47,--,1,1347,卖盘
2046,10:20:11,13.47,--,12,16164,卖盘
2047,10:20:08,13.47,--,67,90249,卖盘
2048,10:20:02,13.47,--,10,13470,卖盘
2049,10:19:56,13.47,-0.01,46,61962,卖盘
2050,10:19:50,13.48,--,61,83090,卖盘
2051,10:19:47,13.48,--,1,1348,卖盘
2052,10:19:41,13.48,0.01,92,124501,买盘
2053,10:19:38,13.47,--,85,114495,卖盘
2054,10:19:35,13.47,--,3,4041,卖盘
2055,10:19:29,13.47,-0.01,14,18858,卖盘
2056,10:19:26,13.48,--,138,186886,卖盘
2057,10:19:23,13.48,--,7,9436,卖盘
2058,10:19:20,13.48,--,10,13480,卖盘
2059,10:19:14,13.48,-0.01,11,14828,卖盘
2060,10:19:11,13.49,0.01,1,1349,买盘
2061,10:19:08,13.48,-0.01,8,10784,卖盘
2062,10:19:05,13.49,--,87,117363,卖盘
2063,10:19:02,13.49,--,10,13490,卖盘
2064,10:18:53,13.49,0.01,53,71497,买盘
2065,10:18:50,13.48,--,10,13722,卖盘
2066,10:18:47,13.48,--,3,4044,卖盘
2067,10:18:44,13.48,-0.01,3,4044,卖盘
2068,10:18:41,13.49,0.01,18,24282,买盘
2069,10:18:37,13.48,--,3,4044,卖盘
2070,10:18:25,13.48,--,85,114580,卖盘
2071,10:18:22,13.48,--,83,111884,卖盘
2072,10:18:16,13.48,--,2,2696,卖盘
2073,10:18:13,13.48,--,36,48528,卖盘
2074,10:18:04,13.48,-0.02,10,13480,卖盘
2075,10:18:01,13.5,0.01,1168,1576800,买盘
2076,10:17:58,13.49,--,32,43168,卖盘
2077,10:17:55,13.49,--,196,264404,卖盘
2078,10:17:52,13.49,--,29,39121,卖盘
2079,10:17:46,13.49,--,55,74437,卖盘
2080,10:17:43,13.49,--,68,91732,卖盘
2081,10:17:40,13.49,--,28,37772,卖盘
2082,10:17:37,13.49,--,97,130853,卖盘
2083,10:17:31,13.49,--,26,35074,卖盘
2084,10:17:28,13.49,--,23,31027,卖盘
2085,10:17:25,13.49,--,23,31027,卖盘
2086,10:17:22,13.49,--,27,36423,卖盘
2087,10:17:19,13.49,--,24,32376,卖盘
2088,10:17:16,13.49,-0.02,174,234766,卖盘
2089,10:17:10,13.51,0.01,82,110782,买盘
2090,10:17:07,13.5,--,21,28350,卖盘
2091,10:17:04,13.5,--,117,157950,卖盘
2092,10:16:58,13.5,--,103,139050,卖盘
2093,10:16:52,13.5,--,77,103950,卖盘
2094,10:16:49,13.5,-0.01,16,21829,卖盘
2095,10:16:46,13.51,--,25,33775,卖盘
2096,10:16:40,13.51,-0.01,10,13510,卖盘
2097,10:16:37,13.52,--,27,36531,买盘
2098,10:16:34,13.52,0.01,2,2704,买盘
2099,10:16:31,13.51,--,2,2702,卖盘
2100,10:16:25,13.51,--,85,114835,卖盘
2101,10:16:22,13.51,0.01,20,28073,买盘
2102,10:16:16,13.5,--,9,12150,卖盘
2103,10:16:10,13.5,-0.01,11,14850,卖盘
2104,10:16:04,13.51,0.01,20,27020,买盘
2105,10:15:58,13.5,--,10,13500,卖盘
2106,10:15:55,13.5,--,50,67500,卖盘
2107,10:15:52,13.5,-0.01,13,17779,卖盘
2108,10:15:49,13.51,0.01,20,27020,中性盘
2109,10:15:28,13.5,--,91,123322,买盘
2110,10:15:19,13.5,-0.02,49,67027,卖盘
2111,10:15:16,13.52,0.02,46,62192,买盘
2112,10:15:04,13.5,--,20,27000,卖盘
2113,10:15:01,13.5,--,3,4050,卖盘
2114,10:14:58,13.5,--,4,5400,卖盘
2115,10:14:49,13.5,--,6,8343,卖盘
2116,10:14:46,13.5,0.01,95,128479,买盘
2117,10:14:34,13.49,--,5,6745,卖盘
2118,10:14:28,13.49,0.01,30,40470,卖盘
2119,10:14:25,13.48,-0.02,30,40440,卖盘
2120,10:14:22,13.5,--,101,136350,买盘
2121,10:14:10,13.5,0.01,16,21600,买盘
2122,10:14:04,13.49,0.01,15,20235,中性盘
2123,10:14:01,13.48,--,23,31004,卖盘
2124,10:13:58,13.48,--,51,68748,卖盘
2125,10:13:46,13.48,-0.03,250,337000,卖盘
2126,10:13:31,13.51,0.03,34,45934,买盘
2127,10:13:22,13.48,0.01,131,176588,买盘
2128,10:13:19,13.47,--,141,189927,卖盘
2129,10:13:16,13.47,--,137,184539,卖盘
2130,10:13:13,13.47,--,60,80820,卖盘
2131,10:13:10,13.47,--,81,109107,卖盘
2132,10:13:07,13.47,-0.01,64,86208,卖盘
2133,10:13:04,13.48,--,311,419228,卖盘
2134,10:13:01,13.48,-0.01,78,105144,卖盘
2135,10:12:55,13.49,--,162,218538,卖盘
2136,10:12:52,13.49,-0.01,213,287337,卖盘
2137,10:12:49,13.5,-0.01,115,155250,卖盘
2138,10:12:46,13.51,--,68,91868,卖盘
2139,10:12:43,13.51,-0.01,253,341803,卖盘
2140,10:12:40,13.52,--,26,35152,卖盘
2141,10:12:37,13.52,--,11,14872,卖盘
2142,10:12:34,13.52,--,34,45968,卖盘
2143,10:12:28,13.52,--,4,5408,卖盘
2144,10:12:25,13.52,--,85,114920,卖盘
2145,10:12:19,13.52,--,37,50024,卖盘
2146,10:12:13,13.52,--,60,81120,卖盘
2147,10:12:04,13.52,--,41,55432,卖盘
2148,10:11:58,13.52,0.01,10,13520,中性盘
2149,10:11:52,13.51,-0.01,139,187789,卖盘
2150,10:11:49,13.52,--,35,47549,卖盘
2151,10:11:46,13.52,--,10,13520,买盘
2152,10:11:43,13.52,-0.02,4,5408,中性盘
2153,10:11:28,13.54,0.01,151,204454,买盘
2154,10:11:25,13.53,--,8,12122,卖盘
2155,10:11:19,13.53,--,10,13530,卖盘
2156,10:11:07,13.53,--,1,1407,买盘
2157,10:11:04,13.53,0.02,20,27060,买盘
2158,10:11:01,13.51,-0.02,299,405245,卖盘
2159,10:10:58,13.53,0.01,14,18942,买盘
2160,10:10:52,13.52,--,10,13520,卖盘
2161,10:10:49,13.52,--,106,143528,卖盘
2162,10:10:46,13.52,-0.02,11,14872,中性盘
2163,10:10:37,13.54,0.02,357,483377,买盘
2164,10:10:34,13.52,0.01,5,6760,买盘
2165,10:10:31,13.51,--,7,9457,卖盘
2166,10:10:19,13.51,--,2,2972,卖盘
2167,10:10:16,13.51,-0.02,20,27020,卖盘
2168,10:10:01,13.53,--,46,62238,买盘
2169,10:09:55,13.53,--,23,31119,买盘
2170,10:09:52,13.53,--,23,31119,买盘
2171,10:09:49,13.53,0.02,29,39467,买盘
2172,10:09:46,13.51,-0.02,19,25669,卖盘
2173,10:09:43,13.53,0.01,86,116358,买盘
2174,10:09:40,13.52,0.01,46,62192,买盘
2175,10:09:34,13.51,--,30,40530,卖盘
2176,10:09:31,13.51,-0.01,8,10808,卖盘
2177,10:09:28,13.52,0.01,46,62192,买盘
2178,10:09:25,13.51,-0.01,15,20265,卖盘
2179,10:09:19,13.52,0.01,7,9464,买盘
2180,10:09:16,13.51,--,3,4053,卖盘
2181,10:09:10,13.51,--,17,22967,卖盘
2182,10:09:01,13.51,-0.02,10,13510,卖盘
2183,10:08:55,13.53,0.01,57,77121,买盘
2184,10:08:46,13.52,--,33,44845,卖盘
2185,10:08:43,13.52,--,94,127088,卖盘
2186,10:08:40,13.52,0.01,90,121680,买盘
2187,10:08:37,13.51,--,1,1351,卖盘
2188,10:08:34,13.51,--,13,17563,卖盘
2189,10:08:31,13.51,--,50,67550,卖盘
2190,10:08:28,13.51,-0.01,12,16212,卖盘
2191,10:08:25,13.52,0.01,20,27040,买盘
2192,10:08:22,13.51,--,12,16212,卖盘
2193,10:08:19,13.51,--,36,48636,卖盘
2194,10:08:16,13.51,--,6,8106,卖盘
2195,10:08:13,13.51,--,18,24318,卖盘
2196,10:08:10,13.51,-0.01,22,29722,卖盘
2197,10:08:07,13.52,--,60,81120,买盘
2198,10:08:04,13.52,0.01,19,25688,买盘
2199,10:08:01,13.51,--,12,16212,卖盘
2200,10:07:58,13.51,-0.01,9,12159,卖盘
2201,10:07:55,13.52,--,13,17576,买盘
2202,10:07:52,13.52,0.01,25,33800,买盘
2203,10:07:49,13.51,-0.01,6,8335,卖盘
2204,10:07:43,13.52,0.01,25,33800,买盘
2205,10:07:31,13.51,--,23,31073,卖盘
2206,10:07:22,13.51,-0.01,70,94570,卖盘
2207,10:07:16,13.52,0.01,5,6760,买盘
2208,10:07:13,13.51,--,1,1351,卖盘
2209,10:07:10,13.51,-0.01,5,6755,卖盘
2210,10:07:07,13.52,0.01,1,1352,买盘
2211,10:06:55,13.51,0.01,811,1095890,买盘
2212,10:06:52,13.5,--,45,60750,卖盘
2213,10:06:43,13.5,-0.01,150,202500,卖盘
2214,10:06:37,13.51,0.01,4,5404,买盘
2215,10:06:34,13.5,--,23,31050,卖盘
2216,10:06:25,13.5,--,44,59400,卖盘
2217,10:06:19,13.5,--,150,202500,卖盘
2218,10:06:16,13.5,--,7,9450,卖盘
2219,10:06:10,13.5,--,211,284850,买盘
2220,10:06:07,13.5,0.01,25,33750,买盘
2221,10:06:01,13.49,--,68,92460,卖盘
2222,10:05:49,13.49,--,8,11034,卖盘
2223,10:05:46,13.49,--,10,13490,卖盘
2224,10:05:37,13.49,--,18,24282,卖盘
2225,10:05:31,13.49,-0.01,23,31027,卖盘
2226,10:05:25,13.5,--,11,15093,买盘
2227,10:05:19,13.5,--,24,33507,卖盘
2228,10:05:13,13.5,--,4,5400,卖盘
2229,10:05:10,13.5,-0.01,19,25650,卖盘
2230,10:05:04,13.51,0.01,10,13510,买盘
2231,10:04:58,13.5,--,11,15093,买盘
2232,10:04:55,13.5,--,10,13500,买盘
2233,10:04:43,13.5,-0.01,91,122850,中性盘
2234,10:04:34,13.51,0.01,2,2702,买盘
2235,10:04:31,13.5,-0.01,1,1350,中性盘
2236,10:04:19,13.51,0.02,55,74305,买盘
2237,10:04:10,13.49,-0.01,10,13490,卖盘
2238,10:04:01,13.5,--,137,185314,卖盘
2239,10:03:55,13.5,--,12,16443,卖盘
2240,10:03:46,13.5,--,51,69592,买盘
2241,10:03:34,13.5,-0.01,38,51786,卖盘
2242,10:03:25,13.51,--,24,32424,买盘
2243,10:03:22,13.51,0.01,10,13510,买盘
2244,10:03:19,13.5,-0.01,10,13500,卖盘
2245,10:03:16,13.51,0.01,5,6755,买盘
2246,10:03:13,13.5,--,15,20250,卖盘
2247,10:03:01,13.5,--,50,67500,卖盘
2248,10:02:58,13.5,--,1,2092,卖盘
2249,10:02:46,13.5,--,26,35329,卖盘
2250,10:02:43,13.5,-0.01,27,36450,卖盘
2251,10:02:37,13.51,0.01,27,36477,买盘
2252,10:02:34,13.5,0.02,205,277992,买盘
2253,10:02:28,13.48,-0.02,43,57964,卖盘
2254,10:02:25,13.5,--,30,40500,买盘
2255,10:02:19,13.5,--,1,1350,买盘
2256,10:02:16,13.5,--,36,48708,卖盘
2257,10:02:13,13.5,--,13,17550,卖盘
2258,10:02:10,13.5,-0.02,30,40500,卖盘
2259,10:02:07,13.52,--,20,27040,买盘
2260,10:02:01,13.52,--,69,93288,买盘
2261,10:01:58,13.52,--,69,94302,买盘
2262,10:01:55,13.52,0.02,80,108160,买盘
2263,10:01:46,13.5,-0.02,6,8356,卖盘
2264,10:01:43,13.52,0.02,23,31096,买盘
2265,10:01:40,13.5,--,43,59373,买盘
2266,10:01:37,13.5,--,142,191700,买盘
2267,10:01:34,13.5,0.02,24,32400,买盘
2268,10:01:31,13.48,--,1,1348,买盘
2269,10:01:28,13.48,--,46,62008,买盘
2270,10:01:25,13.48,-0.01,42,56616,卖盘
2271,10:01:22,13.49,0.01,138,186162,买盘
2272,10:01:19,13.48,--,91,122668,卖盘
2273,10:01:16,13.48,-0.01,20,26960,卖盘
2274,10:01:13,13.49,0.01,1,1349,买盘
2275,10:01:07,13.48,--,53,71444,卖盘
2276,10:01:04,13.48,0.01,129,173892,买盘
2277,10:00:58,13.47,-0.01,3,5064,卖盘
2278,10:00:55,13.48,0.01,11,14828,买盘
2279,10:00:52,13.47,--,1,1347,卖盘
2280,10:00:49,13.47,-0.01,6,8337,卖盘
2281,10:00:37,13.48,0.01,106,142888,买盘
2282,10:00:34,13.47,--,39,52533,卖盘
2283,10:00:31,13.47,--,65,87555,卖盘
2284,10:00:28,13.47,-0.01,40,53880,卖盘
2285,10:00:25,13.48,0.01,7,9436,买盘
2286,10:00:22,13.47,--,83,112811,卖盘
2287,10:00:19,13.47,--,87,117189,卖盘
2288,10:00:16,13.47,--,68,91596,卖盘
2289,10:00:13,13.47,--,35,47145,卖盘
2290,10:00:10,13.47,--,23,30981,卖盘
2291,10:00:07,13.47,--,15,20205,卖盘
2292,10:00:04,13.47,-0.01,15,20541,卖盘
2293,10:00:01,13.48,--,5,7751,卖盘
2294,09:59:58,13.48,--,19,25612,卖盘
2295,09:59:55,13.48,--,61,82228,卖盘
2296,09:59:52,13.48,--,20,28146,买盘
2297,09:59:49,13.48,--,56,75892,卖盘
2298,09:59:46,13.48,--,4,5392,卖盘
2299,09:59:34,13.48,--,184,248975,买盘
2300,09:59:28,13.48,0.01,10,13480,买盘
2301,09:59:25,13.47,--,52,70044,卖盘
2302,09:59:19,13.47,--,2,2694,卖盘
2303,09:59:16,13.47,-0.01,33,44451,卖盘
2304,09:59:13,13.48,--,10,13480,买盘
2305,09:59:01,13.48,--,199,268656,卖盘
2306,09:58:58,13.48,--,3,5055,卖盘
2307,09:58:52,13.48,--,31,41788,卖盘
2308,09:58:49,13.48,-0.01,19,25612,卖盘
2309,09:58:43,13.49,--,1,1349,买盘
2310,09:58:40,13.49,--,11,14839,卖盘
2311,09:58:37,13.49,0.01,1,1349,买盘
2312,09:58:34,13.48,-0.01,58,78184,卖盘
2313,09:58:25,13.49,0.01,10,13490,买盘
2314,09:58:22,13.48,-0.01,56,75488,卖盘
2315,09:58:13,13.49,--,33,44517,卖盘
2316,09:58:09,13.49,-0.01,9,12410,卖盘
2317,09:58:06,13.5,-0.01,98,132327,卖盘
2318,09:58:03,13.51,0.02,422,571445,买盘
2319,09:58:00,13.49,--,3,5058,卖盘
2320,09:57:57,13.49,-0.01,8,10792,卖盘
2321,09:57:51,13.5,0.01,10,13500,买盘
2322,09:57:42,13.49,-0.01,12,16444,卖盘
2323,09:57:39,13.5,--,16,21600,卖盘
2324,09:57:33,13.5,--,16,21600,卖盘
2325,09:57:30,13.5,--,50,67500,卖盘
2326,09:57:24,13.5,0.02,466,630193,买盘
2327,09:57:18,13.48,--,57,78130,卖盘
2328,09:57:15,13.48,--,10,13480,卖盘
2329,09:57:12,13.48,--,51,68748,卖盘
2330,09:57:09,13.48,--,128,172597,买盘
2331,09:57:06,13.48,0.01,82,111102,买盘
2332,09:57:00,13.47,-0.01,98,132006,卖盘
2333,09:56:57,13.48,--,8,11795,买盘
2334,09:56:54,13.48,--,69,93012,买盘
2335,09:56:51,13.48,--,5,6740,买盘
2336,09:56:48,13.48,--,24,32352,买盘
2337,09:56:45,13.48,-0.01,557,750836,卖盘
2338,09:56:39,13.49,--,7,9443,买盘
2339,09:56:36,13.49,--,2,2698,买盘
2340,09:56:33,13.49,--,7,9443,买盘
2341,09:56:30,13.49,--,12,16188,买盘
2342,09:56:27,13.49,--,73,98625,卖盘
2343,09:56:24,13.49,--,138,187308,卖盘
2344,09:56:21,13.49,-0.01,29,39121,卖盘
2345,09:56:18,13.5,--,30,40500,买盘
2346,09:56:09,13.5,--,1,1350,买盘
2347,09:56:06,13.5,--,5,6750,买盘
2348,09:56:03,13.5,--,168,226800,买盘
2349,09:56:00,13.5,--,45,61722,卖盘
2350,09:55:51,13.5,0.01,113,152590,买盘
2351,09:55:48,13.49,-0.01,151,204845,卖盘
2352,09:55:39,13.5,--,26,35100,卖盘
2353,09:55:36,13.5,--,26,35100,卖盘
2354,09:55:30,13.5,0.01,50,67500,买盘
2355,09:55:27,13.49,--,54,73439,卖盘
2356,09:55:12,13.49,--,46,62054,买盘
2357,09:55:06,13.49,--,20,26980,买盘
2358,09:55:00,13.49,--,4,5503,卖盘
2359,09:54:57,13.49,-0.05,346,466754,卖盘
2360,09:54:54,13.54,0.05,232,315373,买盘
2361,09:54:51,13.49,--,23,31027,买盘
2362,09:54:48,13.49,--,33,44517,卖盘
2363,09:54:45,13.49,-0.06,20,26980,中性盘
2364,09:54:42,13.55,0.01,69,93495,买盘
2365,09:54:39,13.54,0.08,23,31141,买盘
2366,09:54:36,13.46,-0.08,901,1212746,卖盘
2367,09:54:33,13.54,--,28,37912,买盘
2368,09:54:30,13.54,0.04,69,93426,买盘
2369,09:54:27,13.5,0.02,11,14850,买盘
2370,09:54:24,13.48,-0.02,210,283080,卖盘
2371,09:54:21,13.5,-0.04,5,6750,卖盘
2372,09:54:18,13.54,0.06,56,75824,买盘
2373,09:54:15,13.48,-0.01,300,404400,卖盘
2374,09:54:12,13.49,-0.03,258,348042,卖盘
2375,09:54:06,13.52,0.04,51,69952,买盘
2376,09:54:03,13.48,-0.02,175,235900,卖盘
2377,09:54:00,13.5,0.01,160,217012,买盘
2378,09:53:57,13.49,-0.01,55,74195,卖盘
2379,09:53:51,13.5,--,814,1099696,买盘
2380,09:53:48,13.5,0.01,71,95850,买盘
2381,09:53:45,13.49,--,50,67450,卖盘
2382,09:53:42,13.49,--,56,75786,卖盘
2383,09:53:39,13.49,-0.01,96,129504,卖盘
2384,09:53:33,13.5,--,62,83700,买盘
2385,09:53:30,13.5,0.01,254,343548,买盘
2386,09:53:27,13.49,-0.01,54,72846,卖盘
2387,09:53:24,13.5,--,5,6750,买盘
2388,09:53:21,13.5,0.01,26,35100,买盘
2389,09:53:18,13.49,-0.01,16,21584,卖盘
2390,09:53:15,13.5,--,9,12150,买盘
2391,09:53:12,13.5,0.01,50,67500,买盘
2392,09:53:09,13.49,-0.01,11,14839,卖盘
2393,09:53:06,13.5,--,28,37800,买盘
2394,09:53:03,13.5,--,135,182250,买盘
2395,09:53:00,13.5,--,52,71212,买盘
2396,09:52:51,13.5,--,4,5400,买盘
2397,09:52:48,13.5,--,40,54000,买盘
2398,09:52:42,13.5,-0.01,324,438304,卖盘
2399,09:52:39,13.51,0.01,31,41881,买盘
2400,09:52:36,13.5,--,114,153900,卖盘
2401,09:52:33,13.5,--,10,13500,卖盘
2402,09:52:27,13.5,0.01,746,1007545,买盘
2403,09:52:24,13.49,-0.01,40,53960,卖盘
2404,09:52:18,13.5,--,128,172800,买盘
2405,09:52:12,13.5,-0.01,812,1097104,卖盘
2406,09:52:09,13.51,0.01,111,149961,买盘
2407,09:52:03,13.5,-0.01,12,16200,卖盘
2408,09:51:57,13.51,0.01,103,139153,买盘
2409,09:51:54,13.5,-0.01,100,135000,卖盘
2410,09:51:51,13.51,--,36,48636,卖盘
2411,09:51:48,13.51,-0.01,190,256690,卖盘
2412,09:51:45,13.52,0.01,45,61069,买盘
2413,09:51:42,13.51,--,29,39179,卖盘
2414,09:51:39,13.51,--,15,20265,卖盘
2415,09:51:33,13.51,--,94,126994,卖盘
2416,09:51:24,13.51,-0.01,5,6755,卖盘
2417,09:51:18,13.52,--,1,1352,买盘
2418,09:51:12,13.52,--,116,156953,卖盘
2419,09:51:09,13.52,-0.01,30,40560,卖盘
2420,09:51:06,13.53,0.01,14,18942,买盘
2421,09:51:03,13.52,--,11,14872,卖盘
2422,09:51:00,13.52,--,100,135200,卖盘
2423,09:50:57,13.52,--,122,165944,卖盘
2424,09:50:54,13.52,--,23,31096,卖盘
2425,09:50:51,13.52,--,7,9464,卖盘
2426,09:50:48,13.52,--,5,6760,卖盘
2427,09:50:45,13.52,--,35,47320,卖盘
2428,09:50:42,13.52,-0.02,23,31096,卖盘
2429,09:50:39,13.54,--,16,21664,买盘
2430,09:50:36,13.54,--,282,382532,卖盘
2431,09:50:33,13.54,-0.01,97,131338,卖盘
2432,09:50:24,13.55,0.01,1,1355,买盘
2433,09:50:21,13.54,--,2,2708,卖盘
2434,09:50:18,13.54,-0.01,19,25726,卖盘
2435,09:50:15,13.55,--,4,5420,卖盘
2436,09:50:12,13.55,-0.01,92,124660,卖盘
2437,09:50:09,13.56,--,294,399206,卖盘
2438,09:50:03,13.56,--,20,27120,卖盘
2439,09:49:54,13.56,-0.01,67,91841,卖盘
2440,09:49:51,13.57,0.01,241,327037,买盘
2441,09:49:45,13.56,--,8,11051,卖盘
2442,09:49:36,13.56,0.01,88,119328,买盘
2443,09:49:33,13.55,--,160,216800,卖盘
2444,09:49:27,13.55,--,38,51490,卖盘
2445,09:49:24,13.55,-0.01,7,9485,卖盘
2446,09:49:21,13.56,0.01,23,31188,买盘
2447,09:49:12,13.55,0.01,104,141191,买盘
2448,09:49:03,13.54,-0.01,13,17602,卖盘
2449,09:49:00,13.55,--,23,31165,买盘
2450,09:48:57,13.55,--,23,32249,卖盘
2451,09:48:54,13.55,--,3,5054,卖盘
2452,09:48:48,13.55,--,9,12195,卖盘
2453,09:48:42,13.55,0.01,222,301677,买盘
2454,09:48:33,13.54,0.01,23,31141,买盘
2455,09:48:27,13.53,-0.01,3,4059,买盘
2456,09:48:21,13.54,0.02,223,301942,买盘
2457,09:48:18,13.52,--,86,116272,卖盘
2458,09:48:15,13.52,0.01,113,153992,买盘
2459,09:48:12,13.51,--,55,74305,卖盘
2460,09:48:06,13.51,--,61,82411,卖盘
2461,09:48:03,13.51,-0.01,73,98623,卖盘
2462,09:48:00,13.52,--,22,29744,买盘
2463,09:47:57,13.52,0.01,22,29744,买盘
2464,09:47:54,13.51,-0.01,18,25317,卖盘
2465,09:47:48,13.52,--,452,611104,买盘
2466,09:47:45,13.52,0.01,166,224432,买盘
2467,09:47:42,13.51,--,6,8335,卖盘
2468,09:47:39,13.51,-0.01,79,106729,卖盘
2469,09:47:36,13.52,--,6,8112,买盘
2470,09:47:33,13.52,0.01,66,89232,买盘
2471,09:47:30,13.51,-0.01,335,452585,卖盘
2472,09:47:24,13.52,--,691,934367,卖盘
2473,09:47:21,13.52,--,1,1352,卖盘
2474,09:47:12,13.52,--,2,2704,卖盘
2475,09:47:09,13.52,-0.01,550,743600,卖盘
2476,09:47:06,13.53,0.01,79,106887,买盘
2477,09:47:03,13.52,--,10,13520,卖盘
2478,09:46:57,13.52,-0.01,4,6408,卖盘
2479,09:46:51,13.53,0.01,509,688677,买盘
2480,09:46:48,13.52,--,12,16224,卖盘
2481,09:46:45,13.52,-0.01,1,1352,卖盘
2482,09:46:42,13.53,--,51,69219,买盘
2483,09:46:39,13.53,0.01,3,4059,买盘
2484,09:46:36,13.52,--,13,17576,卖盘
2485,09:46:33,13.52,0.01,8,10816,中性盘
2486,09:46:30,13.51,-0.01,513,693063,卖盘
2487,09:46:27,13.52,0.01,74,101048,买盘
2488,09:46:21,13.51,-0.01,6,8106,卖盘
2489,09:46:18,13.52,0.01,50,67600,买盘
2490,09:46:15,13.51,-0.01,94,126994,卖盘
2491,09:46:12,13.52,0.01,14,18928,买盘
2492,09:46:06,13.51,--,46,62146,卖盘
2493,09:46:03,13.51,-0.01,23,31073,卖盘
2494,09:45:57,13.52,--,85,114920,卖盘
2495,09:45:54,13.52,--,23,31096,卖盘
2496,09:45:48,13.52,-0.01,53,71656,卖盘
2497,09:45:45,13.53,0.01,44,59532,买盘
2498,09:45:39,13.52,--,3,4056,卖盘
2499,09:45:36,13.52,--,13,17576,买盘
2500,09:45:30,13.52,-0.01,41,55432,买盘
2501,09:45:24,13.53,--,165,223245,买盘
2502,09:45:18,13.53,0.03,18,24354,买盘
2503,09:45:18,13.5,-0.02,1400,1890000,卖盘
2504,09:45:12,13.52,--,27,36504,卖盘
2505,09:45:09,13.52,--,71,95992,卖盘
2506,09:45:06,13.52,--,4,5408,卖盘
2507,09:45:03,13.52,--,90,121680,卖盘
2508,09:44:57,13.52,--,35,48334,卖盘
2509,09:44:54,13.52,--,23,31096,卖盘
2510,09:44:48,13.52,--,15,20280,卖盘
2511,09:44:45,13.52,--,102,137904,卖盘
2512,09:44:39,13.52,0.01,28,37856,买盘
2513,09:44:36,13.51,0.01,24,32424,卖盘
2514,09:44:33,13.5,-0.02,42,56700,卖盘
2515,09:44:27,13.52,0.01,14,18928,买盘
2516,09:44:24,13.51,--,104,141584,卖盘
2517,09:44:21,13.51,-0.01,85,114835,卖盘
2518,09:44:18,13.52,0.01,7,9464,中性盘
2519,09:44:15,13.51,--,55,74305,卖盘
2520,09:44:12,13.51,-0.01,185,251204,卖盘
2521,09:44:06,13.52,0.01,38,51376,买盘
2522,09:44:03,13.51,-0.01,1,1351,卖盘
2523,09:44:00,13.52,--,10,13520,买盘
2524,09:43:57,13.52,--,6,8112,买盘
2525,09:43:54,13.52,--,11,14953,卖盘
2526,09:43:51,13.52,-0.01,4,6678,卖盘
2527,09:43:48,13.53,--,10,13530,买盘
2528,09:43:45,13.53,--,39,52767,买盘
2529,09:43:42,13.53,0.01,33,44649,买盘
2530,09:43:39,13.52,--,82,110864,卖盘
2531,09:43:36,13.52,-0.01,135,182520,卖盘
2532,09:43:24,13.53,--,11,14883,买盘
2533,09:43:21,13.53,0.01,11,14883,买盘
2534,09:43:18,13.52,-0.01,7,9464,卖盘
2535,09:43:15,13.53,--,66,89298,买盘
2536,09:43:12,13.53,--,112,151536,卖盘
2537,09:43:09,13.53,-0.01,56,75768,卖盘
2538,09:43:03,13.54,--,100,135400,买盘
2539,09:43:00,13.54,--,3,4061,买盘
2540,09:42:57,13.54,--,5,6770,买盘
2541,09:42:54,13.54,--,16,21664,买盘
2542,09:42:51,13.54,--,25,33850,买盘
2543,09:42:48,13.54,-0.01,4,5768,卖盘
2544,09:42:45,13.55,0.01,184,249320,买盘
2545,09:42:42,13.54,--,7,9478,卖盘
2546,09:42:39,13.54,--,41,55514,卖盘
2547,09:42:33,13.54,--,16,21664,卖盘
2548,09:42:27,13.54,0.01,83,113383,买盘
2549,09:42:21,13.53,--,30,40590,买盘
2550,09:42:18,13.53,0.01,9,12177,买盘
2551,09:42:12,13.52,-0.02,4,5408,卖盘
2552,09:42:06,13.54,--,15,20310,买盘
2553,09:42:03,13.54,0.03,310,419740,买盘
2554,09:42:00,13.51,-0.01,67,90868,卖盘
2555,09:41:51,13.52,--,28,38856,卖盘
2556,09:41:42,13.52,0.01,5,6760,买盘
2557,09:41:39,13.51,--,17,22967,卖盘
2558,09:41:36,13.51,--,203,274253,卖盘
2559,09:41:24,13.51,-0.02,30,40530,卖盘
2560,09:41:18,13.53,0.03,33,44649,买盘
2561,09:41:12,13.5,-0.01,164,222007,卖盘
2562,09:41:06,13.51,-0.01,25,33775,中性盘
2563,09:41:00,13.52,0.02,72,97344,买盘
2564,09:40:57,13.5,-0.02,293,395550,卖盘
2565,09:40:54,13.52,0.02,43,58136,买盘
2566,09:40:51,13.5,-0.02,3,5049,卖盘
2567,09:40:48,13.52,0.02,13,17576,买盘
2568,09:40:45,13.5,-0.03,13,17550,卖盘
2569,09:40:42,13.53,--,16,21648,买盘
2570,09:40:39,13.53,0.01,23,31119,买盘
2571,09:40:36,13.52,0.03,44,60136,买盘
2572,09:40:33,13.49,-0.01,6,8094,卖盘
2573,09:40:30,13.5,--,84,113400,买盘
2574,09:40:27,13.5,--,26,35100,买盘
2575,09:40:24,13.5,0.01,113,152550,买盘
2576,09:40:21,13.49,-0.01,34,45866,卖盘
2577,09:40:18,13.5,--,89,120150,买盘
2578,09:40:15,13.5,--,13,17550,买盘
2579,09:40:12,13.5,-0.02,707,955152,卖盘
2580,09:40:03,13.52,-0.01,10,13520,卖盘
2581,09:39:57,13.53,--,3,5073,卖盘
2582,09:39:54,13.53,--,1,1353,卖盘
2583,09:39:51,13.53,--,21,28413,买盘
2584,09:39:48,13.53,0.02,46,62238,买盘
2585,09:39:45,13.51,-0.02,11,14861,卖盘
2586,09:39:42,13.53,--,10,13530,买盘
2587,09:39:39,13.53,0.02,20,27060,买盘
2588,09:39:36,13.51,--,6,8106,卖盘
2589,09:39:30,13.51,-0.02,10,13510,卖盘
2590,09:39:27,13.53,0.03,46,63225,买盘
2591,09:39:21,13.5,--,102,137700,买盘
2592,09:39:18,13.5,--,101,136350,买盘
2593,09:39:15,13.5,--,876,1182964,卖盘
2594,09:39:12,13.5,-0.03,73,98550,卖盘
2595,09:39:09,13.53,-0.01,24,32472,卖盘
2596,09:39:03,13.54,0.04,39,52806,买盘
2597,09:38:57,13.5,-0.03,1570,2119500,卖盘
2598,09:38:51,13.53,--,182,247233,卖盘
2599,09:38:48,13.53,-0.01,58,78474,卖盘
2600,09:38:42,13.54,--,20,27080,买盘
2601,09:38:39,13.54,--,88,119151,买盘
2602,09:38:36,13.54,--,23,31141,买盘
2603,09:38:33,13.54,-0.01,27,37031,卖盘
2604,09:38:30,13.55,0.01,20,27100,买盘
2605,09:38:27,13.54,--,9,12186,卖盘
2606,09:38:21,13.54,-0.01,17,23018,卖盘
2607,09:38:15,13.55,0.01,59,79945,中性盘
2608,09:38:09,13.54,0.01,18,24372,卖盘
2609,09:38:03,13.53,-0.02,119,161629,卖盘
2610,09:38:00,13.55,--,532,721862,买盘
2611,09:37:54,13.55,--,148,200540,买盘
2612,09:37:48,13.55,--,3,4065,买盘
2613,09:37:45,13.55,0.01,39,52845,买盘
2614,09:37:42,13.54,-0.01,86,117418,卖盘
2615,09:37:39,13.55,--,1,1355,买盘
2616,09:37:36,13.55,-0.01,57,77966,卖盘
2617,09:37:30,13.56,0.01,13,17628,买盘
2618,09:37:27,13.55,--,20,27100,卖盘
2619,09:37:24,13.55,-0.01,20,27100,卖盘
2620,09:37:21,13.56,--,15,20340,买盘
2621,09:37:17,13.56,--,6,8136,买盘
2622,09:37:14,13.56,--,8,10848,买盘
2623,09:37:11,13.56,--,43,59392,卖盘
2624,09:37:05,13.56,--,2,2712,卖盘
2625,09:37:02,13.56,--,1,1356,卖盘
2626,09:36:59,13.56,0.01,10,14821,中性盘
2627,09:36:56,13.55,--,79,107045,卖盘
2628,09:36:53,13.55,-0.01,506,685630,卖盘
2629,09:36:50,13.56,0.01,15,21329,买盘
2630,09:36:47,13.55,--,6,8130,卖盘
2631,09:36:41,13.55,--,23,31165,卖盘
2632,09:36:38,13.55,--,11,14905,卖盘
2633,09:36:35,13.55,-0.01,17,23035,卖盘
2634,09:36:32,13.56,0.01,20,27120,买盘
2635,09:36:29,13.55,-0.01,11,14905,卖盘
2636,09:36:26,13.56,--,20,27120,买盘
2637,09:36:23,13.56,--,20,27120,买盘
2638,09:36:20,13.56,--,32,43392,买盘
2639,09:36:17,13.56,--,406,550902,卖盘
2640,09:36:11,13.56,-0.02,62,84072,卖盘
2641,09:36:08,13.58,0.02,28,38024,买盘
2642,09:36:05,13.56,-0.01,62,84072,卖盘
2643,09:36:02,13.57,--,1,1357,卖盘
2644,09:35:56,13.57,-0.01,59,81053,卖盘
2645,09:35:53,13.58,0.01,4,5432,买盘
2646,09:35:47,13.57,--,12,16284,卖盘
2647,09:35:41,13.57,--,23,31211,卖盘
2648,09:35:38,13.57,-0.02,1,1357,中性盘
2649,09:35:29,13.59,0.03,47,63873,买盘
2650,09:35:26,13.56,--,47,63732,卖盘
2651,09:35:23,13.56,-0.01,55,74580,卖盘
2652,09:35:17,13.57,-0.01,1,1357,买盘
2653,09:35:11,13.58,-0.01,531,721478,卖盘
2654,09:35:08,13.59,--,21,28539,买盘
2655,09:35:05,13.59,0.01,6,8154,买盘
2656,09:35:02,13.58,--,8,10864,卖盘
2657,09:34:56,13.58,-0.02,32,43456,卖盘
2658,09:34:53,13.6,0.02,90,122400,买盘
2659,09:34:50,13.58,-0.02,53,72951,卖盘
2660,09:34:47,13.6,--,1,1360,买盘
2661,09:34:44,13.6,0.02,6,8160,买盘
2662,09:34:41,13.58,--,18,24444,买盘
2663,09:34:38,13.58,0.02,26,35308,买盘
2664,09:34:35,13.56,--,12,16272,卖盘
2665,09:34:29,13.56,-0.04,500,678000,卖盘
2666,09:34:20,13.6,0.04,10,13600,买盘
2667,09:34:14,13.56,-0.04,139,188484,卖盘
2668,09:34:11,13.6,--,10,13600,卖盘
2669,09:34:08,13.6,0.03,14,19040,买盘
2670,09:34:02,13.57,-0.03,8,10856,中性盘
2671,09:33:59,13.6,--,23,31280,买盘
2672,09:33:50,13.6,0.05,43,58480,买盘
2673,09:33:47,13.55,-0.08,550,745250,卖盘
2674,09:33:44,13.63,0.02,251,342113,买盘
2675,09:33:41,13.61,-0.01,33,44913,中性盘
2676,09:33:38,13.62,--,89,121218,买盘
2677,09:33:35,13.62,--,64,87168,买盘
2678,09:33:32,13.62,0.01,161,219282,买盘
2679,09:33:29,13.61,0.06,115,156515,买盘
2680,09:33:26,13.55,--,11,14905,卖盘
2681,09:33:20,13.55,0.01,43,58265,卖盘
2682,09:33:14,13.54,-0.01,261,353394,卖盘
2683,09:33:11,13.55,--,68,92140,买盘
2684,09:33:08,13.55,--,13,17615,买盘
2685,09:33:05,13.55,--,19,25745,买盘
2686,09:33:02,13.55,--,31,42005,买盘
2687,09:32:59,13.55,0.01,18,25379,买盘
2688,09:32:56,13.54,-0.01,9,12186,中性盘
2689,09:32:53,13.55,0.01,330,447150,买盘
2690,09:32:50,13.54,-0.01,298,404575,卖盘
2691,09:32:47,13.55,--,71,96205,买盘
2692,09:32:44,13.55,--,37,50135,买盘
2693,09:32:41,13.55,0.01,127,172356,买盘
2694,09:32:38,13.54,-0.01,395,534830,卖盘
2695,09:32:29,13.55,--,66,89430,买盘
2696,09:32:23,13.55,--,68,92140,买盘
2697,09:32:20,13.55,-0.05,714,967470,卖盘
2698,09:32:17,13.6,0.02,336,456960,买盘
2699,09:32:14,13.58,--,2,2716,卖盘
2700,09:32:11,13.58,0.01,161,218638,买盘
2701,09:32:05,13.57,--,1,1357,卖盘
2702,09:32:02,13.57,-0.01,30,40710,卖盘
2703,09:31:59,13.58,0.01,1,1358,买盘
2704,09:31:56,13.57,--,46,62422,卖盘
2705,09:31:53,13.57,-0.01,10,13570,卖盘
2706,09:31:50,13.58,0.01,3,4074,买盘
2707,09:31:47,13.57,-0.01,4,5428,卖盘
2708,09:31:41,13.58,--,100,135800,买盘
2709,09:31:38,13.58,--,111,150738,卖盘
2710,09:31:35,13.58,-0.01,32,43456,卖盘
2711,09:31:32,13.59,0.01,56,76104,买盘
2712,09:31:29,13.58,--,71,96418,卖盘
2713,09:31:26,13.58,-0.01,34,46172,卖盘
2714,09:31:17,13.59,--,3,4077,买盘
2715,09:31:14,13.59,-0.01,30,40770,卖盘
2716,09:31:05,13.6,--,1,1360,买盘
2717,09:30:59,13.6,--,9,12240,卖盘
2718,09:30:53,13.6,-0.01,10,13600,卖盘
2719,09:30:50,13.61,0.01,47,63967,买盘
2720,09:30:47,13.6,--,23,31280,卖盘
2721,09:30:44,13.6,-0.01,1,1360,卖盘
2722,09:30:35,13.61,0.01,104,141544,买盘
2723,09:30:32,13.6,-0.01,17,23120,卖盘
2724,09:30:26,13.61,--,94,127934,买盘
2725,09:30:23,13.61,0.01,3,4083,买盘
2726,09:30:17,13.6,-0.01,11,14960,卖盘
2727,09:30:14,13.61,--,31,42191,买盘
2728,09:30:08,13.61,-0.01,1123,1528403,卖盘
2729,09:30:05,13.62,--,991,1349742,买盘
2730,09:30:02,13.62,--,110,149820,买盘
2731,09:25:20,13.62,--,0,0,买盘
2732,09:25:02,13.62,13.62,310,422220,买盘
