,time,price,change,volume,amount,type
0,15:00:21,6.58,0.01,1442,949138,买盘
1,14:57:21,6.57,--,0,0,卖盘
2,14:57:00,6.57,--,29,19053,卖盘
3,14:56:57,6.57,--,8,5256,卖盘
4,14:56:45,6.57,--,190,124830,卖盘
5,14:56:36,6.57,--,47,30879,买盘
6,14:56:30,6.57,--,5,3285,卖盘
7,14:56:24,6.57,--,227,149139,买盘
8,14:56:18,6.57,0.01,170,111690,买盘
9,14:56:15,6.56,-0.01,19,12464,卖盘
10,14:56:03,6.57,--,10,6570,卖盘
11,14:56:00,6.57,--,5,3285,卖盘
12,14:55:51,6.57,--,10,6570,卖盘
13,14:55:45,6.57,0.01,100,65700,中性盘
14,14:55:36,6.56,-0.01,30,19680,卖盘
15,14:55:30,6.57,0.01,4,2628,买盘
16,14:55:27,6.56,--,100,65600,卖盘
17,14:55:21,6.56,--,8,5248,卖盘
18,14:55:12,6.56,-0.01,343,225388,卖盘
19,14:55:09,6.57,0.01,31,20367,买盘
20,14:55:06,6.56,--,93,61008,卖盘
21,14:54:54,6.56,--,12,7871,卖盘
22,14:54:51,6.56,-0.01,5,3280,卖盘
23,14:54:48,6.57,--,11,7227,卖盘
24,14:54:45,6.57,--,34,22338,买盘
25,14:54:42,6.57,0.01,3,1971,买盘
26,14:54:30,6.56,--,40,26240,买盘
27,14:54:21,6.56,--,3,1967,买盘
28,14:54:18,6.56,--,58,38048,卖盘
29,14:54:12,6.56,--,50,32800,卖盘
30,14:54:09,6.56,-0.01,26,17056,卖盘
31,14:54:03,6.57,--,9,5913,买盘
32,14:53:57,6.57,--,102,67014,买盘
33,14:53:54,6.57,0.01,11,7227,买盘
34,14:53:48,6.56,-0.01,27,17712,卖盘
35,14:53:45,6.57,--,60,39420,买盘
36,14:53:36,6.57,--,7,4599,买盘
37,14:53:33,6.57,--,100,65700,买盘
38,14:53:27,6.57,0.01,20,13140,买盘
39,14:53:24,6.56,--,204,133824,卖盘
40,14:53:21,6.56,-0.01,18,11808,卖盘
41,14:53:06,6.57,0.01,100,65700,买盘
42,14:53:03,6.56,-0.01,40,26240,卖盘
43,14:52:51,6.57,--,12,7884,买盘
44,14:52:33,6.57,--,1,657,买盘
45,14:52:24,6.57,-0.02,1175,771975,卖盘
46,14:52:21,6.59,--,125,82375,买盘
47,14:52:06,6.59,--,10,6590,买盘
48,14:52:03,6.59,0.01,30,19770,买盘
49,14:52:00,6.58,--,50,32900,卖盘
50,14:51:45,6.58,--,10,6580,卖盘
51,14:51:36,6.58,--,16,10528,买盘
52,14:51:30,6.58,0.01,10,6580,买盘
53,14:51:27,6.57,--,33,21681,卖盘
54,14:51:24,6.57,-0.01,1,657,卖盘
55,14:51:18,6.58,--,20,13160,买盘
56,14:51:15,6.58,--,19,12502,买盘
57,14:50:54,6.58,-0.01,89,58838,卖盘
58,14:50:48,6.59,0.01,50,32950,买盘
59,14:50:39,6.58,--,154,101332,卖盘
60,14:50:36,6.58,-0.01,10,6580,卖盘
61,14:50:27,6.59,--,10,6590,买盘
62,14:50:09,6.59,--,23,15157,卖盘
63,14:49:57,6.59,--,130,85670,卖盘
64,14:49:48,6.59,--,65,42835,买盘
65,14:49:36,6.59,0.01,100,65900,买盘
66,14:49:33,6.58,-0.01,7,4606,卖盘
67,14:49:18,6.59,0.01,8,5272,买盘
68,14:49:12,6.58,-0.01,30,19740,卖盘
69,14:49:03,6.59,0.01,205,135095,买盘
70,14:49:00,6.58,--,100,65800,卖盘
71,14:48:54,6.58,-0.01,49,32242,卖盘
72,14:48:48,6.59,--,20,13180,买盘
73,14:48:39,6.59,0.01,11,7249,中性盘
74,14:48:27,6.58,--,140,92120,卖盘
75,14:48:21,6.58,--,18,11844,卖盘
76,14:48:09,6.58,-0.01,20,13160,卖盘
77,14:48:06,6.59,0.01,90,59310,买盘
78,14:47:51,6.58,-0.01,18,11844,卖盘
79,14:47:24,6.59,--,3,1977,卖盘
80,14:47:21,6.59,--,2,1318,买盘
81,14:47:18,6.59,--,4,2636,卖盘
82,14:47:12,6.59,0.01,56,36904,卖盘
83,14:46:57,6.58,--,0,381,卖盘
84,14:46:54,6.58,--,18,11844,卖盘
85,14:46:45,6.58,--,3,1974,卖盘
86,14:46:18,6.58,--,123,80934,卖盘
87,14:46:03,6.58,-0.01,1,658,卖盘
88,14:46:00,6.59,--,5,3295,卖盘
89,14:45:45,6.59,0.01,5,3295,买盘
90,14:45:42,6.58,-0.01,11,7238,卖盘
91,14:45:12,6.59,-0.01,55,36521,卖盘
92,14:45:06,6.6,0.01,7,4620,买盘
93,14:45:03,6.59,--,8,5272,卖盘
94,14:45:00,6.59,--,15,9885,卖盘
95,14:44:57,6.59,-0.01,18,11862,卖盘
96,14:44:54,6.6,0.01,4,2640,买盘
97,14:44:51,6.59,--,12,7908,卖盘
98,14:44:39,6.59,--,18,11862,卖盘
99,14:44:36,6.59,-0.01,25,16475,卖盘
100,14:43:48,6.6,--,10,6600,买盘
101,14:43:45,6.6,--,21,13860,卖盘
102,14:43:39,6.6,0.01,100,66000,中性盘
103,14:43:24,6.59,-0.02,3,1977,卖盘
104,14:43:21,6.61,0.01,50,33050,买盘
105,14:43:12,6.6,--,31,20460,买盘
106,14:42:54,6.6,0.01,2,1320,买盘
107,14:42:45,6.59,--,3,1977,卖盘
108,14:42:39,6.59,--,32,21470,买盘
109,14:42:30,6.59,--,11,7249,买盘
110,14:42:27,6.59,--,47,30973,买盘
111,14:42:12,6.59,--,5,3295,买盘
112,14:42:06,6.59,0.01,30,19770,买盘
113,14:42:00,6.58,--,53,34874,卖盘
114,14:41:57,6.58,--,34,22372,卖盘
115,14:41:51,6.58,0.01,90,59220,买盘
116,14:41:48,6.57,-0.01,10,6570,卖盘
117,14:41:45,6.58,--,90,59220,买盘
118,14:41:36,6.58,--,10,6580,买盘
119,14:41:24,6.58,--,100,65800,买盘
120,14:41:21,6.58,0.01,5,3290,买盘
121,14:41:18,6.57,--,6,3942,卖盘
122,14:41:12,6.57,--,3,1971,卖盘
123,14:41:09,6.57,--,8,5256,买盘
124,14:41:03,6.57,-0.01,2,1314,卖盘
125,14:40:57,6.58,0.01,10,6580,买盘
126,14:40:51,6.57,-0.01,690,453330,卖盘
127,14:40:29,6.58,--,100,65800,买盘
128,14:40:26,6.58,--,622,409276,卖盘
129,14:40:20,6.58,-0.01,36,23688,卖盘
130,14:39:59,6.59,--,2,1594,卖盘
131,14:39:53,6.59,--,20,13180,卖盘
132,14:39:41,6.59,--,454,299186,卖盘
133,14:39:29,6.59,-0.01,912,601008,卖盘
134,14:39:20,6.6,--,5,3300,卖盘
135,14:39:17,6.6,--,87,57420,卖盘
136,14:39:14,6.6,--,10,6600,卖盘
137,14:39:11,6.6,--,20,13200,卖盘
138,14:39:05,6.6,--,5,3300,卖盘
139,14:38:59,6.6,--,5,3682,卖盘
140,14:38:56,6.6,--,1,660,卖盘
141,14:38:47,6.6,--,87,57420,卖盘
142,14:38:35,6.6,-0.01,10,6600,卖盘
143,14:38:26,6.61,--,1,661,买盘
144,14:38:20,6.61,--,298,197242,卖盘
145,14:38:14,6.61,-0.01,10,6610,卖盘
146,14:38:08,6.62,0.01,4,2648,买盘
147,14:38:05,6.61,-0.01,93,61473,卖盘
148,14:37:41,6.62,--,26,17212,卖盘
149,14:37:35,6.62,0.01,94,62228,买盘
150,14:37:32,6.61,--,50,33050,卖盘
151,14:37:14,6.61,--,5,3305,卖盘
152,14:36:47,6.61,-0.01,23,15203,卖盘
153,14:36:44,6.62,--,7,4634,买盘
154,14:36:29,6.62,--,70,46340,卖盘
155,14:36:17,6.62,--,18,11916,卖盘
156,14:36:05,6.62,--,40,26480,卖盘
157,14:36:02,6.62,--,18,11916,卖盘
158,14:35:56,6.62,--,27,17874,卖盘
159,14:35:50,6.62,--,18,11916,卖盘
160,14:35:32,6.62,--,2,1324,卖盘
161,14:35:29,6.62,--,18,11916,卖盘
162,14:35:20,6.62,--,6,3972,卖盘
163,14:35:17,6.62,--,25,16550,卖盘
164,14:34:59,6.62,--,3,1986,买盘
165,14:34:50,6.62,0.01,2,1324,中性盘
166,14:34:11,6.61,--,18,11898,卖盘
167,14:34:05,6.61,--,18,11898,卖盘
168,14:33:59,6.61,--,18,11898,卖盘
169,14:33:32,6.61,-0.02,23,15203,卖盘
170,14:33:23,6.63,0.01,67,44421,买盘
171,14:33:20,6.62,-0.01,18,11916,卖盘
172,14:33:14,6.63,0.02,5,3315,买盘
173,14:33:08,6.61,-0.01,30,19830,卖盘
174,14:33:02,6.62,--,0,264,卖盘
175,14:32:59,6.62,--,58,38396,买盘
176,14:32:56,6.62,--,35,23170,买盘
177,14:32:41,6.62,0.01,63,41706,买盘
178,14:32:29,6.61,-0.01,20,13220,卖盘
179,14:32:02,6.62,0.01,75,49650,买盘
180,14:31:56,6.61,--,10,6610,卖盘
181,14:31:41,6.61,--,10,6610,卖盘
182,14:31:26,6.61,--,40,26440,卖盘
183,14:31:17,6.61,--,1,661,卖盘
184,14:31:11,6.61,--,10,6610,卖盘
185,14:31:05,6.61,--,5,3305,卖盘
186,14:30:56,6.61,--,25,16525,卖盘
187,14:30:44,6.61,--,32,21152,卖盘
188,14:30:20,6.61,--,20,13220,卖盘
189,14:30:17,6.61,--,9,6081,卖盘
190,14:30:08,6.61,--,7,4627,卖盘
191,14:30:05,6.61,--,70,46270,卖盘
192,14:30:02,6.61,--,12,7932,卖盘
193,14:29:41,6.61,-0.01,80,52880,卖盘
194,14:29:32,6.62,--,50,33100,买盘
195,14:29:29,6.62,0.01,40,26480,买盘
196,14:29:05,6.61,--,36,23796,卖盘
197,14:29:02,6.61,--,18,11898,卖盘
198,14:28:59,6.61,--,18,11898,卖盘
199,14:28:56,6.61,--,18,11898,卖盘
200,14:28:53,6.61,-0.01,18,11898,卖盘
201,14:28:47,6.62,0.01,10,6620,买盘
202,14:28:44,6.61,-0.01,18,11898,卖盘
203,14:28:38,6.62,-0.01,92,60904,卖盘
204,14:28:32,6.63,0.01,76,50388,买盘
205,14:28:29,6.62,--,183,121146,卖盘
206,14:28:14,6.62,--,34,22508,卖盘
207,14:27:56,6.62,-0.01,18,11916,卖盘
208,14:27:50,6.63,0.01,2,1326,买盘
209,14:27:35,6.62,--,18,11916,卖盘
210,14:27:32,6.62,--,30,19860,卖盘
211,14:27:23,6.62,--,25,16550,卖盘
212,14:27:20,6.62,--,40,26480,卖盘
213,14:27:05,6.62,--,21,13902,卖盘
214,14:26:59,6.62,--,10,6620,卖盘
215,14:26:29,6.62,--,60,39720,卖盘
216,14:25:41,6.62,--,6,3972,卖盘
217,14:25:38,6.62,--,10,6620,卖盘
218,14:25:35,6.62,--,5,3310,卖盘
219,14:25:32,6.62,--,60,39720,卖盘
220,14:25:26,6.62,--,50,33100,卖盘
221,14:25:05,6.62,--,6,3972,卖盘
222,14:24:59,6.62,-0.01,25,16550,卖盘
223,14:24:56,6.63,0.01,10,6630,买盘
224,14:24:50,6.62,-0.01,10,6620,卖盘
225,14:24:26,6.63,--,11,7293,买盘
226,14:24:17,6.63,0.01,14,9282,买盘
227,14:23:56,6.62,-0.01,8,5296,卖盘
228,14:23:44,6.63,0.01,8,5304,买盘
229,14:23:35,6.62,-0.01,430,284660,卖盘
230,14:23:26,6.63,--,6,3978,买盘
231,14:22:50,6.63,-0.01,9,5967,卖盘
232,14:22:41,6.64,--,16,10624,卖盘
233,14:22:38,6.64,0.01,144,95616,买盘
234,14:22:17,6.63,--,150,99450,卖盘
235,14:21:59,6.63,-0.01,300,198900,卖盘
236,14:21:32,6.64,--,11,7304,买盘
237,14:21:26,6.64,--,29,19256,买盘
238,14:21:17,6.64,--,146,97216,卖盘
239,14:21:14,6.64,-0.01,27,17928,卖盘
240,14:21:11,6.65,0.01,8,5320,买盘
241,14:21:05,6.64,-0.01,20,13280,卖盘
242,14:20:59,6.65,--,8,5320,买盘
243,14:20:56,6.65,--,200,133000,买盘
244,14:20:53,6.65,--,20,13300,买盘
245,14:20:44,6.65,--,10,6650,买盘
246,14:20:41,6.65,--,12,7980,买盘
247,14:20:17,6.65,0.01,50,33250,买盘
248,14:19:07,6.64,--,200,132800,卖盘
249,14:18:43,6.64,-0.01,75,49800,卖盘
250,14:18:37,6.65,0.01,1,665,买盘
251,14:18:19,6.64,-0.01,2,1328,卖盘
252,14:18:16,6.65,--,1,665,买盘
253,14:18:07,6.65,--,6,3990,买盘
254,14:18:04,6.65,0.01,14,9310,买盘
255,14:17:40,6.64,--,1,664,卖盘
256,14:17:22,6.64,-0.01,23,15272,卖盘
257,14:17:10,6.65,0.01,31,20615,买盘
258,14:16:58,6.64,--,65,43551,买盘
259,14:16:52,6.64,--,145,96280,卖盘
260,14:16:16,6.64,--,124,82336,买盘
261,14:16:10,6.64,--,16,10624,买盘
262,14:16:07,6.64,0.01,30,19920,买盘
263,14:16:04,6.63,-0.01,19,12597,卖盘
264,14:15:55,6.64,0.01,19,12616,买盘
265,14:15:49,6.63,--,2,1326,卖盘
266,14:15:43,6.63,-0.01,23,15249,卖盘
267,14:15:40,6.64,--,43,28552,买盘
268,14:15:37,6.64,--,5,3320,买盘
269,14:15:25,6.64,--,12,7968,买盘
270,14:15:04,6.64,0.01,250,166000,买盘
271,14:14:40,6.63,--,100,66300,卖盘
272,14:14:37,6.63,--,100,66300,卖盘
273,14:14:22,6.63,--,23,15249,卖盘
274,14:14:16,6.63,--,50,33150,卖盘
275,14:13:55,6.63,--,100,66300,卖盘
276,14:13:43,6.63,--,93,61659,卖盘
277,14:13:40,6.63,-0.01,72,47736,卖盘
278,14:13:28,6.64,--,20,13280,买盘
279,14:13:25,6.64,0.01,43,28552,买盘
280,14:13:13,6.63,--,70,46410,卖盘
281,14:13:04,6.63,--,8,5304,卖盘
282,14:13:01,6.63,-0.01,3,1989,卖盘
283,14:12:28,6.64,--,58,38512,卖盘
284,14:12:25,6.64,--,5,3320,卖盘
285,14:12:16,6.64,--,50,33200,卖盘
286,14:12:13,6.64,-0.01,31,20584,卖盘
287,14:12:04,6.65,--,9,5985,买盘
288,14:11:58,6.65,0.01,25,16625,买盘
289,14:11:55,6.64,--,200,132800,卖盘
290,14:11:49,6.64,--,18,11952,卖盘
291,14:11:46,6.64,-0.01,114,75696,卖盘
292,14:11:43,6.65,0.01,31,20615,买盘
293,14:11:40,6.64,--,5,3320,卖盘
294,14:11:34,6.64,-0.01,90,59760,卖盘
295,14:11:25,6.65,--,9,5985,买盘
296,14:11:16,6.65,--,2,1330,卖盘
297,14:11:07,6.65,--,19,12635,卖盘
298,14:10:55,6.65,--,10,6650,卖盘
299,14:10:52,6.65,--,22,14630,卖盘
300,14:10:49,6.65,--,10,6650,卖盘
301,14:10:43,6.65,-0.01,50,33250,卖盘
302,14:10:40,6.66,0.01,22,14652,买盘
303,14:10:22,6.65,-0.01,23,15295,卖盘
304,14:10:19,6.66,--,2,1332,买盘
305,14:10:16,6.66,0.01,5,3330,买盘
306,14:10:10,6.65,-0.01,100,66500,卖盘
307,14:10:01,6.66,0.01,180,119880,买盘
308,14:09:58,6.65,--,41,27265,买盘
309,14:09:43,6.65,--,30,19950,买盘
310,14:09:34,6.65,--,55,36575,买盘
311,14:09:31,6.65,--,15,9975,买盘
312,14:09:25,6.65,--,240,159600,买盘
313,14:09:16,6.65,--,16,10640,买盘
314,14:09:10,6.65,--,57,37905,卖盘
315,14:09:07,6.65,-0.01,20,13300,卖盘
316,14:09:01,6.66,--,10,6660,买盘
317,14:08:52,6.66,0.01,23,15318,买盘
318,14:08:46,6.65,--,10,6650,中性盘
319,14:08:37,6.65,-0.01,10,6650,中性盘
320,14:08:34,6.66,0.01,665,442890,买盘
321,14:08:16,6.65,--,36,24212,卖盘
322,14:08:13,6.65,--,106,70882,买盘
323,14:08:04,6.65,--,64,42560,买盘
324,14:07:52,6.65,0.01,452,300580,买盘
325,14:07:49,6.64,--,6,3984,卖盘
326,14:07:46,6.64,-0.01,33,21912,卖盘
327,14:07:43,6.65,0.01,35,23275,买盘
328,14:07:37,6.64,--,2,1328,卖盘
329,14:07:34,6.64,--,30,19920,卖盘
330,14:07:22,6.64,--,70,46480,卖盘
331,14:07:13,6.64,--,50,33200,卖盘
332,14:06:49,6.64,0.01,10,6640,中性盘
333,14:06:46,6.63,-0.01,154,102102,卖盘
334,14:06:40,6.64,--,20,13280,买盘
335,14:06:37,6.64,--,4,2656,买盘
336,14:06:34,6.64,-0.01,223,148072,卖盘
337,14:06:28,6.65,0.01,168,111720,买盘
338,14:06:25,6.64,--,2,1328,卖盘
339,14:06:10,6.64,--,80,53120,买盘
340,14:06:04,6.64,-0.01,230,152720,卖盘
341,14:06:01,6.65,--,50,33250,买盘
342,14:05:58,6.65,--,300,199500,买盘
343,14:05:46,6.65,0.01,1027,682955,买盘
344,14:05:31,6.64,--,100,66400,卖盘
345,14:05:13,6.64,0.01,447,296808,买盘
346,14:05:10,6.63,--,21,13923,卖盘
347,14:05:04,6.63,--,11,7293,卖盘
348,14:04:46,6.63,--,502,332905,买盘
349,14:04:37,6.63,0.01,8,5304,买盘
350,14:04:19,6.62,0.01,6,3972,买盘
351,14:03:55,6.61,--,4,2908,买盘
352,14:03:52,6.61,--,10,6610,买盘
353,14:03:40,6.61,--,71,46931,买盘
354,14:03:31,6.61,--,324,214560,卖盘
355,14:03:28,6.61,-0.02,50,33050,卖盘
356,14:03:25,6.63,0.02,1328,880729,买盘
357,14:02:43,6.61,-0.01,1,661,卖盘
358,14:02:37,6.62,0.01,18,11916,买盘
359,14:02:07,6.61,--,10,6610,卖盘
360,14:01:55,6.61,--,2,1322,卖盘
361,14:01:46,6.61,--,9,5949,卖盘
362,14:01:34,6.61,-0.01,3,1983,卖盘
363,14:01:10,6.62,-0.01,160,106317,卖盘
364,14:01:01,6.63,--,10,6630,买盘
365,14:00:58,6.63,-0.01,3,1989,中性盘
366,14:00:30,6.64,--,5,3320,买盘
367,14:00:27,6.64,--,15,9960,买盘
368,14:00:18,6.64,0.01,162,107568,买盘
369,14:00:15,6.63,-0.01,23,15249,卖盘
370,14:00:03,6.64,0.01,10,6640,买盘
371,13:59:57,6.63,--,149,98787,卖盘
372,13:59:54,6.63,--,5,3315,卖盘
373,13:59:45,6.63,-0.01,53,35139,卖盘
374,13:59:39,6.64,--,385,255640,买盘
375,13:59:36,6.64,0.01,2,1328,买盘
376,13:59:33,6.63,--,100,66300,卖盘
377,13:59:15,6.63,-0.01,25,16575,卖盘
378,13:59:06,6.64,0.01,1,664,买盘
379,13:59:00,6.63,-0.01,52,34476,卖盘
380,13:58:54,6.64,--,5,3320,买盘
381,13:58:51,6.64,--,39,25896,买盘
382,13:58:48,6.64,--,20,13280,买盘
383,13:58:36,6.64,0.02,167,110888,买盘
384,13:58:15,6.62,-0.02,1,662,卖盘
385,13:58:12,6.64,0.01,374,248336,买盘
386,13:58:09,6.63,--,23,15249,买盘
387,13:58:06,6.63,--,190,125970,买盘
388,13:58:03,6.63,--,35,23205,买盘
389,13:57:57,6.63,--,21,13923,买盘
390,13:57:51,6.63,0.01,75,49725,买盘
391,13:57:42,6.62,-0.01,33,21846,卖盘
392,13:57:39,6.63,--,11,7293,买盘
393,13:57:21,6.63,0.01,56,37128,买盘
394,13:57:18,6.62,-0.01,57,37734,卖盘
395,13:56:51,6.63,0.01,35,23205,买盘
396,13:56:42,6.62,-0.01,439,290618,卖盘
397,13:56:39,6.63,0.01,600,397800,买盘
398,13:56:09,6.62,--,0,284,卖盘
399,13:55:57,6.62,--,150,99300,卖盘
400,13:55:54,6.62,-0.01,304,201248,卖盘
401,13:55:51,6.63,--,11,7293,买盘
402,13:55:36,6.63,--,20,13260,买盘
403,13:55:27,6.63,--,172,114036,卖盘
404,13:55:24,6.63,--,150,99450,卖盘
405,13:55:21,6.63,--,20,13260,卖盘
406,13:55:15,6.63,--,4,2652,卖盘
407,13:55:12,6.63,0.01,323,214149,买盘
408,13:54:54,6.62,-0.01,4,2648,卖盘
409,13:54:51,6.63,--,5,3315,买盘
410,13:54:39,6.63,0.01,10,6630,中性盘
411,13:54:30,6.62,--,21,13902,卖盘
412,13:54:27,6.62,-0.01,65,43030,卖盘
413,13:54:24,6.63,-0.01,52,34476,卖盘
414,13:54:21,6.64,0.01,7,4648,买盘
415,13:54:18,6.63,--,16,10608,卖盘
416,13:54:15,6.63,--,10,6630,卖盘
417,13:54:12,6.63,--,10,6630,卖盘
418,13:54:09,6.63,--,100,66300,卖盘
419,13:54:00,6.63,--,77,51051,卖盘
420,13:53:54,6.63,--,7,4641,卖盘
421,13:53:45,6.63,-0.01,50,33150,卖盘
422,13:53:36,6.64,--,5,3320,买盘
423,13:53:30,6.64,0.01,100,66400,买盘
424,13:53:24,6.63,--,21,13923,卖盘
425,13:53:12,6.63,--,38,25837,卖盘
426,13:53:09,6.63,--,178,118014,买盘
427,13:53:06,6.63,--,5,3315,买盘
428,13:53:03,6.63,--,300,198900,买盘
429,13:52:45,6.63,-0.01,17,11271,卖盘
430,13:52:33,6.64,0.02,491,326024,买盘
431,13:52:12,6.62,0.01,107,70834,买盘
432,13:52:09,6.61,-0.01,10,6610,卖盘
433,13:51:48,6.62,--,4,2648,买盘
434,13:51:36,6.62,0.01,102,67524,买盘
435,13:51:33,6.61,-0.01,23,15203,卖盘
436,13:51:27,6.62,-0.01,25,16550,中性盘
437,13:51:12,6.63,0.01,422,279786,买盘
438,13:51:09,6.62,--,19,12578,卖盘
439,13:51:03,6.62,-0.01,363,240306,卖盘
440,13:51:00,6.63,0.01,8,5304,买盘
441,13:50:48,6.62,--,83,54946,买盘
442,13:50:36,6.62,--,117,77454,卖盘
443,13:50:33,6.62,--,33,21846,买盘
444,13:50:18,6.62,--,150,99300,买盘
445,13:50:12,6.62,--,10,6620,买盘
446,13:50:06,6.62,0.01,10,6620,买盘
447,13:50:00,6.61,-0.01,22,14542,卖盘
448,13:49:33,6.62,-0.01,10,6620,卖盘
449,13:49:27,6.63,0.01,70,46410,买盘
450,13:49:24,6.62,-0.01,20,13240,中性盘
451,13:49:12,6.63,0.02,134,88842,买盘
452,13:49:03,6.61,-0.01,57,37677,卖盘
453,13:49:00,6.62,--,514,340268,买盘
454,13:48:42,6.62,0.01,134,88708,买盘
455,13:48:39,6.61,0.01,20,13220,买盘
456,13:48:24,6.6,-0.01,20,13622,卖盘
457,13:48:21,6.61,0.01,144,95184,买盘
458,13:48:18,6.6,-0.01,16,10560,卖盘
459,13:48:12,6.61,0.01,4,2644,买盘
460,13:47:51,6.6,-0.01,17,11220,卖盘
461,13:47:48,6.61,0.01,5,3305,买盘
462,13:47:45,6.6,-0.01,48,31680,卖盘
463,13:47:30,6.61,--,2,1322,买盘
464,13:47:24,6.61,0.01,34,22474,买盘
465,13:47:18,6.6,-0.01,217,143220,卖盘
466,13:47:15,6.61,--,61,40321,买盘
467,13:47:06,6.61,--,79,52219,买盘
468,13:46:51,6.61,0.01,30,19830,买盘
469,13:46:48,6.6,-0.01,10,6600,卖盘
470,13:46:39,6.61,--,80,52880,买盘
471,13:46:36,6.61,--,113,74693,买盘
472,13:46:24,6.61,0.01,1,661,买盘
473,13:46:09,6.6,0.01,49,32340,买盘
474,13:45:54,6.59,--,879,579261,买盘
475,13:45:42,6.59,0.01,158,104122,买盘
476,13:45:33,6.58,--,0,236,卖盘
477,13:45:24,6.58,-0.02,86,56588,卖盘
478,13:45:00,6.6,0.02,400,264000,买盘
479,13:44:48,6.58,--,30,19740,卖盘
480,13:44:45,6.58,-0.01,23,15134,卖盘
481,13:44:33,6.59,--,40,26360,卖盘
482,13:44:27,6.59,-0.01,54,35586,卖盘
483,13:44:18,6.6,0.01,2,1320,买盘
484,13:44:15,6.59,-0.01,50,32950,中性盘
485,13:43:42,6.6,0.01,200,132000,买盘
486,13:43:36,6.59,--,3,1977,买盘
487,13:43:33,6.59,--,10,6590,买盘
488,13:43:27,6.59,--,5,3295,买盘
489,13:43:18,6.59,--,11,7249,卖盘
490,13:43:03,6.59,--,19,12521,买盘
491,13:42:57,6.59,--,4,2636,买盘
492,13:42:45,6.59,0.01,5,3295,买盘
493,13:42:42,6.58,-0.01,454,298732,卖盘
494,13:42:39,6.59,--,5,3295,买盘
495,13:42:36,6.59,0.01,108,71172,买盘
496,13:42:24,6.58,-0.01,16,10528,卖盘
497,13:42:12,6.59,0.01,50,32950,买盘
498,13:42:00,6.58,--,7,4606,卖盘
499,13:41:51,6.58,--,5,3711,买盘
500,13:41:48,6.58,--,10,6580,买盘
501,13:41:33,6.58,--,116,76564,卖盘
502,13:41:27,6.58,-0.01,23,15134,卖盘
503,13:41:21,6.59,--,23,15157,卖盘
504,13:41:00,6.59,--,20,13180,卖盘
505,13:40:42,6.59,0.01,139,91601,买盘
506,13:40:36,6.58,--,20,13160,卖盘
507,13:40:32,6.58,--,9,5922,卖盘
508,13:40:17,6.58,-0.01,107,70406,卖盘
509,13:40:11,6.59,0.01,1,659,买盘
510,13:40:05,6.58,--,20,13160,卖盘
511,13:39:59,6.58,--,90,59220,卖盘
512,13:39:44,6.58,--,56,37269,买盘
513,13:39:23,6.58,--,136,89724,卖盘
514,13:38:56,6.58,--,121,79618,卖盘
515,13:38:44,6.58,0.01,242,159657,买盘
516,13:38:02,6.57,0.01,57,37449,买盘
517,13:37:47,6.56,--,23,15088,卖盘
518,13:37:44,6.56,0.01,33,21648,买盘
519,13:37:32,6.55,-0.01,23,15065,中性盘
520,13:37:02,6.56,--,5,3280,买盘
521,13:36:32,6.56,0.02,13,8528,买盘
522,13:36:23,6.54,-0.02,100,65400,卖盘
523,13:36:20,6.56,0.01,10,6560,买盘
524,13:35:59,6.55,--,20,13100,买盘
525,13:35:50,6.55,--,30,19650,买盘
526,13:35:35,6.55,0.01,50,32750,买盘
527,13:35:23,6.54,--,23,15042,卖盘
528,13:35:20,6.54,--,0,523,卖盘
529,13:34:56,6.54,--,9,5886,买盘
530,13:34:53,6.54,0.01,10,6540,买盘
531,13:34:17,6.53,--,36,23508,卖盘
532,13:33:59,6.53,--,3,1959,卖盘
533,13:33:26,6.53,-0.01,51,33303,卖盘
534,13:33:17,6.54,0.01,7,4578,中性盘
535,13:32:11,6.53,--,70,45710,卖盘
536,13:31:59,6.53,--,5,3265,卖盘
537,13:31:53,6.53,--,11,7183,卖盘
538,13:31:14,6.53,--,26,17193,卖盘
539,13:30:59,6.53,--,18,11754,卖盘
540,13:30:47,6.53,-0.01,22,14366,卖盘
541,13:30:41,6.54,--,3,1962,卖盘
542,13:30:35,6.54,--,6,3924,卖盘
543,13:30:32,6.54,--,20,13080,卖盘
544,13:30:26,6.54,--,334,218436,卖盘
545,13:30:20,6.54,-0.01,18,11772,卖盘
546,13:30:17,6.55,0.01,10,6550,买盘
547,13:30:11,6.54,--,23,15042,卖盘
548,13:30:08,6.54,-0.01,23,15042,卖盘
549,13:30:02,6.55,--,44,28820,买盘
550,13:29:59,6.55,--,57,37335,卖盘
551,13:29:35,6.55,0.01,2,1310,买盘
552,13:28:44,6.54,-0.01,20,13080,卖盘
553,13:28:41,6.55,0.01,3,1965,买盘
554,13:28:23,6.54,-0.01,5,3270,卖盘
555,13:28:05,6.55,--,31,20305,买盘
556,13:27:59,6.55,--,14,9170,卖盘
557,13:27:53,6.55,--,33,21615,卖盘
558,13:27:11,6.55,--,18,11790,卖盘
559,13:27:08,6.55,-0.02,18,11790,中性盘
560,13:26:23,6.57,0.02,201,132057,买盘
561,13:26:20,6.55,--,5,3275,卖盘
562,13:26:11,6.55,0.01,6,3930,买盘
563,13:26:02,6.54,-0.01,23,15042,卖盘
564,13:25:56,6.55,0.01,5,3275,买盘
565,13:25:53,6.54,-0.03,1043,682122,卖盘
566,13:25:38,6.57,0.02,4,2628,买盘
567,13:25:29,6.55,-0.02,105,68775,卖盘
568,13:25:20,6.57,0.01,7,4599,买盘
569,13:25:17,6.56,--,227,148912,卖盘
570,13:25:02,6.56,--,18,11808,卖盘
571,13:24:50,6.56,--,18,11808,卖盘
572,13:24:47,6.56,--,43,28208,卖盘
573,13:24:38,6.56,-0.01,6,3935,卖盘
574,13:24:29,6.57,--,4,2628,买盘
575,13:24:05,6.57,0.01,10,6570,买盘
576,13:23:38,6.56,--,30,19680,卖盘
577,13:23:29,6.56,-0.01,302,198112,卖盘
578,13:23:11,6.57,--,12,7884,卖盘
579,13:22:41,6.57,0.01,2,1314,买盘
580,13:22:17,6.56,-0.01,23,15088,卖盘
581,13:22:08,6.57,0.01,33,21681,买盘
582,13:21:26,6.56,--,55,36080,卖盘
583,13:21:11,6.56,-0.02,23,15088,卖盘
584,13:21:08,6.58,0.01,20,13160,买盘
585,13:20:56,6.57,-0.01,99,65279,卖盘
586,13:20:20,6.58,--,1,658,卖盘
587,13:19:59,6.58,0.01,9,5922,买盘
588,13:19:56,6.57,--,23,15111,卖盘
589,13:19:53,6.57,--,30,19710,卖盘
590,13:19:50,6.57,--,0,420,买盘
591,13:19:47,6.57,--,1,893,卖盘
592,13:19:37,6.57,--,307,201699,卖盘
593,13:19:04,6.57,-0.01,27,17739,卖盘
594,13:18:55,6.58,-0.01,22,14476,卖盘
595,13:18:52,6.59,-0.01,36,23724,卖盘
596,13:18:31,6.6,0.01,10,6600,买盘
597,13:18:04,6.59,--,2,1318,卖盘
598,13:17:49,6.59,0.01,24,15816,买盘
599,13:17:40,6.58,0.01,26,17108,中性盘
600,13:17:31,6.57,-0.02,250,164250,卖盘
601,13:17:28,6.59,0.01,10,6590,买盘
602,13:17:22,6.58,-0.01,3,1974,卖盘
603,13:17:19,6.59,0.02,113,74467,买盘
604,13:15:31,6.57,-0.02,147,96579,卖盘
605,13:15:22,6.59,0.02,5,3295,买盘
606,13:15:10,6.57,--,322,211554,卖盘
607,13:14:40,6.57,-0.01,22,14454,卖盘
608,13:14:10,6.58,--,100,65800,卖盘
609,13:13:52,6.58,0.01,5,3316,中性盘
610,13:13:10,6.57,-0.02,607,399219,卖盘
611,13:12:43,6.59,-0.01,104,68536,卖盘
612,13:11:58,6.6,--,1,660,中性盘
613,13:11:31,6.6,0.01,41,27060,买盘
614,13:11:19,6.59,--,3,1977,卖盘
615,13:10:34,6.59,0.02,77,50743,买盘
616,13:10:16,6.57,-0.01,23,15111,卖盘
617,13:09:52,6.58,--,126,82908,买盘
618,13:09:49,6.58,--,50,32900,买盘
619,13:09:46,6.58,--,50,32900,卖盘
620,13:09:13,6.58,--,30,19740,卖盘
621,13:09:07,6.58,--,10,6580,中性盘
622,13:08:34,6.58,--,20,13160,买盘
623,13:08:25,6.58,--,28,18424,买盘
624,13:08:19,6.58,--,7,4606,卖盘
625,13:08:13,6.58,--,22,14476,卖盘
626,13:08:07,6.58,--,567,373086,卖盘
627,13:07:58,6.58,-0.01,1,658,卖盘
628,13:07:40,6.59,0.01,5,3295,买盘
629,13:07:34,6.58,--,45,29610,卖盘
630,13:07:25,6.58,--,83,54614,卖盘
631,13:07:16,6.58,-0.01,22,14476,卖盘
632,13:07:07,6.59,-0.01,196,129164,卖盘
633,13:06:55,6.6,0.01,1,660,买盘
634,13:06:28,6.59,--,23,15157,卖盘
635,13:06:01,6.59,-0.01,10,6590,卖盘
636,13:05:55,6.6,--,45,29700,卖盘
637,13:05:40,6.6,--,5,3300,买盘
638,13:05:34,6.6,--,5,3300,卖盘
639,13:04:34,6.6,0.01,66,43560,买盘
640,13:04:25,6.59,-0.01,10,6590,卖盘
641,13:03:43,6.6,0.01,4,2640,卖盘
642,13:03:25,6.59,-0.01,163,107417,卖盘
643,13:03:13,6.6,-0.01,116,76560,卖盘
644,13:02:58,6.61,--,123,81732,卖盘
645,13:02:52,6.61,-0.01,50,33050,卖盘
646,13:02:34,6.62,0.01,23,15226,买盘
647,13:02:22,6.61,--,71,46931,卖盘
648,13:02:13,6.61,--,100,66100,卖盘
649,13:01:49,6.61,--,0,231,卖盘
650,13:01:46,6.61,-0.01,10,6610,卖盘
651,13:01:07,6.62,--,152,100624,买盘
652,13:00:55,6.62,--,5,3310,买盘
653,13:00:43,6.62,--,92,60904,卖盘
654,13:00:37,6.62,--,98,64876,买盘
655,13:00:10,6.62,--,20,13240,买盘
656,13:00:07,6.62,0.01,51,33762,买盘
657,13:00:04,6.61,--,179,118319,卖盘
658,11:29:53,6.61,--,88,58168,买盘
659,11:29:50,6.61,0.01,47,31067,买盘
660,11:29:29,6.6,-0.01,40,26400,卖盘
661,11:29:26,6.61,--,5,3305,买盘
662,11:29:05,6.61,--,10,6610,卖盘
663,11:28:59,6.61,0.01,42,27762,买盘
664,11:28:35,6.6,-0.01,23,15180,卖盘
665,11:28:32,6.61,--,48,31728,买盘
666,11:28:20,6.61,--,13,8593,买盘
667,11:27:59,6.61,0.01,35,23135,买盘
668,11:27:53,6.6,--,59,38940,卖盘
669,11:27:44,6.6,0.01,20,13200,买盘
670,11:27:35,6.59,--,23,15157,卖盘
671,11:27:23,6.59,-0.01,498,328182,卖盘
672,11:27:17,6.6,--,302,199320,卖盘
673,11:27:05,6.6,-0.01,140,92400,卖盘
674,11:26:50,6.61,--,70,46270,买盘
675,11:26:41,6.61,--,10,6610,买盘
676,11:26:35,6.61,0.01,30,19830,买盘
677,11:26:26,6.6,--,90,59400,卖盘
678,11:26:14,6.6,--,23,15180,卖盘
679,11:26:11,6.6,-0.01,8,5280,卖盘
680,11:26:05,6.61,--,110,72710,买盘
681,11:25:44,6.61,0.01,10,6610,买盘
682,11:25:35,6.6,-0.01,7,4620,卖盘
683,11:25:20,6.61,--,10,6610,买盘
684,11:25:05,6.61,--,20,13220,买盘
685,11:25:02,6.61,0.01,15,9915,买盘
686,11:24:53,6.6,-0.01,18,11880,卖盘
687,11:24:47,6.61,0.01,2,1322,买盘
688,11:24:44,6.6,-0.01,1,660,卖盘
689,11:24:35,6.61,--,29,19169,买盘
690,11:24:29,6.61,0.01,10,6610,买盘
691,11:24:26,6.6,-0.01,36,23760,卖盘
692,11:24:20,6.61,0.01,80,52880,买盘
693,11:24:14,6.6,--,18,11880,卖盘
694,11:23:56,6.6,-0.01,3,1980,卖盘
695,11:23:50,6.61,--,78,51558,买盘
696,11:23:44,6.61,0.01,4,2644,买盘
697,11:23:38,6.6,--,217,143220,卖盘
698,11:23:26,6.6,--,56,36960,卖盘
699,11:23:23,6.6,-0.01,100,66000,卖盘
700,11:23:14,6.61,--,15,9915,买盘
701,11:23:11,6.61,0.01,3,1983,买盘
702,11:22:50,6.6,--,151,99660,买盘
703,11:22:38,6.6,0.02,50,33000,买盘
704,11:22:08,6.58,--,10,6580,卖盘
705,11:22:05,6.58,--,200,131600,卖盘
706,11:21:32,6.58,--,30,19740,卖盘
707,11:21:26,6.58,-0.01,44,28952,卖盘
708,11:21:20,6.59,0.01,200,131800,中性盘
709,11:21:05,6.58,-0.01,390,256620,卖盘
710,11:20:44,6.59,-0.01,23,15157,卖盘
711,11:19:44,6.6,--,50,33000,买盘
712,11:19:32,6.6,--,1,660,买盘
713,11:19:23,6.6,--,12,7920,买盘
714,11:18:52,6.6,--,19,12540,买盘
715,11:18:40,6.6,0.01,219,144540,买盘
716,11:18:28,6.59,-0.01,23,15157,卖盘
717,11:18:04,6.6,0.01,5,3300,买盘
718,11:18:01,6.59,--,100,65900,卖盘
719,11:17:34,6.59,-0.01,22,14498,卖盘
720,11:17:31,6.6,--,20,13200,买盘
721,11:17:25,6.6,0.01,40,26400,买盘
722,11:17:22,6.59,-0.01,18,11862,卖盘
723,11:17:07,6.6,0.02,56,36960,买盘
724,11:16:31,6.58,-0.01,73,48034,卖盘
725,11:16:28,6.59,--,146,96214,买盘
726,11:16:22,6.59,--,2,1318,买盘
727,11:16:19,6.59,0.01,3,1977,买盘
728,11:16:13,6.58,-0.01,23,15134,卖盘
729,11:16:10,6.59,--,10,6590,买盘
730,11:16:07,6.59,-0.01,39,25701,卖盘
731,11:16:04,6.6,--,122,80520,买盘
732,11:15:55,6.6,0.01,10,6600,买盘
733,11:15:49,6.59,-0.01,10,6590,卖盘
734,11:15:43,6.6,0.01,244,161040,买盘
735,11:15:28,6.59,--,5,3295,买盘
736,11:15:22,6.59,--,19,12521,买盘
737,11:15:13,6.59,--,28,18452,买盘
738,11:14:52,6.59,0.01,20,13180,买盘
739,11:14:49,6.58,-0.01,12,7896,卖盘
740,11:14:46,6.59,--,2,1318,买盘
741,11:14:43,6.59,--,20,13180,买盘
742,11:14:37,6.59,0.01,100,65900,买盘
743,11:14:07,6.58,--,10,6580,卖盘
744,11:13:40,6.58,--,101,66458,买盘
745,11:13:22,6.58,0.01,100,65800,买盘
746,11:12:37,6.57,--,73,47961,卖盘
747,11:12:34,6.57,--,10,6570,卖盘
748,11:12:07,6.57,--,6,3942,卖盘
749,11:11:25,6.57,--,23,15111,买盘
750,11:10:40,6.57,--,60,39420,买盘
751,11:10:25,6.57,--,3,1971,买盘
752,11:10:01,6.57,0.01,3,1971,卖盘
753,11:09:34,6.56,-0.01,23,15088,卖盘
754,11:08:55,6.57,--,48,31536,卖盘
755,11:08:34,6.57,--,48,31536,买盘
756,11:08:22,6.57,--,29,19053,买盘
757,11:08:16,6.57,--,3,1971,买盘
758,11:08:07,6.57,-0.01,17,11169,卖盘
759,11:07:49,6.58,0.01,10,6580,买盘
760,11:07:22,6.57,--,6,3942,买盘
761,11:07:19,6.57,--,24,15768,买盘
762,11:07:01,6.57,--,30,19710,买盘
763,11:06:55,6.57,--,15,9855,买盘
764,11:06:46,6.57,0.01,4,2628,买盘
765,11:06:43,6.56,--,82,53792,卖盘
766,11:06:16,6.56,--,23,15088,卖盘
767,11:05:43,6.56,-0.01,23,15088,卖盘
768,11:05:40,6.57,--,6,3942,买盘
769,11:05:28,6.57,0.01,20,13140,买盘
770,11:05:04,6.56,--,100,65600,卖盘
771,11:04:22,6.56,--,41,26896,买盘
772,11:04:19,6.56,--,6,3935,买盘
773,11:03:55,6.56,--,2,1312,买盘
774,11:03:37,6.56,--,51,33456,卖盘
775,11:03:31,6.56,0.01,23,15088,买盘
776,11:03:25,6.55,--,3,1965,卖盘
777,11:03:22,6.55,-0.01,40,26200,卖盘
778,11:03:19,6.56,--,3,1967,买盘
779,11:03:16,6.56,--,128,83968,买盘
780,11:03:13,6.56,0.01,15,9840,买盘
781,11:02:58,6.55,--,10,6550,卖盘
782,11:02:46,6.55,--,13,8515,买盘
783,11:02:16,6.55,--,30,19650,卖盘
784,11:02:07,6.55,--,5,3275,卖盘
785,11:01:58,6.55,--,30,19650,卖盘
786,11:01:40,6.55,-0.02,50,32750,卖盘
787,11:01:22,6.57,--,25,16425,卖盘
788,11:01:16,6.57,-0.02,10,6570,卖盘
789,11:01:13,6.59,0.02,338,222742,买盘
790,11:01:07,6.57,--,199,130743,卖盘
791,11:00:52,6.57,--,1,657,卖盘
792,11:00:37,6.57,0.03,380,249660,买盘
793,11:00:28,6.54,-0.02,132,86328,卖盘
794,11:00:22,6.56,--,18,11808,卖盘
795,11:00:16,6.56,--,22,14432,卖盘
796,11:00:10,6.56,--,50,32800,卖盘
797,11:00:04,6.56,-0.01,18,11808,卖盘
798,10:59:55,6.57,-0.01,92,60444,卖盘
799,10:59:49,6.58,--,12,7896,卖盘
800,10:59:43,6.58,--,16,10528,买盘
801,10:59:25,6.58,--,34,22372,卖盘
802,10:59:22,6.58,--,1,658,卖盘
803,10:59:16,6.58,--,50,32900,卖盘
804,10:59:07,6.58,--,4,2632,卖盘
805,10:59:04,6.58,--,11,7238,买盘
806,10:58:52,6.58,0.02,3,1974,买盘
807,10:58:33,6.56,--,25,16400,卖盘
808,10:58:09,6.56,-0.03,23,15088,卖盘
809,10:57:42,6.59,0.03,500,329500,买盘
810,10:57:27,6.56,-0.02,23,15088,卖盘
811,10:57:24,6.58,--,30,19740,买盘
812,10:57:21,6.58,--,114,75012,卖盘
813,10:57:15,6.58,--,5,3290,卖盘
814,10:57:12,6.58,--,40,26320,卖盘
815,10:57:06,6.58,--,11,7238,卖盘
816,10:57:00,6.58,--,9,5922,卖盘
817,10:56:57,6.58,--,32,21056,买盘
818,10:56:54,6.58,--,50,32900,买盘
819,10:56:51,6.58,--,48,31584,卖盘
820,10:56:36,6.58,--,24,15792,卖盘
821,10:56:33,6.58,0.02,428,281624,买盘
822,10:56:21,6.56,--,38,24928,卖盘
823,10:56:12,6.56,--,22,14432,卖盘
824,10:56:03,6.56,0.02,1396,915776,买盘
825,10:56:00,6.54,-0.02,18,11772,卖盘
826,10:55:54,6.56,0.03,14,9184,买盘
827,10:55:48,6.53,--,18,11754,卖盘
828,10:55:30,6.53,--,18,11754,卖盘
829,10:55:27,6.53,-0.01,391,255323,卖盘
830,10:55:15,6.54,--,43,28122,买盘
831,10:55:12,6.54,--,10,6540,买盘
832,10:55:06,6.54,--,16,10464,买盘
833,10:54:57,6.54,--,10,6540,买盘
834,10:54:54,6.54,--,20,13080,买盘
835,10:54:48,6.54,--,20,13080,买盘
836,10:54:45,6.54,--,50,32700,买盘
837,10:54:33,6.54,--,2,1308,买盘
838,10:54:24,6.54,--,3,1962,买盘
839,10:54:18,6.54,-0.01,187,122298,卖盘
840,10:54:09,6.55,0.01,11,7205,买盘
841,10:52:48,6.54,-0.01,18,11772,卖盘
842,10:52:42,6.55,0.01,20,13100,买盘
843,10:52:30,6.54,-0.01,18,11772,卖盘
844,10:52:27,6.55,0.01,50,32750,买盘
845,10:52:03,6.54,--,1,654,卖盘
846,10:51:15,6.54,--,23,15042,卖盘
847,10:51:03,6.54,--,4,2616,卖盘
848,10:50:48,6.54,-0.01,23,15042,卖盘
849,10:50:12,6.55,--,5,3275,卖盘
850,10:50:06,6.55,--,16,10480,卖盘
851,10:50:03,6.55,--,121,79255,卖盘
852,10:49:30,6.55,-0.01,4,2620,卖盘
853,10:49:27,6.56,--,4,2624,买盘
854,10:49:24,6.56,--,4,2624,买盘
855,10:49:06,6.56,--,2,1312,买盘
856,10:49:00,6.56,--,7,4592,买盘
857,10:48:57,6.56,--,6,3935,卖盘
858,10:48:51,6.56,-0.01,15,9840,卖盘
859,10:48:45,6.57,0.01,3,1971,买盘
860,10:48:39,6.56,--,8,5248,卖盘
861,10:48:24,6.56,--,28,18368,卖盘
862,10:48:12,6.56,-0.01,8,5248,卖盘
863,10:47:57,6.57,0.01,28,18396,买盘
864,10:46:57,6.56,--,12,7871,买盘
865,10:46:54,6.56,0.01,100,65600,买盘
866,10:46:27,6.55,-0.01,228,149340,卖盘
867,10:46:12,6.56,--,10,6560,买盘
868,10:45:42,6.56,0.01,99,64943,买盘
869,10:45:39,6.55,--,10,6550,卖盘
870,10:45:00,6.55,0.01,760,497800,买盘
871,10:44:57,6.54,--,11,7194,卖盘
872,10:44:54,6.54,--,5,3270,卖盘
873,10:44:51,6.54,--,11,7194,卖盘
874,10:44:48,6.54,--,23,15042,卖盘
875,10:44:33,6.54,-0.01,3,1962,卖盘
876,10:44:21,6.55,--,73,47815,卖盘
877,10:44:12,6.55,-0.01,27,17685,中性盘
878,10:43:54,6.56,0.02,100,65600,买盘
879,10:43:51,6.54,-0.01,10,6540,卖盘
880,10:43:48,6.55,--,10,6550,卖盘
881,10:43:45,6.55,--,15,9825,卖盘
882,10:43:30,6.55,--,19,12445,卖盘
883,10:43:27,6.55,0.02,156,102180,买盘
884,10:43:06,6.53,--,50,32650,卖盘
885,10:43:03,6.53,--,9,5877,卖盘
886,10:43:00,6.53,-0.02,1,653,卖盘
887,10:42:57,6.55,0.02,108,70740,买盘
888,10:42:33,6.53,-0.02,23,15019,卖盘
889,10:42:27,6.55,--,65,42575,卖盘
890,10:42:15,6.55,--,19,12445,卖盘
891,10:42:12,6.55,--,25,16375,卖盘
892,10:42:00,6.55,--,2,1310,卖盘
893,10:41:57,6.55,--,5,3275,卖盘
894,10:41:48,6.55,-0.01,4,2620,卖盘
895,10:41:33,6.56,0.03,310,203360,买盘
896,10:41:24,6.53,-0.03,500,326500,卖盘
897,10:41:15,6.56,--,100,65600,买盘
898,10:41:09,6.56,-0.01,53,35043,卖盘
899,10:40:51,6.57,0.01,104,68328,中性盘
900,10:40:42,6.56,-0.01,32,20992,卖盘
901,10:40:39,6.57,--,35,22995,卖盘
902,10:40:36,6.57,--,30,19710,卖盘
903,10:40:27,6.57,0.01,18,12207,买盘
904,10:40:06,6.56,--,2,1312,卖盘
905,10:39:51,6.56,0.02,30,19680,买盘
906,10:39:27,6.54,-0.03,3,1962,中性盘
907,10:39:18,6.57,0.03,355,233235,买盘
908,10:39:00,6.54,0.01,36,23544,买盘
909,10:38:48,6.53,--,101,65953,买盘
910,10:38:42,6.53,--,18,11754,买盘
911,10:38:30,6.53,--,10,6530,买盘
912,10:38:27,6.53,--,5,3265,买盘
913,10:38:24,6.53,--,59,38527,买盘
914,10:38:21,6.53,--,2,1306,买盘
915,10:38:11,6.53,0.01,5,3265,买盘
916,10:37:47,6.52,-0.01,15,9780,卖盘
917,10:37:38,6.53,0.01,15,9795,买盘
918,10:37:29,6.52,-0.01,70,45640,卖盘
919,10:37:26,6.53,--,313,204389,买盘
920,10:37:23,6.53,-0.01,5,3265,中性盘
921,10:37:08,6.54,--,94,61476,买盘
922,10:37:05,6.54,0.01,20,13080,买盘
923,10:37:02,6.53,--,285,186105,卖盘
924,10:36:59,6.53,-0.01,27,17631,卖盘
925,10:36:53,6.54,--,50,32700,买盘
926,10:36:50,6.54,--,10,6540,买盘
927,10:36:41,6.54,--,20,13080,买盘
928,10:36:38,6.54,--,140,92174,卖盘
929,10:36:32,6.54,--,2,1308,卖盘
930,10:36:29,6.54,--,1,693,卖盘
931,10:36:23,6.54,--,15,9810,卖盘
932,10:36:11,6.54,--,323,211242,卖盘
933,10:36:05,6.54,--,23,15042,卖盘
934,10:35:59,6.54,--,3,1962,卖盘
935,10:35:44,6.54,-0.01,30,19620,卖盘
936,10:35:41,6.55,--,23,15065,卖盘
937,10:35:35,6.55,-0.02,10,6550,卖盘
938,10:35:29,6.57,--,801,526257,买盘
939,10:35:14,6.57,0.01,13,8541,买盘
940,10:35:11,6.56,--,11,7216,卖盘
941,10:34:50,6.56,--,30,19680,卖盘
942,10:34:47,6.56,--,50,32800,卖盘
943,10:34:41,6.56,--,8,5248,卖盘
944,10:34:35,6.56,--,9,5904,卖盘
945,10:34:29,6.56,--,20,13120,卖盘
946,10:34:26,6.56,--,5,3280,卖盘
947,10:34:20,6.56,--,132,86769,买盘
948,10:34:17,6.56,--,20,13120,买盘
949,10:33:59,6.56,--,4,2624,买盘
950,10:33:56,6.56,0.01,50,32800,买盘
951,10:33:44,6.55,--,20,13100,卖盘
952,10:33:41,6.55,-0.01,20,13100,卖盘
953,10:33:38,6.56,--,10,6560,买盘
954,10:33:23,6.56,--,33,22126,卖盘
955,10:33:17,6.56,--,103,67568,卖盘
956,10:33:11,6.56,--,517,339152,卖盘
957,10:33:05,6.56,--,35,22960,卖盘
958,10:33:02,6.56,--,280,183791,卖盘
959,10:32:59,6.56,--,300,196800,卖盘
960,10:32:53,6.56,--,50,32800,卖盘
961,10:32:50,6.56,--,702,460512,卖盘
962,10:32:47,6.56,--,232,152192,卖盘
963,10:32:44,6.56,-0.01,26,17056,卖盘
964,10:32:38,6.57,0.01,15,9855,买盘
965,10:32:35,6.56,--,5,3280,卖盘
966,10:32:32,6.56,--,132,87116,卖盘
967,10:32:14,6.56,--,520,341120,卖盘
968,10:32:05,6.56,--,5,3280,卖盘
969,10:31:59,6.56,--,11,7216,卖盘
970,10:31:47,6.56,-0.01,151,99056,卖盘
971,10:31:44,6.57,--,21,13797,卖盘
972,10:31:41,6.57,--,7,4599,卖盘
973,10:31:38,6.57,--,20,13140,卖盘
974,10:31:29,6.57,0.01,7,4599,中性盘
975,10:31:20,6.56,-0.01,442,290148,卖盘
976,10:31:14,6.57,0.01,10,6570,买盘
977,10:31:05,6.56,-0.01,209,137104,卖盘
978,10:30:59,6.57,--,129,84950,卖盘
979,10:30:53,6.57,--,8,5256,卖盘
980,10:30:47,6.57,--,13,8541,卖盘
981,10:30:32,6.57,--,181,118917,卖盘
982,10:30:29,6.57,--,602,395514,卖盘
983,10:30:23,6.57,-0.01,8,5256,卖盘
984,10:30:17,6.58,-0.01,2,1316,卖盘
985,10:30:14,6.59,0.02,20,13180,买盘
986,10:30:08,6.57,-0.01,20,13140,卖盘
987,10:29:38,6.58,--,3,1974,卖盘
988,10:29:23,6.58,--,24,15792,买盘
989,10:29:17,6.58,0.01,7,4606,买盘
990,10:29:08,6.57,--,8,5256,卖盘
991,10:28:56,6.57,--,22,14454,卖盘
992,10:28:41,6.57,--,1,657,卖盘
993,10:28:38,6.57,--,73,47961,卖盘
994,10:28:35,6.57,--,3,1971,卖盘
995,10:28:29,6.57,0.01,221,145656,买盘
996,10:28:26,6.56,--,23,15088,卖盘
997,10:28:14,6.56,-0.01,8,5248,卖盘
998,10:28:11,6.57,--,10,6570,买盘
999,10:28:08,6.57,--,69,45333,卖盘
1000,10:28:02,6.57,--,190,124830,卖盘
1001,10:27:02,6.57,-0.02,14,9198,卖盘
1002,10:26:59,6.59,--,50,32950,买盘
1003,10:26:50,6.59,0.02,1,659,买盘
1004,10:26:23,6.57,--,14,9198,买盘
1005,10:26:17,6.57,--,1,657,买盘
1006,10:26:08,6.57,-0.02,11,7227,卖盘
1007,10:26:02,6.59,--,4,2636,卖盘
1008,10:25:59,6.59,--,3,1977,买盘
1009,10:25:53,6.59,--,1,659,买盘
1010,10:25:50,6.59,0.02,1,659,中性盘
1011,10:25:47,6.57,-0.02,242,158994,卖盘
1012,10:25:26,6.59,--,1,659,买盘
1013,10:25:20,6.59,--,10,6590,买盘
1014,10:25:17,6.59,0.01,1,659,买盘
1015,10:25:05,6.58,--,20,13160,买盘
1016,10:25:02,6.58,--,1,658,买盘
1017,10:24:59,6.58,--,29,19082,卖盘
1018,10:24:56,6.58,-0.01,22,14476,卖盘
1019,10:24:50,6.59,0.02,1,659,买盘
1020,10:24:47,6.57,-0.01,60,39420,卖盘
1021,10:24:44,6.58,--,141,92778,买盘
1022,10:24:38,6.58,0.01,1,658,买盘
1023,10:24:35,6.57,--,100,65700,卖盘
1024,10:24:29,6.57,-0.01,100,65700,卖盘
1025,10:24:26,6.58,0.01,1,658,买盘
1026,10:24:11,6.57,--,18,11826,卖盘
1027,10:23:53,6.57,--,23,15111,卖盘
1028,10:23:35,6.57,--,74,48618,卖盘
1029,10:23:29,6.57,0.01,153,100521,买盘
1030,10:23:26,6.56,-0.01,1,656,卖盘
1031,10:22:56,6.57,0.01,5,3285,卖盘
1032,10:22:53,6.56,-0.01,200,131200,卖盘
1033,10:22:47,6.57,--,43,28251,买盘
1034,10:22:41,6.57,--,12,7884,卖盘
1035,10:22:32,6.57,--,30,19710,卖盘
1036,10:22:29,6.57,--,50,32850,卖盘
1037,10:22:20,6.57,--,40,26280,卖盘
1038,10:22:14,6.57,-0.01,10,6570,卖盘
1039,10:22:11,6.58,0.01,10,6580,买盘
1040,10:21:32,6.57,--,18,11826,卖盘
1041,10:21:23,6.57,--,56,36792,买盘
1042,10:21:14,6.57,--,30,19710,买盘
1043,10:20:59,6.57,--,10,6570,买盘
1044,10:20:47,6.57,--,1,657,买盘
1045,10:20:44,6.57,--,5,3285,买盘
1046,10:20:35,6.57,0.01,10,6570,买盘
1047,10:20:29,6.56,-0.01,2,1312,卖盘
1048,10:20:20,6.57,-0.01,313,205641,卖盘
1049,10:20:11,6.58,0.01,86,56588,买盘
1050,10:20:08,6.57,-0.01,2,1314,卖盘
1051,10:19:59,6.58,0.01,10,6580,买盘
1052,10:19:35,6.57,--,23,15111,卖盘
1053,10:18:59,6.57,--,47,30879,卖盘
1054,10:18:53,6.57,--,22,14454,卖盘
1055,10:18:25,6.57,--,1,657,卖盘
1056,10:18:13,6.57,--,18,11826,卖盘
1057,10:18:07,6.57,-0.02,884,580788,卖盘
1058,10:18:04,6.59,--,2,1318,卖盘
1059,10:17:58,6.59,0.01,191,125869,买盘
1060,10:17:55,6.58,0.01,35,23030,买盘
1061,10:17:52,6.57,-0.01,1,657,卖盘
1062,10:17:49,6.58,0.01,6,3948,中性盘
1063,10:17:43,6.57,--,244,160308,卖盘
1064,10:17:40,6.57,--,53,34821,卖盘
1065,10:17:25,6.57,-0.01,23,15111,卖盘
1066,10:17:10,6.58,--,83,54614,卖盘
1067,10:16:58,6.58,--,200,131600,卖盘
1068,10:16:52,6.58,--,20,13160,卖盘
1069,10:16:49,6.58,--,36,23688,卖盘
1070,10:16:13,6.58,--,7,4606,卖盘
1071,10:15:43,6.58,--,8,5264,卖盘
1072,10:15:13,6.58,-0.01,8,5264,卖盘
1073,10:14:55,6.59,--,49,32291,卖盘
1074,10:14:40,6.59,-0.01,4,2636,卖盘
1075,10:14:22,6.6,0.01,7,4620,买盘
1076,10:14:19,6.59,0.01,6,3954,买盘
1077,10:13:55,6.58,--,6,3948,卖盘
1078,10:13:52,6.58,--,1,658,卖盘
1079,10:13:40,6.58,-0.01,44,28952,卖盘
1080,10:13:34,6.59,--,7,4613,买盘
1081,10:13:25,6.59,-0.01,20,13180,卖盘
1082,10:13:19,6.6,0.01,37,24420,买盘
1083,10:13:10,6.59,--,2,1318,卖盘
1084,10:13:07,6.59,--,30,19770,卖盘
1085,10:12:58,6.59,0.01,8,5272,中性盘
1086,10:12:46,6.58,-0.01,90,59220,卖盘
1087,10:12:43,6.59,--,2,1318,卖盘
1088,10:12:10,6.59,-0.01,36,23724,卖盘
1089,10:12:04,6.6,0.02,1,660,买盘
1090,10:12:01,6.58,--,28,18424,卖盘
1091,10:11:58,6.58,-0.02,41,26978,卖盘
1092,10:11:46,6.6,--,100,66000,买盘
1093,10:11:28,6.6,0.01,10,6600,买盘
1094,10:11:22,6.59,-0.01,4,2636,卖盘
1095,10:11:19,6.6,--,20,13200,买盘
1096,10:11:10,6.6,0.02,1,660,买盘
1097,10:11:01,6.58,-0.02,10,6580,卖盘
1098,10:10:58,6.6,0.01,36,23760,买盘
1099,10:10:46,6.59,--,1,659,买盘
1100,10:10:31,6.59,-0.01,187,123233,卖盘
1101,10:10:25,6.6,0.01,11,7260,买盘
1102,10:10:16,6.59,0.01,146,96214,买盘
1103,10:09:52,6.58,--,11,7238,卖盘
1104,10:09:19,6.58,0.01,180,118440,买盘
1105,10:08:31,6.57,-0.01,5,3285,卖盘
1106,10:08:22,6.58,--,4,2632,买盘
1107,10:08:13,6.58,--,16,10528,买盘
1108,10:08:01,6.58,--,16,10528,买盘
1109,10:07:55,6.58,--,17,11186,买盘
1110,10:07:40,6.58,--,5,3290,买盘
1111,10:07:31,6.58,--,44,28952,卖盘
1112,10:07:28,6.58,-0.01,6,3948,卖盘
1113,10:07:25,6.59,0.01,2,1318,买盘
1114,10:07:07,6.58,--,106,69748,卖盘
1115,10:06:58,6.58,--,8,5264,卖盘
1116,10:06:55,6.58,-0.01,22,14476,卖盘
1117,10:06:52,6.59,0.01,20,13180,买盘
1118,10:06:40,6.58,--,132,86856,卖盘
1119,10:06:37,6.58,--,22,14476,卖盘
1120,10:06:31,6.58,--,18,11844,卖盘
1121,10:06:10,6.58,--,18,11844,卖盘
1122,10:06:07,6.58,-0.01,15,9870,卖盘
1123,10:05:49,6.59,--,2,1318,卖盘
1124,10:05:34,6.59,--,2,1318,买盘
1125,10:05:28,6.59,--,1,659,买盘
1126,10:05:19,6.59,--,5,3295,买盘
1127,10:05:16,6.59,--,18,11862,卖盘
1128,10:05:04,6.59,-0.01,30,19770,卖盘
1129,10:04:49,6.6,0.01,16,10560,买盘
1130,10:04:43,6.59,-0.01,12,7908,卖盘
1131,10:04:28,6.6,0.01,150,99000,买盘
1132,10:04:19,6.59,--,10,6590,卖盘
1133,10:04:13,6.59,--,20,13180,卖盘
1134,10:04:10,6.59,-0.01,62,40858,卖盘
1135,10:04:01,6.6,--,1,660,买盘
1136,10:03:40,6.6,0.01,164,108240,买盘
1137,10:03:16,6.59,--,4,2636,买盘
1138,10:03:13,6.59,0.01,10,6590,买盘
1139,10:02:34,6.58,--,64,42112,买盘
1140,10:02:25,6.58,--,29,19082,买盘
1141,10:01:46,6.58,--,8,5264,买盘
1142,10:01:43,6.58,--,5,3290,买盘
1143,10:01:40,6.58,0.01,20,13160,买盘
1144,10:01:37,6.57,-0.01,4,2628,卖盘
1145,10:01:19,6.58,--,55,36190,卖盘
1146,10:01:16,6.58,--,88,57904,卖盘
1147,10:01:13,6.58,--,8,5264,卖盘
1148,10:00:58,6.58,--,133,87514,买盘
1149,10:00:55,6.58,--,70,46060,买盘
1150,10:00:52,6.58,0.01,2,1316,买盘
1151,10:00:49,6.57,-0.01,73,47961,卖盘
1152,10:00:25,6.58,--,5,3290,买盘
1153,10:00:22,6.58,--,56,36848,卖盘
1154,10:00:16,6.58,--,36,23688,卖盘
1155,10:00:07,6.58,--,18,11844,卖盘
1156,10:00:04,6.58,--,157,103306,卖盘
1157,09:59:58,6.58,--,18,11844,卖盘
1158,09:59:46,6.58,--,26,17108,卖盘
1159,09:59:22,6.58,-0.02,23,15134,卖盘
1160,09:58:58,6.6,0.02,245,161700,买盘
1161,09:58:46,6.58,--,2,1316,卖盘
1162,09:58:43,6.58,--,18,11844,卖盘
1163,09:58:28,6.58,-0.01,44,28952,卖盘
1164,09:58:22,6.59,-0.01,11,7249,卖盘
1165,09:58:16,6.6,0.02,10,6600,买盘
1166,09:57:42,6.58,-0.01,202,132916,卖盘
1167,09:57:33,6.59,--,10,6590,卖盘
1168,09:57:15,6.59,--,18,11862,卖盘
1169,09:57:09,6.59,--,10,6590,卖盘
1170,09:57:00,6.59,-0.01,45,29655,卖盘
1171,09:56:48,6.6,0.01,3,1980,买盘
1172,09:56:36,6.59,--,19,12652,卖盘
1173,09:56:24,6.59,--,23,15157,卖盘
1174,09:56:21,6.59,--,4,2636,卖盘
1175,09:56:12,6.59,--,18,11862,卖盘
1176,09:56:00,6.59,--,18,11862,卖盘
1177,09:55:57,6.59,--,4,2636,买盘
1178,09:55:27,6.59,0.01,10,6590,买盘
1179,09:55:24,6.58,-0.01,18,11844,卖盘
1180,09:55:12,6.59,--,5,3295,买盘
1181,09:55:03,6.59,--,2,1318,买盘
1182,09:54:57,6.59,0.01,10,6590,买盘
1183,09:54:27,6.58,--,32,21056,卖盘
1184,09:54:15,6.58,--,33,21714,卖盘
1185,09:54:03,6.58,--,1,658,卖盘
1186,09:53:57,6.58,--,10,6580,卖盘
1187,09:53:39,6.58,--,80,52640,卖盘
1188,09:53:24,6.58,-0.02,30,19740,卖盘
1189,09:53:09,6.6,--,108,71412,卖盘
1190,09:53:00,6.6,--,10,6600,卖盘
1191,09:52:57,6.6,--,54,35640,卖盘
1192,09:52:54,6.6,-0.01,4,2640,卖盘
1193,09:52:51,6.61,0.01,200,132200,买盘
1194,09:52:48,6.6,--,24,15840,卖盘
1195,09:52:39,6.6,--,23,15180,卖盘
1196,09:52:30,6.6,--,20,13200,卖盘
1197,09:52:24,6.6,--,43,28380,卖盘
1198,09:52:18,6.6,0.02,387,255948,买盘
1199,09:52:12,6.58,--,20,13160,买盘
1200,09:51:54,6.58,--,62,40796,买盘
1201,09:51:48,6.58,-0.01,6,4079,卖盘
1202,09:51:45,6.59,0.01,4,2636,买盘
1203,09:51:39,6.58,-0.02,245,161210,卖盘
1204,09:51:27,6.6,0.01,274,180840,买盘
1205,09:51:24,6.59,0.01,46,30314,买盘
1206,09:51:12,6.58,--,22,14476,卖盘
1207,09:51:09,6.58,--,44,28952,卖盘
1208,09:51:06,6.58,--,10,6580,卖盘
1209,09:51:03,6.58,-0.01,8,5264,卖盘
1210,09:50:51,6.59,--,89,58651,卖盘
1211,09:50:42,6.59,-0.01,121,79739,卖盘
1212,09:50:39,6.6,0.01,10,6600,买盘
1213,09:50:36,6.59,-0.01,100,65900,卖盘
1214,09:50:27,6.6,--,32,21120,买盘
1215,09:50:18,6.6,--,5,3300,买盘
1216,09:50:12,6.6,--,16,10560,买盘
1217,09:50:09,6.6,0.01,7,4620,买盘
1218,09:49:54,6.59,--,16,10544,卖盘
1219,09:49:45,6.59,-0.01,40,26360,卖盘
1220,09:49:21,6.6,--,146,96360,卖盘
1221,09:49:15,6.6,-0.01,17,11220,卖盘
1222,09:49:09,6.61,0.01,10,6610,中性盘
1223,09:48:36,6.6,-0.02,20,13200,卖盘
1224,09:48:33,6.62,0.01,14,9268,买盘
1225,09:48:30,6.61,0.01,10,6610,买盘
1226,09:48:18,6.6,-0.01,5,3300,卖盘
1227,09:48:15,6.61,--,14,9254,买盘
1228,09:48:12,6.61,0.01,12,7932,买盘
1229,09:48:00,6.6,--,3,1980,卖盘
1230,09:47:54,6.6,-0.02,75,49500,卖盘
1231,09:47:45,6.62,0.01,30,19860,买盘
1232,09:47:30,6.61,--,30,19830,卖盘
1233,09:47:24,6.61,0.01,66,43626,买盘
1234,09:47:21,6.6,--,16,10560,卖盘
1235,09:47:18,6.6,--,80,52800,卖盘
1236,09:47:03,6.6,--,8,5280,卖盘
1237,09:47:00,6.6,-0.01,60,39600,卖盘
1238,09:46:57,6.61,--,100,66100,买盘
1239,09:46:54,6.61,--,100,66100,买盘
1240,09:46:48,6.61,--,11,7271,买盘
1241,09:46:24,6.61,--,1,661,买盘
1242,09:46:03,6.61,--,19,12559,卖盘
1243,09:45:54,6.61,-0.01,149,98489,卖盘
1244,09:45:36,6.62,0.01,3,1986,买盘
1245,09:45:18,6.61,--,5,3305,卖盘
1246,09:45:12,6.61,--,40,26440,卖盘
1247,09:44:57,6.61,-0.01,28,18508,卖盘
1248,09:44:48,6.62,--,1,662,卖盘
1249,09:44:45,6.62,0.01,5,3310,卖盘
1250,09:44:36,6.61,-0.01,8,5288,卖盘
1251,09:44:18,6.62,0.01,18,11916,买盘
1252,09:44:15,6.61,--,22,14542,卖盘
1253,09:44:12,6.61,-0.02,22,14542,卖盘
1254,09:43:39,6.63,0.02,10,6630,买盘
1255,09:43:30,6.61,-0.01,8,5288,卖盘
1256,09:43:27,6.62,0.01,93,61566,买盘
1257,09:43:21,6.61,--,12,7932,买盘
1258,09:43:18,6.61,0.01,1,661,买盘
1259,09:43:06,6.6,--,15,9900,卖盘
1260,09:43:00,6.6,--,27,17820,卖盘
1261,09:42:48,6.6,--,60,39600,买盘
1262,09:42:39,6.6,--,6,3960,买盘
1263,09:42:36,6.6,--,281,185460,卖盘
1264,09:42:15,6.6,-0.02,23,15180,卖盘
1265,09:41:36,6.62,0.02,49,32438,买盘
1266,09:41:09,6.6,--,7,4620,买盘
1267,09:41:03,6.6,--,10,6600,买盘
1268,09:40:54,6.6,--,11,7260,买盘
1269,09:40:42,6.6,--,11,7260,买盘
1270,09:40:36,6.6,0.02,53,34980,买盘
1271,09:40:18,6.58,-0.01,64,42112,卖盘
1272,09:40:12,6.59,--,35,23065,买盘
1273,09:40:09,6.59,--,10,6590,买盘
1274,09:40:00,6.59,--,5,3295,买盘
1275,09:39:57,6.59,--,10,6590,买盘
1276,09:39:48,6.59,0.01,18,11862,买盘
1277,09:39:45,6.58,-0.01,1,658,卖盘
1278,09:39:36,6.59,--,1,659,买盘
1279,09:39:33,6.59,0.01,100,65900,买盘
1280,09:39:27,6.58,--,13,8554,卖盘
1281,09:39:21,6.58,--,18,11844,卖盘
1282,09:39:15,6.58,--,0,526,卖盘
1283,09:39:06,6.58,--,6,3948,卖盘
1284,09:39:00,6.58,--,10,6580,卖盘
1285,09:38:57,6.58,--,23,15134,卖盘
1286,09:38:51,6.58,--,122,80276,卖盘
1287,09:38:33,6.58,--,43,28294,买盘
1288,09:38:27,6.58,--,27,17766,买盘
1289,09:38:24,6.58,--,2,1316,买盘
1290,09:38:18,6.58,--,97,63826,卖盘
1291,09:38:12,6.58,-0.01,15,9870,卖盘
1292,09:38:06,6.59,--,1,659,买盘
1293,09:38:00,6.59,-0.01,136,89624,卖盘
1294,09:37:54,6.6,--,1,660,买盘
1295,09:37:51,6.6,0.01,11,7260,买盘
1296,09:37:39,6.59,-0.01,1,659,卖盘
1297,09:37:30,6.6,--,50,33000,买盘
1298,09:37:27,6.6,--,15,9900,买盘
1299,09:37:24,6.6,-0.02,80,52800,卖盘
1300,09:37:08,6.62,0.01,158,104596,买盘
1301,09:36:56,6.61,-0.01,376,248536,卖盘
1302,09:36:53,6.62,0.01,7,4634,买盘
1303,09:36:50,6.61,-0.01,22,14542,卖盘
1304,09:36:44,6.62,--,34,22508,卖盘
1305,09:36:41,6.62,--,10,6620,卖盘
1306,09:36:38,6.62,-0.01,59,39058,卖盘
1307,09:36:32,6.63,--,49,32487,买盘
1308,09:36:29,6.63,0.01,3,1989,买盘
1309,09:36:23,6.62,-0.01,107,70834,卖盘
1310,09:36:20,6.63,0.01,2,1326,买盘
1311,09:36:14,6.62,-0.01,22,14564,卖盘
1312,09:36:11,6.63,--,3,1989,买盘
1313,09:36:08,6.63,--,31,20553,买盘
1314,09:36:05,6.63,--,5,3315,买盘
1315,09:36:02,6.63,--,4,2652,买盘
1316,09:35:59,6.63,--,3,1989,买盘
1317,09:35:47,6.63,--,2,1326,买盘
1318,09:35:44,6.63,-0.01,69,45747,卖盘
1319,09:35:35,6.64,0.01,2,1328,买盘
1320,09:35:32,6.63,-0.01,16,10608,中性盘
1321,09:35:26,6.64,--,50,33200,买盘
1322,09:35:23,6.64,--,2,1328,买盘
1323,09:35:14,6.64,0.01,40,26560,买盘
1324,09:35:08,6.63,-0.01,177,117351,卖盘
1325,09:34:59,6.64,--,12,7968,买盘
1326,09:34:38,6.64,0.01,75,49800,买盘
1327,09:34:35,6.63,-0.01,40,26520,卖盘
1328,09:34:32,6.64,0.01,1,664,买盘
1329,09:34:23,6.63,--,27,17901,买盘
1330,09:34:20,6.63,--,22,14586,买盘
1331,09:34:11,6.63,--,14,9282,买盘
1332,09:34:05,6.63,--,167,110721,买盘
1333,09:33:56,6.63,--,74,49062,买盘
1334,09:33:53,6.63,--,174,115362,买盘
1335,09:33:50,6.63,--,27,17901,卖盘
1336,09:33:47,6.63,--,290,192270,卖盘
1337,09:33:38,6.63,--,65,43095,卖盘
1338,09:33:35,6.63,--,10,6630,卖盘
1339,09:33:32,6.63,-0.01,13,8619,卖盘
1340,09:33:29,6.64,0.01,1,664,买盘
1341,09:33:26,6.63,--,5,3315,卖盘
1342,09:33:20,6.63,--,98,64974,买盘
1343,09:33:14,6.63,--,1,663,买盘
1344,09:33:02,6.63,--,1,663,买盘
1345,09:32:47,6.63,0.01,150,99450,买盘
1346,09:32:38,6.62,--,272,180064,卖盘
1347,09:32:29,6.62,-0.01,9,5958,卖盘
1348,09:32:20,6.63,-0.01,220,145860,卖盘
1349,09:32:05,6.64,0.01,2,1328,买盘
1350,09:32:02,6.63,--,21,13923,卖盘
1351,09:31:59,6.63,-0.01,370,245310,卖盘
1352,09:31:53,6.64,--,29,19256,卖盘
1353,09:31:47,6.64,-0.01,6,3984,卖盘
1354,09:31:41,6.65,--,15,9975,买盘
1355,09:31:38,6.65,--,20,13300,买盘
1356,09:31:35,6.65,0.01,10,6650,买盘
1357,09:31:32,6.64,-0.01,100,66400,卖盘
1358,09:31:29,6.65,--,20,13300,买盘
1359,09:31:26,6.65,--,16,10640,买盘
1360,09:31:14,6.65,--,107,71155,买盘
1361,09:31:08,6.65,--,1,665,买盘
1362,09:31:05,6.65,--,26,17290,买盘
1363,09:31:02,6.65,0.02,10,6650,买盘
1364,09:30:53,6.63,--,3,1989,卖盘
1365,09:30:50,6.63,--,1,663,卖盘
1366,09:30:47,6.63,-0.02,43,28509,卖盘
1367,09:30:44,6.65,--,12,7980,买盘
1368,09:30:35,6.65,--,93,62117,卖盘
1369,09:30:32,6.65,-0.01,28,18620,卖盘
1370,09:30:29,6.66,0.01,26,17316,买盘
1371,09:30:26,6.65,-0.01,50,33250,卖盘
1372,09:30:23,6.66,-0.01,23,15318,卖盘
1373,09:30:17,6.67,--,2,1334,买盘
1374,09:30:14,6.67,0.01,66,44022,买盘
1375,09:30:11,6.66,--,100,66600,卖盘
1376,09:30:08,6.66,-0.01,64,42624,卖盘
1377,09:30:05,6.67,--,295,196765,买盘
1378,09:30:02,6.67,0.02,173,115391,买盘
1379,09:25:20,6.65,--,0,0,卖盘
1380,09:25:02,6.65,6.65,780,519092,买盘
