,time,price,change,volume,amount,type
0,15:00:18,25.27,--,2462,6221474,卖盘
1,14:57:21,25.27,--,0,0,买盘
2,14:57:00,25.27,-0.01,13,32851,卖盘
3,14:56:57,25.28,0.01,10,25280,买盘
4,14:56:54,25.27,--,69,174363,卖盘
5,14:56:51,25.27,0.02,54,136458,买盘
6,14:56:48,25.25,-0.01,84,212100,卖盘
7,14:56:45,25.26,-0.01,117,295542,中性盘
8,14:56:42,25.27,--,235,593845,买盘
9,14:56:39,25.27,0.01,47,118769,买盘
10,14:56:36,25.26,--,33,83358,卖盘
11,14:56:33,25.26,-0.01,66,166716,卖盘
12,14:56:30,25.27,-0.01,41,103607,卖盘
13,14:56:27,25.28,--,198,500544,买盘
14,14:56:24,25.28,0.01,23,58144,买盘
15,14:56:21,25.27,0.01,53,133931,买盘
16,14:56:18,25.26,-0.01,21,53046,卖盘
17,14:56:15,25.27,0.01,32,80864,中性盘
18,14:56:12,25.26,-0.02,334,843684,卖盘
19,14:56:09,25.28,0.01,19,48032,买盘
20,14:56:06,25.27,-0.01,35,88445,卖盘
21,14:56:03,25.28,--,68,171904,卖盘
22,14:56:00,25.28,--,170,429760,卖盘
23,14:55:54,25.28,-0.01,38,96064,卖盘
24,14:55:51,25.29,0.01,39,98631,买盘
25,14:55:48,25.28,--,32,80896,买盘
26,14:55:45,25.28,--,113,285689,卖盘
27,14:55:39,25.28,-0.01,357,902496,卖盘
28,14:55:36,25.29,0.01,83,209907,中性盘
29,14:55:33,25.28,-0.01,161,407008,卖盘
30,14:55:30,25.29,0.01,202,510858,买盘
31,14:55:27,25.28,--,282,712896,卖盘
32,14:55:24,25.28,--,270,682560,卖盘
33,14:55:21,25.28,--,820,2072960,卖盘
34,14:55:18,25.28,-0.01,77,194656,卖盘
35,14:55:15,25.29,--,53,134037,买盘
36,14:55:12,25.29,0.01,30,75870,买盘
37,14:55:09,25.28,--,166,419648,卖盘
38,14:55:06,25.28,-0.01,636,1610310,卖盘
39,14:55:03,25.29,--,111,280719,买盘
40,14:55:00,25.29,0.01,142,359118,买盘
41,14:54:57,25.28,--,100,252800,卖盘
42,14:54:54,25.28,-0.01,17,42976,卖盘
43,14:54:51,25.29,--,110,278190,买盘
44,14:54:45,25.29,--,17,42993,买盘
45,14:54:42,25.29,--,29,73341,买盘
46,14:54:39,25.29,--,132,333828,卖盘
47,14:54:36,25.29,-0.01,38,96102,卖盘
48,14:54:33,25.3,--,238,602140,买盘
49,14:54:30,25.3,--,29,73370,买盘
50,14:54:27,25.3,--,82,207460,买盘
51,14:54:21,25.3,--,337,852610,买盘
52,14:54:18,25.3,--,197,500889,卖盘
53,14:54:15,25.3,--,35,88550,卖盘
54,14:54:12,25.3,--,189,478170,卖盘
55,14:54:09,25.3,--,180,455400,卖盘
56,14:54:06,25.3,-0.01,209,528770,卖盘
57,14:54:03,25.31,0.01,103,260693,买盘
58,14:53:57,25.3,--,38,96140,卖盘
59,14:53:54,25.3,--,85,215050,卖盘
60,14:53:48,25.3,-0.01,80,202400,卖盘
61,14:53:45,25.31,0.01,49,124019,买盘
62,14:53:42,25.3,-0.01,114,288420,卖盘
63,14:53:36,25.31,--,81,205011,买盘
64,14:53:33,25.31,--,100,253100,买盘
65,14:53:30,25.31,0.01,343,868133,买盘
66,14:53:27,25.3,-0.01,109,275770,卖盘
67,14:53:24,25.31,--,23,58213,买盘
68,14:53:21,25.31,--,139,351809,买盘
69,14:53:18,25.31,0.01,139,351809,买盘
70,14:53:15,25.3,--,250,632500,卖盘
71,14:53:09,25.3,-0.01,71,179630,卖盘
72,14:53:06,25.31,--,38,97367,卖盘
73,14:53:03,25.31,-0.01,19,48089,卖盘
74,14:53:00,25.32,--,18,45576,买盘
75,14:52:57,25.32,0.01,52,131664,买盘
76,14:52:54,25.31,-0.01,227,574537,卖盘
77,14:52:51,25.32,--,43,108876,卖盘
78,14:52:45,25.32,-0.01,61,154452,卖盘
79,14:52:42,25.33,-0.02,50,126649,卖盘
80,14:52:39,25.35,--,16,40560,买盘
81,14:52:36,25.35,--,1,2535,买盘
82,14:52:33,25.35,--,16,40560,买盘
83,14:52:27,25.35,--,580,1470300,卖盘
84,14:52:24,25.35,-0.01,5,12675,卖盘
85,14:52:21,25.36,--,2,5072,买盘
86,14:52:18,25.36,--,74,187664,卖盘
87,14:52:15,25.36,-0.01,73,185128,卖盘
88,14:52:12,25.37,--,97,246089,买盘
89,14:52:09,25.37,--,14,35518,买盘
90,14:52:03,25.37,--,2,5074,买盘
91,14:52:00,25.37,--,21,53277,买盘
92,14:51:57,25.37,-0.01,171,433827,卖盘
93,14:51:54,25.38,0.01,321,814698,买盘
94,14:51:51,25.37,-0.01,83,210571,卖盘
95,14:51:48,25.38,--,85,215730,买盘
96,14:51:45,25.38,0.01,65,164970,买盘
97,14:51:42,25.37,--,224,568288,卖盘
98,14:51:39,25.37,--,98,248626,卖盘
99,14:51:36,25.37,--,159,403383,卖盘
100,14:51:33,25.37,--,17,43129,卖盘
101,14:51:30,25.37,--,58,147146,卖盘
102,14:51:27,25.37,-0.01,138,350106,卖盘
103,14:51:21,25.38,0.01,146,370548,买盘
104,14:51:18,25.37,--,12,30444,卖盘
105,14:51:15,25.37,--,130,329810,卖盘
106,14:51:09,25.37,-0.01,31,78647,卖盘
107,14:51:06,25.38,0.01,27,68526,买盘
108,14:51:03,25.37,--,7,17759,卖盘
109,14:51:00,25.37,--,14,35518,卖盘
110,14:50:57,25.37,--,39,98943,卖盘
111,14:50:54,25.37,--,76,192812,卖盘
112,14:50:51,25.37,-0.01,49,124313,卖盘
113,14:50:48,25.38,0.01,1,2538,买盘
114,14:50:45,25.37,-0.01,3,7611,卖盘
115,14:50:42,25.38,0.01,15,38070,买盘
116,14:50:39,25.37,-0.01,73,185201,卖盘
117,14:50:36,25.38,--,15,38070,买盘
118,14:50:33,25.38,0.01,54,137052,买盘
119,14:50:30,25.37,--,11,27907,卖盘
120,14:50:27,25.37,--,35,88795,卖盘
121,14:50:24,25.37,--,24,60888,卖盘
122,14:50:21,25.37,-0.01,141,357717,卖盘
123,14:50:18,25.38,0.01,22,55836,买盘
124,14:50:12,25.37,--,27,68499,卖盘
125,14:50:09,25.37,-0.01,19,48203,卖盘
126,14:50:06,25.38,0.01,3,7614,买盘
127,14:50:03,25.37,--,22,55814,卖盘
128,14:50:00,25.37,-0.01,1,2537,卖盘
129,14:49:57,25.38,0.01,19,48222,买盘
130,14:49:54,25.37,-0.01,29,73573,卖盘
131,14:49:51,25.38,0.01,133,337554,买盘
132,14:49:48,25.37,-0.01,36,91332,卖盘
133,14:49:42,25.38,--,21,53298,中性盘
134,14:49:39,25.38,--,52,131976,买盘
135,14:49:36,25.38,0.01,9,22842,买盘
136,14:49:33,25.37,--,50,126850,卖盘
137,14:49:30,25.37,-0.01,61,154757,卖盘
138,14:49:27,25.38,--,12,30456,买盘
139,14:49:24,25.38,0.01,7,17766,买盘
140,14:49:21,25.37,-0.01,263,667231,卖盘
141,14:49:18,25.38,0.01,40,101520,买盘
142,14:49:15,25.37,-0.01,10,25370,卖盘
143,14:49:12,25.38,0.01,28,71064,买盘
144,14:49:09,25.37,-0.01,39,98943,卖盘
145,14:49:00,25.38,--,65,164970,买盘
146,14:48:57,25.38,--,2,5076,买盘
147,14:48:54,25.38,0.01,136,345168,买盘
148,14:48:51,25.37,--,31,78647,卖盘
149,14:48:48,25.37,--,118,299366,卖盘
150,14:48:45,25.37,--,93,235941,卖盘
151,14:48:42,25.37,-0.01,2,5074,卖盘
152,14:48:39,25.38,--,2,5076,买盘
153,14:48:36,25.38,--,2,5076,买盘
154,14:48:33,25.38,--,27,68526,买盘
155,14:48:30,25.38,--,22,55836,买盘
156,14:48:27,25.38,--,20,50760,买盘
157,14:48:24,25.38,--,10,25380,买盘
158,14:48:21,25.38,-0.01,657,1667466,卖盘
159,14:48:18,25.39,-0.01,1,2539,卖盘
160,14:48:15,25.4,--,12,30480,买盘
161,14:48:12,25.4,--,25,63500,买盘
162,14:47:54,25.4,-0.02,2,5080,卖盘
163,14:47:51,25.42,--,10,25420,买盘
164,14:47:48,25.42,--,58,148757,卖盘
165,14:47:45,25.42,-0.01,24,61008,卖盘
166,14:47:42,25.43,--,5,12715,买盘
167,14:47:39,25.43,0.01,18,45774,买盘
168,14:47:36,25.42,--,32,81344,卖盘
169,14:47:33,25.42,--,32,81344,卖盘
170,14:47:30,25.42,--,10,25420,卖盘
171,14:47:27,25.42,--,22,55924,卖盘
172,14:47:24,25.42,--,13,33046,卖盘
173,14:47:21,25.42,0.04,428,1089196,买盘
174,14:47:15,25.38,-0.01,142,360396,卖盘
175,14:47:12,25.39,--,44,111716,卖盘
176,14:47:09,25.39,0.01,55,139645,买盘
177,14:47:03,25.38,--,19,48222,卖盘
178,14:47:00,25.38,--,5,12690,卖盘
179,14:46:57,25.38,--,82,208116,卖盘
180,14:46:54,25.38,--,5,12690,卖盘
181,14:46:48,25.38,--,24,60912,卖盘
182,14:46:45,25.38,--,43,109134,卖盘
183,14:46:42,25.38,--,7,17766,卖盘
184,14:46:39,25.38,-0.01,41,104058,卖盘
185,14:46:33,25.39,0.01,3,7617,买盘
186,14:46:30,25.38,-0.01,22,55836,卖盘
187,14:46:27,25.39,--,9,22851,卖盘
188,14:46:24,25.39,--,8,20312,卖盘
189,14:46:21,25.39,--,14,35546,卖盘
190,14:46:18,25.39,--,15,38085,卖盘
191,14:46:15,25.39,--,34,86326,买盘
192,14:46:12,25.39,0.01,6,15234,买盘
193,14:46:09,25.38,-0.01,33,83754,卖盘
194,14:46:06,25.39,--,10,25390,卖盘
195,14:46:03,25.39,0.01,30,76170,卖盘
196,14:46:00,25.38,--,6,15228,卖盘
197,14:45:57,25.38,--,23,58374,卖盘
198,14:45:54,25.38,--,46,116748,卖盘
199,14:45:51,25.38,-0.01,46,116748,卖盘
200,14:45:48,25.39,0.01,5,12695,买盘
201,14:45:45,25.38,--,9,22842,卖盘
202,14:45:39,25.38,--,140,355320,卖盘
203,14:45:33,25.38,-0.01,13,32994,卖盘
204,14:45:27,25.39,0.01,15,38085,买盘
205,14:45:24,25.38,--,139,352782,卖盘
206,14:45:21,25.38,-0.01,56,142128,卖盘
207,14:45:18,25.39,0.01,21,53319,买盘
208,14:45:15,25.38,--,32,81216,卖盘
209,14:45:12,25.38,-0.01,134,340092,卖盘
210,14:45:06,25.39,--,20,50780,买盘
211,14:45:03,25.39,--,14,35546,买盘
212,14:45:00,25.39,0.01,21,53319,买盘
213,14:44:57,25.38,--,7,17766,卖盘
214,14:44:54,25.38,--,103,261414,卖盘
215,14:44:51,25.38,-0.01,20,50760,卖盘
216,14:44:48,25.39,0.01,26,66014,买盘
217,14:44:45,25.38,--,4,10152,卖盘
218,14:44:39,25.38,-0.01,13,32994,卖盘
219,14:44:36,25.39,0.01,3,7617,买盘
220,14:44:30,25.38,-0.02,43,109134,卖盘
221,14:44:24,25.4,0.01,5,12700,买盘
222,14:44:21,25.39,-0.01,1,2539,卖盘
223,14:44:18,25.4,--,17,43180,买盘
224,14:44:12,25.4,--,14,35560,买盘
225,14:44:09,25.4,0.01,23,58420,买盘
226,14:44:06,25.39,-0.01,12,30468,卖盘
227,14:44:03,25.4,0.01,3,7620,买盘
228,14:43:57,25.39,-0.01,34,86326,卖盘
229,14:43:54,25.4,0.01,28,71120,买盘
230,14:43:51,25.39,-0.01,32,81248,卖盘
231,14:43:48,25.4,--,4,10160,买盘
232,14:43:45,25.4,--,10,25400,买盘
233,14:43:42,25.4,0.01,3,7620,买盘
234,14:43:39,25.39,--,30,76170,卖盘
235,14:43:33,25.39,--,2,5078,卖盘
236,14:43:30,25.39,0.01,18,45702,买盘
237,14:43:27,25.38,--,1,2538,卖盘
238,14:43:18,25.38,0.03,1,2538,买盘
239,14:43:15,25.35,-0.01,174,441090,卖盘
240,14:43:09,25.36,--,25,63400,买盘
241,14:43:06,25.36,0.01,61,154696,买盘
242,14:43:03,25.35,-0.01,2,5070,卖盘
243,14:42:54,25.36,0.01,1,2536,买盘
244,14:42:51,25.35,--,21,53235,卖盘
245,14:42:48,25.35,--,45,114075,买盘
246,14:42:45,25.35,--,59,149565,买盘
247,14:42:42,25.35,--,20,50700,买盘
248,14:42:39,25.35,0.01,28,70980,买盘
249,14:42:36,25.34,-0.01,49,124166,卖盘
250,14:42:30,25.35,0.02,71,179985,买盘
251,14:42:27,25.33,--,18,45594,卖盘
252,14:42:24,25.33,-0.02,49,124116,卖盘
253,14:42:21,25.35,--,4,10140,买盘
254,14:42:18,25.35,--,10,25350,买盘
255,14:42:12,25.35,0.01,10,25350,买盘
256,14:42:09,25.34,--,18,45612,买盘
257,14:42:06,25.34,-0.01,15,38010,卖盘
258,14:42:03,25.35,--,2,5070,买盘
259,14:42:00,25.35,--,7,17745,买盘
260,14:41:57,25.35,0.02,24,60840,买盘
261,14:41:54,25.33,0.01,45,113984,买盘
262,14:41:51,25.32,-0.03,67,169644,卖盘
263,14:41:48,25.35,0.02,195,494325,买盘
264,14:41:45,25.33,-0.02,15,37995,卖盘
265,14:41:39,25.35,0.02,27,68445,买盘
266,14:41:36,25.33,0.01,17,43061,买盘
267,14:41:33,25.32,-0.01,20,50640,卖盘
268,14:41:30,25.33,--,5,12665,卖盘
269,14:41:27,25.33,--,3,7598,卖盘
270,14:41:24,25.33,--,37,93721,买盘
271,14:41:21,25.33,0.01,16,40528,买盘
272,14:41:18,25.32,-0.01,158,400056,卖盘
273,14:41:12,25.33,--,8,20264,买盘
274,14:41:09,25.33,0.01,35,88655,买盘
275,14:41:03,25.32,--,38,96216,卖盘
276,14:40:57,25.32,-0.01,41,103812,卖盘
277,14:40:54,25.33,0.01,10,25330,卖盘
278,14:40:51,25.32,--,5,12660,卖盘
279,14:40:48,25.32,--,152,384864,买盘
280,14:40:45,25.32,--,155,392460,卖盘
281,14:40:42,25.32,-0.02,11,27852,卖盘
282,14:40:38,25.34,0.02,15,38010,买盘
283,14:40:35,25.32,--,19,48108,卖盘
284,14:40:32,25.32,--,5,12660,卖盘
285,14:40:29,25.32,-0.01,30,75960,卖盘
286,14:40:26,25.33,--,60,151980,卖盘
287,14:40:23,25.33,0.01,15,37995,买盘
288,14:40:20,25.32,--,118,300295,买盘
289,14:40:17,25.32,-0.01,101,256744,卖盘
290,14:40:14,25.33,--,21,53193,买盘
291,14:40:11,25.33,--,7,17731,买盘
292,14:40:08,25.33,--,74,187442,卖盘
293,14:40:05,25.33,-0.01,40,101320,卖盘
294,14:39:59,25.34,0.01,29,73486,中性盘
295,14:39:50,25.33,-0.01,44,111451,卖盘
296,14:39:47,25.34,0.02,38,97812,买盘
297,14:39:41,25.32,--,30,75960,卖盘
298,14:39:38,25.32,--,19,48108,卖盘
299,14:39:29,25.32,-0.02,30,75960,中性盘
300,14:39:23,25.34,0.03,18,45612,买盘
301,14:39:20,25.31,--,77,194887,卖盘
302,14:39:17,25.31,-0.02,19,48089,卖盘
303,14:39:14,25.33,0.01,45,116340,买盘
304,14:39:11,25.32,0.01,19,48108,卖盘
305,14:39:08,25.31,--,4,10124,买盘
306,14:39:05,25.31,--,30,75930,卖盘
307,14:39:02,25.31,-0.01,61,154391,卖盘
308,14:38:59,25.32,-0.01,10,25320,卖盘
309,14:38:56,25.33,0.01,110,278630,买盘
310,14:38:53,25.32,0.01,20,50640,买盘
311,14:38:47,25.31,-0.01,7,19994,卖盘
312,14:38:44,25.32,-0.01,191,483612,卖盘
313,14:38:41,25.33,0.02,10,25330,买盘
314,14:38:38,25.31,-0.01,24,60744,卖盘
315,14:38:35,25.32,--,13,32916,卖盘
316,14:38:32,25.32,--,4,10128,卖盘
317,14:38:29,25.32,0.01,34,86088,中性盘
318,14:38:26,25.31,--,85,215135,卖盘
319,14:38:23,25.31,-0.01,98,248038,卖盘
320,14:38:20,25.32,0.01,27,68364,买盘
321,14:38:14,25.31,--,35,88585,卖盘
322,14:38:11,25.31,-0.01,119,301189,卖盘
323,14:38:08,25.32,0.01,2,5064,买盘
324,14:38:05,25.31,-0.01,30,75930,卖盘
325,14:38:02,25.32,--,22,55704,买盘
326,14:37:59,25.32,--,33,83556,卖盘
327,14:37:56,25.32,0.01,148,374736,卖盘
328,14:37:53,25.31,-0.01,71,179701,卖盘
329,14:37:50,25.32,-0.01,3,7596,卖盘
330,14:37:47,25.33,--,93,235568,买盘
331,14:37:44,25.33,0.02,5,12665,买盘
332,14:37:38,25.31,--,53,134143,卖盘
333,14:37:35,25.31,-0.01,45,113895,卖盘
334,14:37:32,25.32,--,17,43044,买盘
335,14:37:29,25.32,-0.01,6,15192,中性盘
336,14:37:23,25.33,--,502,1271566,买盘
337,14:37:20,25.33,--,26,65858,买盘
338,14:37:17,25.33,--,45,113984,买盘
339,14:37:14,25.33,-0.01,74,187442,卖盘
340,14:37:11,25.34,--,54,136836,买盘
341,14:37:08,25.34,--,3,7602,买盘
342,14:37:05,25.34,--,14,35476,买盘
343,14:37:02,25.34,--,4,10136,买盘
344,14:36:59,25.34,-0.01,109,276206,卖盘
345,14:36:56,25.35,-0.01,42,106470,卖盘
346,14:36:53,25.36,0.01,33,83688,买盘
347,14:36:47,25.35,-0.01,9,22815,卖盘
348,14:36:44,25.36,--,11,27896,买盘
349,14:36:41,25.36,-0.02,78,197808,卖盘
350,14:36:38,25.38,-0.01,28,71064,中性盘
351,14:36:26,25.39,0.01,48,121872,买盘
352,14:36:23,25.38,--,1,2538,卖盘
353,14:36:20,25.38,--,4,10152,买盘
354,14:36:17,25.38,-0.01,37,93906,中性盘
355,14:36:14,25.39,0.03,10,25390,买盘
356,14:36:11,25.36,-0.03,24,60864,卖盘
357,14:36:08,25.39,0.03,2,5078,买盘
358,14:36:05,25.36,-0.03,109,276424,卖盘
359,14:36:02,25.39,--,1,2539,买盘
360,14:35:59,25.39,--,33,83787,卖盘
361,14:35:56,25.39,--,2,5078,卖盘
362,14:35:50,25.39,--,4,10156,卖盘
363,14:35:47,25.39,-0.01,4,10156,卖盘
364,14:35:44,25.4,--,58,147320,卖盘
365,14:35:41,25.4,-0.01,6,15240,卖盘
366,14:35:38,25.41,-0.01,140,357137,卖盘
367,14:35:35,25.42,--,60,152520,卖盘
368,14:35:32,25.42,--,27,69777,买盘
369,14:35:26,25.42,--,10,26818,卖盘
370,14:35:20,25.42,--,52,132184,卖盘
371,14:35:17,25.42,-0.01,5,12710,卖盘
372,14:35:14,25.43,0.01,50,127150,买盘
373,14:35:11,25.42,--,70,177940,卖盘
374,14:35:08,25.42,-0.03,19,48298,卖盘
375,14:35:05,25.45,--,48,122160,买盘
376,14:34:59,25.45,0.02,60,152700,买盘
377,14:34:56,25.43,--,10,25430,卖盘
378,14:34:53,25.43,-0.02,6,15258,卖盘
379,14:34:50,25.45,0.02,5,12725,买盘
380,14:34:44,25.43,--,6,15258,卖盘
381,14:34:41,25.43,-0.02,23,58489,卖盘
382,14:34:38,25.45,0.02,14,35630,买盘
383,14:34:35,25.43,-0.02,83,211069,卖盘
384,14:34:32,25.45,--,4,10180,买盘
385,14:34:29,25.45,--,24,61080,买盘
386,14:34:23,25.45,-0.03,133,338663,卖盘
387,14:34:20,25.48,--,7,17836,买盘
388,14:34:14,25.48,--,3,7644,买盘
389,14:34:11,25.48,0.03,25,63700,买盘
390,14:34:02,25.45,--,15,38175,卖盘
391,14:33:56,25.45,0.02,5,15091,买盘
392,14:33:53,25.43,-0.02,22,55946,卖盘
393,14:33:50,25.45,--,8,20360,买盘
394,14:33:38,25.45,--,4,10180,买盘
395,14:33:35,25.45,0.02,1,2545,买盘
396,14:33:32,25.43,-0.07,10,25608,卖盘
397,14:33:26,25.5,0.08,199,509821,买盘
398,14:33:23,25.42,--,13,33046,卖盘
399,14:33:17,25.42,--,10,26563,卖盘
400,14:33:14,25.42,--,12,30504,卖盘
401,14:33:11,25.42,--,1,2542,卖盘
402,14:33:05,25.42,0.01,12,30504,买盘
403,14:33:02,25.41,--,2,5082,中性盘
404,14:32:59,25.41,-0.01,15,38115,卖盘
405,14:32:53,25.42,--,2,5084,买盘
406,14:32:50,25.42,--,5,12710,买盘
407,14:32:47,25.42,0.02,16,40672,买盘
408,14:32:44,25.4,-0.02,4,10160,卖盘
409,14:32:41,25.42,0.02,7,17794,买盘
410,14:32:35,25.4,--,4,10160,卖盘
411,14:32:32,25.4,--,10,25400,卖盘
412,14:32:23,25.4,0.01,129,327660,买盘
413,14:32:20,25.39,--,9,22851,买盘
414,14:32:14,25.39,0.01,11,27929,买盘
415,14:32:11,25.38,--,2,5076,卖盘
416,14:32:08,25.38,--,30,76140,买盘
417,14:32:05,25.38,--,3,7614,买盘
418,14:32:02,25.38,--,2,5076,买盘
419,14:31:56,25.38,--,9,22842,买盘
420,14:31:53,25.38,--,1,2538,买盘
421,14:31:50,25.38,--,11,27918,买盘
422,14:31:44,25.38,0.02,16,40608,买盘
423,14:31:41,25.36,--,43,109048,卖盘
424,14:31:38,25.36,--,94,238384,买盘
425,14:31:32,25.36,0.03,16,40576,买盘
426,14:31:29,25.33,0.01,5,12665,卖盘
427,14:31:26,25.32,-0.01,7,17724,卖盘
428,14:31:23,25.33,0.01,75,190000,买盘
429,14:31:20,25.32,--,27,68364,卖盘
430,14:31:17,25.32,--,5,12660,卖盘
431,14:31:14,25.32,-0.01,21,53172,中性盘
432,14:31:08,25.33,0.01,85,215305,买盘
433,14:31:05,25.32,--,24,60768,买盘
434,14:31:02,25.32,--,7,17724,买盘
435,14:30:56,25.32,-0.01,185,470926,卖盘
436,14:30:56,25.33,--,54,136782,卖盘
437,14:30:50,25.33,-0.02,8,20264,卖盘
438,14:30:44,25.35,0.02,22,55770,中性盘
439,14:30:41,25.33,-0.03,10,25330,中性盘
440,14:30:35,25.36,0.04,38,96368,买盘
441,14:30:32,25.32,--,6,15192,卖盘
442,14:30:29,25.32,--,45,113940,卖盘
443,14:30:26,25.32,-0.01,20,50640,卖盘
444,14:30:20,25.33,0.01,10,25355,买盘
445,14:30:17,25.32,0.01,32,81024,买盘
446,14:30:14,25.31,-0.02,52,131612,卖盘
447,14:30:11,25.33,0.02,9,22797,买盘
448,14:30:08,25.31,-0.01,17,43027,卖盘
449,14:30:05,25.32,-0.01,8,20256,中性盘
450,14:29:59,25.33,0.01,68,172244,买盘
451,14:29:56,25.32,0.01,19,48108,卖盘
452,14:29:53,25.31,--,39,98709,卖盘
453,14:29:50,25.31,--,105,265755,卖盘
454,14:29:47,25.31,--,5,12655,卖盘
455,14:29:44,25.31,-0.02,38,96178,卖盘
456,14:29:38,25.33,--,21,53193,买盘
457,14:29:35,25.33,0.02,25,63324,买盘
458,14:29:32,25.31,-0.02,7,17717,卖盘
459,14:29:29,25.33,-0.07,40,101320,卖盘
460,14:29:23,25.4,0.04,4,10160,买盘
461,14:29:20,25.36,--,13,32968,买盘
462,14:29:17,25.36,-0.06,14,35504,卖盘
463,14:29:11,25.42,0.02,5,12710,买盘
464,14:29:08,25.4,0.1,1,2540,中性盘
465,14:29:02,25.3,-0.11,2125,5376427,卖盘
466,14:28:59,25.41,-0.02,60,152460,卖盘
467,14:28:53,25.43,0.01,15,38145,买盘
468,14:28:50,25.42,-0.01,26,66092,卖盘
469,14:28:47,25.43,--,18,45774,卖盘
470,14:28:41,25.43,--,12,30516,卖盘
471,14:28:38,25.43,-0.01,53,134779,卖盘
472,14:28:26,25.44,-0.02,181,460464,卖盘
473,14:28:23,25.46,0.01,7,17822,买盘
474,14:28:20,25.45,--,6,15270,卖盘
475,14:28:17,25.45,-0.01,24,61080,卖盘
476,14:28:11,25.46,--,5,12730,买盘
477,14:28:08,25.46,-0.02,195,496648,卖盘
478,14:28:05,25.48,--,12,30576,卖盘
479,14:28:02,25.48,--,25,63700,卖盘
480,14:27:53,25.48,-0.01,15,38220,卖盘
481,14:27:50,25.49,0.01,5,12745,中性盘
482,14:27:44,25.48,-0.01,26,66248,卖盘
483,14:27:41,25.49,--,2,5098,卖盘
484,14:27:35,25.49,0.01,50,127449,买盘
485,14:27:32,25.48,--,21,53508,卖盘
486,14:27:29,25.48,--,60,152880,卖盘
487,14:27:14,25.48,--,33,84084,卖盘
488,14:27:08,25.48,0.01,5,12740,卖盘
489,14:27:05,25.47,-0.03,77,196119,卖盘
490,14:27:02,25.5,0.02,50,127500,买盘
491,14:26:53,25.48,-0.01,34,86632,卖盘
492,14:26:50,25.49,--,30,76470,卖盘
493,14:26:44,25.49,0.01,2,5098,卖盘
494,14:26:41,25.48,-0.01,50,127400,卖盘
495,14:26:35,25.49,0.01,20,53350,买盘
496,14:26:29,25.48,-0.01,52,132496,卖盘
497,14:26:26,25.49,0.01,5,12745,买盘
498,14:26:23,25.48,-0.01,10,25480,卖盘
499,14:26:17,25.49,--,10,25490,买盘
500,14:26:11,25.49,--,28,71550,卖盘
501,14:26:08,25.49,--,2,5098,卖盘
502,14:26:05,25.49,-0.01,51,129998,卖盘
503,14:26:02,25.5,0.01,67,173221,买盘
504,14:25:59,25.49,-0.01,2,5098,卖盘
505,14:25:56,25.5,--,114,290700,买盘
506,14:25:50,25.5,0.01,24,61200,买盘
507,14:25:44,25.49,-0.01,1,2549,卖盘
508,14:25:38,25.5,--,10,25500,买盘
509,14:25:35,25.5,--,7,17850,买盘
510,14:25:32,25.5,0.01,14,35700,买盘
511,14:25:29,25.49,--,3,7646,买盘
512,14:25:26,25.49,-0.01,25,63724,卖盘
513,14:25:23,25.5,--,15,38250,买盘
514,14:25:14,25.5,--,211,538050,卖盘
515,14:25:11,25.5,-0.01,56,142800,卖盘
516,14:25:08,25.51,0.01,3,7653,买盘
517,14:25:02,25.5,--,52,132600,卖盘
518,14:24:59,25.5,--,12,30600,卖盘
519,14:24:56,25.5,--,32,81600,卖盘
520,14:24:53,25.5,--,14,35700,卖盘
521,14:24:50,25.5,--,13,33150,卖盘
522,14:24:47,25.5,--,10,25500,卖盘
523,14:24:44,25.5,--,115,293250,卖盘
524,14:24:41,25.5,--,1,2550,卖盘
525,14:24:38,25.5,--,43,109650,卖盘
526,14:24:35,25.5,0.01,152,387600,买盘
527,14:24:32,25.49,-0.01,20,50980,卖盘
528,14:24:29,25.5,0.01,5,12750,买盘
529,14:24:26,25.49,--,3,7646,卖盘
530,14:24:23,25.49,-0.01,7,17843,卖盘
531,14:24:20,25.5,0.01,33,84150,买盘
532,14:24:17,25.49,-0.01,22,56078,卖盘
533,14:24:11,25.5,--,10,25500,买盘
534,14:24:05,25.5,--,38,96900,卖盘
535,14:24:02,25.5,-0.01,6,15300,卖盘
536,14:23:56,25.51,0.01,6,15306,买盘
537,14:23:53,25.5,-0.01,25,63750,卖盘
538,14:23:38,25.51,--,27,68877,卖盘
539,14:23:35,25.51,-0.01,2,5102,卖盘
540,14:23:29,25.52,0.01,2,5104,买盘
541,14:23:26,25.51,-0.02,22,56122,卖盘
542,14:23:23,25.53,--,2,5106,买盘
543,14:23:20,25.53,--,7,17871,买盘
544,14:23:17,25.53,0.01,10,25530,买盘
545,14:23:14,25.52,--,49,125048,卖盘
546,14:23:11,25.52,-0.01,31,79112,卖盘
547,14:23:08,25.53,--,2,5106,买盘
548,14:23:05,25.53,--,4,10212,买盘
549,14:22:59,25.53,0.01,34,86802,中性盘
550,14:22:47,25.52,-0.02,194,495088,卖盘
551,14:22:44,25.54,--,8,20432,买盘
552,14:22:41,25.54,0.01,2,5108,买盘
553,14:22:35,25.53,--,9,22977,卖盘
554,14:22:29,25.53,--,10,25530,卖盘
555,14:22:26,25.53,-0.01,30,76590,买盘
556,14:22:23,25.54,0.02,5,12770,买盘
557,14:22:17,25.52,-0.03,3,7656,卖盘
558,14:22:11,25.55,0.03,8,20440,买盘
559,14:22:08,25.52,--,11,28072,卖盘
560,14:22:02,25.52,--,31,79112,卖盘
561,14:21:50,25.52,--,2,5104,卖盘
562,14:21:47,25.52,0.01,15,38280,买盘
563,14:21:41,25.51,-0.01,3,7653,卖盘
564,14:21:32,25.52,0.01,5,12760,买盘
565,14:21:26,25.51,--,30,76530,买盘
566,14:21:23,25.51,--,11,28061,买盘
567,14:21:20,25.51,0.01,30,76530,买盘
568,14:21:17,25.5,--,2,5100,卖盘
569,14:21:14,25.5,--,27,68850,卖盘
570,14:21:11,25.5,--,4,10200,卖盘
571,14:21:08,25.5,--,2,5100,卖盘
572,14:21:05,25.5,-0.01,20,51000,卖盘
573,14:20:59,25.51,0.01,1,2551,中性盘
574,14:20:53,25.5,-0.01,20,51000,卖盘
575,14:20:44,25.51,0.04,9,22959,买盘
576,14:20:41,25.47,-0.04,198,504306,卖盘
577,14:20:38,25.51,0.03,32,81632,买盘
578,14:20:29,25.48,-0.02,39,99372,卖盘
579,14:20:26,25.5,--,5,12750,买盘
580,14:20:23,25.5,--,52,132600,买盘
581,14:20:20,25.5,--,18,45900,买盘
582,14:20:17,25.5,-0.01,121,308550,卖盘
583,14:20:11,25.51,--,45,114795,买盘
584,14:20:08,25.51,-0.01,23,58673,卖盘
585,14:20:05,25.52,-0.01,21,53592,卖盘
586,14:20:02,25.53,0.01,3,7659,买盘
587,14:19:58,25.52,-0.01,18,45936,卖盘
588,14:19:55,25.53,0.01,6,15318,中性盘
589,14:19:43,25.52,-0.03,3,7656,卖盘
590,14:19:37,25.55,--,7,17885,买盘
591,14:19:34,25.55,--,18,45990,买盘
592,14:19:31,25.55,--,10,25550,卖盘
593,14:19:28,25.55,-0.01,8,20440,卖盘
594,14:19:19,25.56,--,1,2556,买盘
595,14:19:16,25.56,-0.03,4,10224,卖盘
596,14:19:13,25.59,--,3,7677,中性盘
597,14:19:07,25.59,-0.03,27,69093,卖盘
598,14:19:01,25.62,-0.01,14,35868,买盘
599,14:18:58,25.63,0.01,210,538230,买盘
600,14:18:55,25.62,--,20,51240,卖盘
601,14:18:49,25.62,-0.02,29,74298,卖盘
602,14:18:46,25.64,0.02,21,53844,买盘
603,14:18:43,25.62,-0.02,86,220332,卖盘
604,14:18:40,25.64,--,118,302552,卖盘
605,14:18:37,25.64,-0.01,10,25640,卖盘
606,14:18:34,25.65,--,14,35910,买盘
607,14:18:28,25.65,-0.01,14,35910,卖盘
608,14:18:25,25.66,-0.01,29,76235,卖盘
609,14:18:19,25.67,0.01,20,51340,买盘
610,14:18:16,25.66,--,6,15396,卖盘
611,14:18:10,25.66,0.01,95,244514,买盘
612,14:18:07,25.65,--,10,25650,买盘
613,14:18:04,25.65,-0.01,59,153156,卖盘
614,14:18:01,25.66,0.01,15,38490,买盘
615,14:17:58,25.65,0.02,95,244418,买盘
616,14:17:55,25.63,-0.01,75,192225,卖盘
617,14:17:52,25.64,--,85,217940,买盘
618,14:17:49,25.64,0.01,3,7692,买盘
619,14:17:46,25.63,--,10,25630,卖盘
620,14:17:43,25.63,-0.01,25,64075,卖盘
621,14:17:40,25.64,0.02,17,43588,买盘
622,14:17:37,25.62,--,30,76860,卖盘
623,14:17:28,25.62,--,2,5124,中性盘
624,14:17:22,25.62,--,12,30744,买盘
625,14:17:19,25.62,0.01,6,15372,买盘
626,14:17:16,25.61,-0.01,6,15366,卖盘
627,14:17:10,25.62,0.02,53,135786,买盘
628,14:17:07,25.6,0.01,43,110080,卖盘
629,14:17:01,25.59,-0.01,58,148422,卖盘
630,14:16:58,25.6,--,10,25600,买盘
631,14:16:55,25.6,--,60,153600,买盘
632,14:16:52,25.6,--,25,64000,买盘
633,14:16:49,25.6,0.01,50,128000,买盘
634,14:16:43,25.59,--,1,2559,买盘
635,14:16:40,25.59,--,21,53739,买盘
636,14:16:37,25.59,--,55,140745,买盘
637,14:16:34,25.59,--,5,12795,买盘
638,14:16:31,25.59,--,6,15354,买盘
639,14:16:22,25.59,0.01,11,28149,买盘
640,14:16:19,25.58,0.05,307,785306,买盘
641,14:16:16,25.53,--,6,15318,买盘
642,14:16:13,25.53,--,1,2553,买盘
643,14:16:10,25.53,--,3,7659,买盘
644,14:16:04,25.53,0.02,8,20424,买盘
645,14:16:01,25.51,--,27,68877,卖盘
646,14:15:55,25.51,-0.02,5,12755,卖盘
647,14:15:49,25.53,0.02,2,5106,买盘
648,14:15:46,25.51,0.01,1,2551,卖盘
649,14:15:34,25.5,--,2,5100,卖盘
650,14:15:25,25.5,--,2,5100,卖盘
651,14:15:22,25.5,--,5,12750,卖盘
652,14:15:19,25.5,--,5,12750,卖盘
653,14:15:13,25.5,--,11,28050,卖盘
654,14:15:10,25.5,--,3,7650,卖盘
655,14:15:07,25.5,--,34,86725,买盘
656,14:15:04,25.5,--,7,17850,买盘
657,14:15:01,25.5,0.02,2,5100,买盘
658,14:14:58,25.48,-0.02,6,15288,卖盘
659,14:14:49,25.5,--,18,45900,买盘
660,14:14:40,25.5,0.03,40,102000,买盘
661,14:14:34,25.47,-0.03,1,2547,卖盘
662,14:14:28,25.5,0.03,4,10200,买盘
663,14:14:25,25.47,-0.03,6,15282,卖盘
664,14:14:22,25.5,0.04,7,17850,买盘
665,14:14:13,25.46,-0.04,10,25460,卖盘
666,14:14:10,25.5,0.03,302,770100,买盘
667,14:14:07,25.47,0.01,12,30564,买盘
668,14:14:04,25.46,0.01,7,17822,买盘
669,14:14:01,25.45,-0.01,13,33085,卖盘
670,14:13:55,25.46,--,16,40736,卖盘
671,14:13:52,25.46,--,51,129846,买盘
672,14:13:46,25.46,0.01,21,53466,买盘
673,14:13:43,25.45,-0.02,4,10180,卖盘
674,14:13:40,25.47,--,70,178290,买盘
675,14:13:34,25.47,0.02,2,5094,买盘
676,14:13:28,25.45,-0.02,93,236685,卖盘
677,14:13:25,25.47,--,11,28017,买盘
678,14:13:22,25.47,--,7,17829,买盘
679,14:13:19,25.47,0.01,1,2547,买盘
680,14:13:13,25.46,-0.01,36,91656,卖盘
681,14:13:07,25.47,0.01,20,50940,买盘
682,14:13:04,25.46,-0.01,15,38190,中性盘
683,14:12:58,25.47,0.01,7,17829,买盘
684,14:12:55,25.46,-0.01,39,99294,卖盘
685,14:12:49,25.47,0.01,1,2547,买盘
686,14:12:46,25.46,-0.01,78,198588,卖盘
687,14:12:40,25.47,--,2,5094,买盘
688,14:12:37,25.47,--,10,25470,买盘
689,14:12:34,25.47,--,8,20376,买盘
690,14:12:31,25.47,--,13,33111,买盘
691,14:12:25,25.47,--,13,33111,买盘
692,14:12:22,25.47,--,22,56034,卖盘
693,14:12:19,25.47,--,7,17829,卖盘
694,14:12:16,25.47,--,8,20376,卖盘
695,14:12:13,25.47,-0.01,7,17829,卖盘
696,14:12:01,25.48,-0.01,55,140140,卖盘
697,14:11:58,25.49,0.01,3,7646,买盘
698,14:11:55,25.48,--,12,30576,卖盘
699,14:11:52,25.48,-0.01,5,12740,卖盘
700,14:11:43,25.49,0.01,10,25490,中性盘
701,14:11:37,25.48,--,27,68796,卖盘
702,14:11:34,25.48,--,4,10192,卖盘
703,14:11:31,25.48,-0.01,44,112112,卖盘
704,14:11:28,25.49,0.01,1,2549,买盘
705,14:11:25,25.48,-0.01,1,2548,卖盘
706,14:11:22,25.49,-0.01,105,267645,卖盘
707,14:11:10,25.5,0.01,84,214200,买盘
708,14:11:07,25.49,-0.01,27,68823,卖盘
709,14:11:01,25.5,0.01,59,150450,买盘
710,14:10:58,25.49,-0.01,2,5098,卖盘
711,14:10:52,25.5,--,18,45900,买盘
712,14:10:49,25.5,-0.04,422,1076100,卖盘
713,14:10:46,25.54,0.01,1,2554,买盘
714,14:10:43,25.53,0.01,13,33189,买盘
715,14:10:40,25.52,--,1,2552,卖盘
716,14:10:34,25.52,--,21,53592,卖盘
717,14:10:31,25.52,0.01,22,56144,买盘
718,14:10:22,25.51,--,5,12755,卖盘
719,14:10:13,25.51,--,1,2551,卖盘
720,14:10:04,25.51,--,2,5102,卖盘
721,14:10:01,25.51,0.01,13,33163,买盘
722,14:09:58,25.5,--,5,13515,卖盘
723,14:09:55,25.5,--,45,114750,卖盘
724,14:09:52,25.5,-0.01,277,706350,卖盘
725,14:09:49,25.51,0.01,14,35714,买盘
726,14:09:46,25.5,--,54,137700,卖盘
727,14:09:43,25.5,--,2,5100,卖盘
728,14:09:37,25.5,-0.01,22,56100,卖盘
729,14:09:34,25.51,0.01,14,35714,买盘
730,14:09:31,25.5,--,1,2550,卖盘
731,14:09:25,25.5,--,17,43350,卖盘
732,14:09:22,25.5,--,11,28050,卖盘
733,14:09:19,25.5,--,30,76500,卖盘
734,14:09:16,25.5,--,4,10200,卖盘
735,14:09:13,25.5,--,26,66300,卖盘
736,14:09:10,25.5,--,41,104550,卖盘
737,14:09:07,25.5,-0.01,3,7650,卖盘
738,14:09:04,25.51,0.01,24,61224,买盘
739,14:08:58,25.5,--,7,17850,卖盘
740,14:08:55,25.5,--,45,114750,卖盘
741,14:08:52,25.5,--,11,28050,卖盘
742,14:08:46,25.5,--,9,22950,卖盘
743,14:08:40,25.5,--,32,81600,卖盘
744,14:08:34,25.5,-0.01,18,45900,卖盘
745,14:08:28,25.51,--,1,2551,买盘
746,14:08:22,25.51,0.01,12,30612,卖盘
747,14:08:19,25.5,-0.01,120,306000,卖盘
748,14:08:16,25.51,--,21,53571,买盘
749,14:08:13,25.51,--,35,89285,买盘
750,14:08:10,25.51,--,20,51020,买盘
751,14:08:07,25.51,--,6,15306,买盘
752,14:08:04,25.51,0.01,209,534893,中性盘
753,14:07:52,25.5,-0.01,42,107100,卖盘
754,14:07:46,25.51,0.01,29,73979,买盘
755,14:07:43,25.5,--,41,104550,卖盘
756,14:07:37,25.5,-0.01,17,43350,卖盘
757,14:07:34,25.51,--,1,2551,买盘
758,14:07:31,25.51,-0.01,8,20408,中性盘
759,14:07:25,25.52,0.01,21,53592,买盘
760,14:07:19,25.51,--,10,25510,卖盘
761,14:07:16,25.51,-0.01,3,7653,卖盘
762,14:07:13,25.52,0.01,26,66352,买盘
763,14:07:07,25.51,-0.01,9,22959,中性盘
764,14:07:01,25.52,0.02,2,5104,买盘
765,14:06:58,25.5,--,10,25500,卖盘
766,14:06:55,25.5,--,7,17850,卖盘
767,14:06:52,25.5,--,43,109650,卖盘
768,14:06:49,25.5,--,3,7650,卖盘
769,14:06:43,25.5,-0.02,33,84150,卖盘
770,14:06:40,25.52,--,50,127600,买盘
771,14:06:34,25.52,--,15,38280,买盘
772,14:06:31,25.52,--,4,10208,买盘
773,14:06:28,25.52,-0.01,325,829400,卖盘
774,14:06:22,25.53,--,3,7659,买盘
775,14:06:19,25.53,-0.01,253,646725,卖盘
776,14:06:16,25.54,--,10,25540,卖盘
777,14:06:13,25.54,--,32,81728,卖盘
778,14:06:10,25.54,0.01,17,43418,买盘
779,14:06:07,25.53,--,10,25530,卖盘
780,14:06:04,25.53,-0.01,13,33189,卖盘
781,14:05:58,25.54,0.01,15,38310,买盘
782,14:05:52,25.53,--,2,5106,卖盘
783,14:05:49,25.53,--,23,60455,买盘
784,14:05:46,25.53,--,1,2553,买盘
785,14:05:43,25.53,--,4,11028,卖盘
786,14:05:34,25.53,--,2,5106,卖盘
787,14:05:28,25.53,0.02,11,29819,买盘
788,14:05:22,25.51,-0.02,1,2551,卖盘
789,14:05:19,25.53,--,2,5106,买盘
790,14:05:13,25.53,-0.01,49,125097,卖盘
791,14:05:10,25.54,--,35,89390,卖盘
792,14:05:04,25.54,0.01,20,51080,卖盘
793,14:04:58,25.53,--,5,12765,买盘
794,14:04:55,25.53,-0.01,21,53613,卖盘
795,14:04:52,25.54,0.04,10,25540,买盘
796,14:04:49,25.5,-0.04,393,1003170,卖盘
797,14:04:46,25.54,--,1,2554,买盘
798,14:04:43,25.54,0.01,35,89390,买盘
799,14:04:37,25.53,--,28,71484,买盘
800,14:04:34,25.53,--,45,114885,卖盘
801,14:04:22,25.53,--,1,2553,卖盘
802,14:04:16,25.53,--,2,5106,卖盘
803,14:04:10,25.53,--,1,2553,卖盘
804,14:04:07,25.53,--,20,51060,买盘
805,14:04:04,25.53,--,7,17871,买盘
806,14:04:01,25.53,--,21,53613,买盘
807,14:03:58,25.53,--,7,17871,买盘
808,14:03:49,25.53,--,20,51060,买盘
809,14:03:46,25.53,--,16,40848,买盘
810,14:03:43,25.53,--,10,25530,买盘
811,14:03:40,25.53,--,2,5106,买盘
812,14:03:37,25.53,0.01,5,12765,买盘
813,14:03:34,25.52,--,13,33176,卖盘
814,14:03:31,25.52,0.01,1,2552,中性盘
815,14:03:25,25.51,-0.02,70,178570,卖盘
816,14:03:16,25.53,0.01,9,22977,买盘
817,14:03:13,25.52,-0.01,18,45936,卖盘
818,14:03:10,25.53,--,50,127650,买盘
819,14:03:04,25.53,0.01,5,12765,买盘
820,14:03:01,25.52,--,2,5104,卖盘
821,14:02:58,25.52,--,10,25520,卖盘
822,14:02:55,25.52,-0.01,10,25520,卖盘
823,14:02:46,25.53,--,5,12765,买盘
824,14:02:43,25.53,0.03,5,12765,买盘
825,14:02:37,25.5,-0.02,26,66300,卖盘
826,14:02:34,25.52,--,37,96006,买盘
827,14:02:31,25.52,--,8,20416,买盘
828,14:02:22,25.52,--,15,38280,买盘
829,14:02:19,25.52,--,12,30624,买盘
830,14:02:16,25.52,--,8,20416,买盘
831,14:02:07,25.52,-0.01,45,114840,卖盘
832,14:02:04,25.53,0.03,52,132756,买盘
833,14:02:01,25.5,-0.02,93,237150,卖盘
834,14:01:58,25.52,--,5,12760,买盘
835,14:01:55,25.52,--,65,165880,买盘
836,14:01:52,25.52,-0.01,2,5104,卖盘
837,14:01:49,25.53,0.01,90,229770,买盘
838,14:01:46,25.52,--,15,38280,卖盘
839,14:01:43,25.52,--,11,28072,卖盘
840,14:01:40,25.52,-0.01,8,20416,卖盘
841,14:01:37,25.53,--,26,66378,买盘
842,14:01:34,25.53,0.01,10,25530,买盘
843,14:01:28,25.52,-0.01,11,28072,卖盘
844,14:01:25,25.53,-0.06,724,1848372,卖盘
845,14:01:19,25.59,--,7,17913,买盘
846,14:01:16,25.59,--,8,20472,买盘
847,14:01:13,25.59,0.02,46,117714,买盘
848,14:01:10,25.57,-0.02,40,102280,卖盘
849,14:01:07,25.59,-0.01,191,488769,卖盘
850,14:01:04,25.6,0.01,34,87040,买盘
851,14:00:55,25.59,0.02,16,40944,买盘
852,14:00:52,25.57,-0.02,15,38355,卖盘
853,14:00:49,25.59,-0.01,10,25590,买盘
854,14:00:46,25.6,0.03,31,79360,买盘
855,14:00:43,25.57,-0.02,20,51140,卖盘
856,14:00:40,25.59,0.02,118,301962,买盘
857,14:00:36,25.57,-0.03,111,283827,卖盘
858,14:00:30,25.6,--,18,46080,卖盘
859,14:00:27,25.6,0.03,142,363520,买盘
860,14:00:24,25.57,--,16,40912,买盘
861,14:00:21,25.57,--,26,66482,买盘
862,14:00:18,25.57,0.01,5,12785,中性盘
863,14:00:15,25.56,-0.02,40,102240,卖盘
864,14:00:12,25.58,--,185,473229,买盘
865,14:00:06,25.58,--,10,25580,买盘
866,14:00:03,25.58,--,18,46044,买盘
867,14:00:00,25.58,--,5,12790,买盘
868,13:59:57,25.58,-0.03,57,145806,卖盘
869,13:59:51,25.61,0.02,2,5122,中性盘
870,13:59:48,25.59,-0.03,32,81888,中性盘
871,13:59:45,25.62,0.05,444,1137528,买盘
872,13:59:39,25.57,-0.03,32,81824,卖盘
873,13:59:36,25.6,0.02,65,166400,买盘
874,13:59:33,25.58,0.01,3,7673,买盘
875,13:59:30,25.57,-0.01,1,2557,卖盘
876,13:59:27,25.58,-0.01,6,15347,中性盘
877,13:59:18,25.59,0.02,7,17913,买盘
878,13:59:15,25.57,0.01,78,199446,买盘
879,13:59:09,25.56,0.01,43,109908,中性盘
880,13:59:03,25.55,-0.01,30,76650,卖盘
881,13:59:00,25.56,--,14,35784,买盘
882,13:58:51,25.56,--,3,7668,买盘
883,13:58:48,25.56,--,62,158472,买盘
884,13:58:42,25.56,--,10,25560,买盘
885,13:58:39,25.56,--,2,5112,买盘
886,13:58:36,25.56,0.01,17,43452,买盘
887,13:58:27,25.55,0.01,24,61320,买盘
888,13:58:24,25.54,0.01,7,17878,买盘
889,13:58:18,25.53,-0.01,11,28083,卖盘
890,13:58:15,25.54,--,12,30648,买盘
891,13:58:09,25.54,0.01,13,33202,买盘
892,13:58:06,25.53,0.01,5,12765,买盘
893,13:58:03,25.52,--,15,38280,买盘
894,13:58:00,25.52,--,17,43384,买盘
895,13:57:57,25.52,--,9,22968,买盘
896,13:57:54,25.52,--,17,43384,买盘
897,13:57:51,25.52,--,24,61248,买盘
898,13:57:45,25.52,0.03,5,12760,买盘
899,13:57:39,25.49,-0.03,13,33137,卖盘
900,13:57:33,25.52,0.03,10,25520,买盘
901,13:57:27,25.49,-0.01,92,234508,卖盘
902,13:57:24,25.5,0.01,30,76500,买盘
903,13:57:21,25.49,--,22,56078,卖盘
904,13:57:18,25.49,--,28,71372,买盘
905,13:57:15,25.49,0.02,7,17843,买盘
906,13:57:09,25.47,-0.02,10,25470,卖盘
907,13:57:06,25.49,--,111,282939,买盘
908,13:57:03,25.49,0.01,12,30587,买盘
909,13:57:00,25.48,--,5,12740,买盘
910,13:56:57,25.48,-0.01,5,12740,卖盘
911,13:56:54,25.49,--,4,10196,买盘
912,13:56:51,25.49,--,57,145293,买盘
913,13:56:33,25.49,0.04,4,10196,买盘
914,13:56:21,25.45,-0.01,32,81440,卖盘
915,13:56:18,25.46,--,2,5092,买盘
916,13:56:12,25.46,--,3,7638,买盘
917,13:56:09,25.46,-0.03,75,190950,卖盘
918,13:56:03,25.49,--,4,10196,买盘
919,13:55:57,25.49,--,5,12745,买盘
920,13:55:54,25.49,-0.01,50,127449,中性盘
921,13:55:45,25.5,0.01,105,267750,买盘
922,13:55:42,25.49,--,10,25490,卖盘
923,13:55:36,25.49,0.01,13,33137,买盘
924,13:55:33,25.48,--,14,35672,卖盘
925,13:55:30,25.48,-0.01,5,12740,卖盘
926,13:55:27,25.49,0.01,23,58627,买盘
927,13:55:24,25.48,--,1,2548,卖盘
928,13:55:12,25.48,-0.01,23,58604,卖盘
929,13:55:06,25.49,--,3,7646,买盘
930,13:55:03,25.49,--,5,12745,买盘
931,13:55:00,25.49,0.01,15,38235,买盘
932,13:54:57,25.48,--,37,94276,卖盘
933,13:54:51,25.48,--,19,48412,卖盘
934,13:54:48,25.48,--,17,43316,卖盘
935,13:54:39,25.48,-0.02,13,33124,卖盘
936,13:54:36,25.5,--,16,40800,买盘
937,13:54:30,25.5,0.01,7,17850,买盘
938,13:54:27,25.49,-0.01,4,10196,中性盘
939,13:54:24,25.5,0.01,7,17850,买盘
940,13:54:21,25.49,-0.01,44,112156,卖盘
941,13:54:18,25.5,--,18,45900,买盘
942,13:54:12,25.5,--,5,12750,买盘
943,13:54:09,25.5,--,37,94350,买盘
944,13:54:03,25.5,--,6,15300,买盘
945,13:54:00,25.5,--,36,91800,卖盘
946,13:53:57,25.5,--,14,35700,买盘
947,13:53:54,25.5,-0.01,26,66300,卖盘
948,13:53:48,25.51,0.01,10,25510,买盘
949,13:53:45,25.5,-0.01,4,10200,买盘
950,13:53:30,25.51,0.01,20,51020,买盘
951,13:53:27,25.5,0.01,8,20400,买盘
952,13:53:24,25.49,--,11,28039,买盘
953,13:53:21,25.49,-0.01,39,99411,卖盘
954,13:53:18,25.5,-0.01,3,7650,卖盘
955,13:53:09,25.51,0.01,60,153060,买盘
956,13:53:03,25.5,-0.01,70,178500,卖盘
957,13:52:54,25.51,--,11,28061,买盘
958,13:52:51,25.51,-0.02,94,239794,卖盘
959,13:52:45,25.53,--,11,28083,买盘
960,13:52:42,25.53,--,18,45954,买盘
961,13:52:39,25.53,0.02,10,25530,买盘
962,13:52:36,25.51,-0.01,4,10204,卖盘
963,13:52:33,25.52,-0.02,1,2552,中性盘
964,13:52:30,25.54,0.01,50,127700,买盘
965,13:52:27,25.53,--,5,12765,买盘
966,13:52:24,25.53,0.02,1,2553,买盘
967,13:52:21,25.51,--,9,22959,卖盘
968,13:52:15,25.51,--,1,2551,卖盘
969,13:52:09,25.51,--,110,280610,卖盘
970,13:52:06,25.51,--,10,25510,卖盘
971,13:52:03,25.51,-0.01,9,22959,卖盘
972,13:52:00,25.52,--,11,28072,买盘
973,13:51:54,25.52,--,11,28072,买盘
974,13:51:48,25.52,0.01,12,30624,买盘
975,13:51:45,25.51,-0.01,100,255100,卖盘
976,13:51:39,25.52,--,1,2552,卖盘
977,13:51:36,25.52,-0.01,39,99528,卖盘
978,13:51:30,25.53,--,37,94461,买盘
979,13:51:27,25.53,-0.02,3,7659,中性盘
980,13:51:18,25.55,--,32,81760,买盘
981,13:51:15,25.55,-0.01,18,45990,卖盘
982,13:51:12,25.56,--,118,301608,买盘
983,13:51:09,25.56,--,15,38340,买盘
984,13:51:03,25.56,--,22,56232,买盘
985,13:51:00,25.56,--,5,12780,买盘
986,13:50:57,25.56,-0.01,11,28116,卖盘
987,13:50:54,25.57,0.01,105,268485,买盘
988,13:50:48,25.56,--,18,46008,卖盘
989,13:50:39,25.56,0.04,144,368064,买盘
990,13:50:36,25.52,-0.02,29,74008,卖盘
991,13:50:33,25.54,--,2,5108,卖盘
992,13:50:30,25.54,--,4,10216,买盘
993,13:50:27,25.54,0.03,6,15324,买盘
994,13:50:21,25.51,-0.01,80,204080,卖盘
995,13:50:09,25.52,0.01,49,125048,买盘
996,13:50:06,25.51,-0.01,22,56122,卖盘
997,13:49:57,25.52,0.01,4,10208,买盘
998,13:49:51,25.51,--,6,15306,买盘
999,13:49:48,25.51,--,5,12755,买盘
1000,13:49:42,25.51,--,19,48469,买盘
1001,13:49:39,25.51,0.01,1,2551,买盘
1002,13:49:33,25.5,0.01,51,130050,卖盘
1003,13:49:21,25.49,-0.01,1,2549,卖盘
1004,13:49:18,25.5,0.02,42,107100,买盘
1005,13:49:12,25.48,--,7,17836,卖盘
1006,13:49:00,25.48,0.02,3,7644,买盘
1007,13:48:57,25.46,--,24,61104,买盘
1008,13:48:54,25.46,0.04,6,15276,买盘
1009,13:48:51,25.42,-0.06,50,127100,卖盘
1010,13:48:48,25.48,0.02,3,7644,中性盘
1011,13:48:42,25.46,-0.04,49,124754,卖盘
1012,13:48:39,25.5,0.02,110,280500,买盘
1013,13:48:36,25.48,0.01,13,33124,买盘
1014,13:48:24,25.47,--,12,30564,买盘
1015,13:48:15,25.47,0.01,1,2547,买盘
1016,13:48:09,25.46,0.01,14,35644,买盘
1017,13:48:03,25.45,-0.01,2,5090,卖盘
1018,13:47:57,25.46,0.01,4,10184,买盘
1019,13:47:54,25.45,0.03,72,183240,买盘
1020,13:47:45,25.42,--,12,31088,买盘
1021,13:47:39,25.42,0.01,3,7626,买盘
1022,13:47:36,25.41,-0.01,5,12705,卖盘
1023,13:47:33,25.42,0.02,56,142352,买盘
1024,13:47:30,25.4,-0.02,53,134620,卖盘
1025,13:47:27,25.42,0.02,17,43214,买盘
1026,13:47:24,25.4,--,2,5080,卖盘
1027,13:47:15,25.4,--,1,2540,买盘
1028,13:47:12,25.4,0.02,10,25400,买盘
1029,13:47:03,25.38,-0.04,10,25380,卖盘
1030,13:47:00,25.42,0.05,53,134726,买盘
1031,13:46:57,25.37,-0.03,101,256237,卖盘
1032,13:46:51,25.4,0.03,72,185140,买盘
1033,13:46:48,25.37,-0.01,105,266385,卖盘
1034,13:46:45,25.38,--,10,25380,买盘
1035,13:46:42,25.38,--,5,12690,买盘
1036,13:46:33,25.38,-0.01,42,106875,卖盘
1037,13:46:30,25.39,--,10,25390,买盘
1038,13:46:27,25.39,--,8,20312,买盘
1039,13:46:24,25.39,0.01,25,63475,买盘
1040,13:46:18,25.38,-0.01,1,2538,卖盘
1041,13:46:15,25.39,--,10,25390,买盘
1042,13:46:12,25.39,0.01,34,86326,买盘
1043,13:46:06,25.38,-0.01,21,53298,卖盘
1044,13:46:03,25.39,--,6,15234,买盘
1045,13:45:57,25.39,--,10,25390,买盘
1046,13:45:51,25.39,-0.01,50,126950,卖盘
1047,13:45:48,25.4,--,23,58420,买盘
1048,13:45:39,25.4,--,2,5080,买盘
1049,13:45:36,25.4,--,20,50800,买盘
1050,13:45:33,25.4,--,80,203200,卖盘
1051,13:45:21,25.4,-0.02,36,91440,卖盘
1052,13:45:12,25.42,--,15,38130,买盘
1053,13:45:06,25.42,--,6,17209,卖盘
1054,13:45:03,25.42,0.01,6,15836,买盘
1055,13:44:57,25.41,--,9,22869,买盘
1056,13:44:54,25.41,0.01,1,2541,买盘
1057,13:44:48,25.4,-0.01,4,10160,卖盘
1058,13:44:45,25.41,--,4,10164,买盘
1059,13:44:42,25.41,-0.01,75,192531,卖盘
1060,13:44:36,25.42,--,5,12710,卖盘
1061,13:44:33,25.42,0.01,10,25420,买盘
1062,13:44:30,25.41,--,5,12705,卖盘
1063,13:44:27,25.41,-0.02,45,114345,卖盘
1064,13:44:24,25.43,0.01,215,547329,买盘
1065,13:44:09,25.42,--,10,25420,买盘
1066,13:43:57,25.42,0.01,5,12710,买盘
1067,13:43:48,25.41,-0.01,1,2541,卖盘
1068,13:43:45,25.42,--,15,38130,买盘
1069,13:43:33,25.42,--,10,25420,买盘
1070,13:43:30,25.42,--,11,29919,卖盘
1071,13:43:24,25.42,--,4,10168,卖盘
1072,13:43:15,25.42,--,3,8210,买盘
1073,13:43:12,25.42,--,1,2542,买盘
1074,13:43:09,25.42,--,2,5084,买盘
1075,13:43:03,25.42,--,6,15252,买盘
1076,13:43:00,25.42,--,2,5084,买盘
1077,13:42:51,25.42,--,5,12710,买盘
1078,13:42:36,25.42,0.01,34,86428,买盘
1079,13:42:30,25.41,--,13,33033,卖盘
1080,13:42:24,25.41,--,20,50820,卖盘
1081,13:42:21,25.41,--,2,5082,卖盘
1082,13:42:15,25.41,0.01,8,20328,买盘
1083,13:42:12,25.4,--,2,5080,卖盘
1084,13:42:06,25.4,--,31,78740,卖盘
1085,13:41:54,25.4,--,67,171196,买盘
1086,13:41:42,25.4,--,15,39624,卖盘
1087,13:41:36,25.4,--,2,5080,卖盘
1088,13:41:30,25.4,-0.01,12,30480,卖盘
1089,13:41:27,25.41,0.01,3,7623,买盘
1090,13:41:15,25.4,-0.01,110,279400,卖盘
1091,13:41:09,25.41,0.01,7,17787,买盘
1092,13:41:03,25.4,-0.01,1,2540,卖盘
1093,13:41:00,25.41,0.01,10,25410,买盘
1094,13:40:57,25.4,-0.01,32,81280,卖盘
1095,13:40:42,25.41,-0.02,3,7623,卖盘
1096,13:40:32,25.43,0.02,6,15258,买盘
1097,13:40:29,25.41,-0.03,2,5082,卖盘
1098,13:40:26,25.44,--,3,7632,买盘
1099,13:40:20,25.44,0.01,40,101760,买盘
1100,13:40:17,25.43,-0.01,44,111892,卖盘
1101,13:40:02,25.44,-0.01,202,513888,卖盘
1102,13:39:59,25.45,0.01,20,50900,中性盘
1103,13:39:56,25.44,-0.01,100,254400,卖盘
1104,13:39:47,25.45,--,14,35630,卖盘
1105,13:39:38,25.45,0.05,74,188330,买盘
1106,13:39:23,25.4,--,4,10160,卖盘
1107,13:39:11,25.4,-0.03,14,35560,卖盘
1108,13:39:08,25.43,0.02,33,83919,买盘
1109,13:39:05,25.41,--,31,78771,买盘
1110,13:38:56,25.41,-0.02,72,182952,卖盘
1111,13:38:41,25.43,0.02,15,38145,买盘
1112,13:38:38,25.41,-0.02,2,5082,中性盘
1113,13:38:32,25.43,0.03,10,25430,买盘
1114,13:38:29,25.4,-0.01,13,34036,卖盘
1115,13:38:26,25.41,--,2,5082,买盘
1116,13:38:23,25.41,--,12,30492,卖盘
1117,13:38:11,25.41,0.01,5,12705,卖盘
1118,13:38:08,25.4,-0.03,6,15240,卖盘
1119,13:38:02,25.43,0.02,20,50860,买盘
1120,13:37:59,25.41,0.01,9,22869,买盘
1121,13:37:47,25.4,--,5,12700,买盘
1122,13:37:44,25.4,--,10,25400,买盘
1123,13:37:38,25.4,--,26,66040,买盘
1124,13:37:35,25.4,--,10,25400,卖盘
1125,13:37:29,25.4,-0.01,9,22860,卖盘
1126,13:37:26,25.41,--,4,10164,卖盘
1127,13:37:23,25.41,-0.02,35,88935,卖盘
1128,13:37:20,25.43,0.03,1,2543,买盘
1129,13:37:17,25.4,--,9,22860,买盘
1130,13:37:14,25.4,--,2,5080,买盘
1131,13:37:08,25.4,-0.01,189,480060,卖盘
1132,13:37:05,25.41,-0.02,19,48279,中性盘
1133,13:36:59,25.43,0.02,30,76290,买盘
1134,13:36:53,25.41,0.01,19,48279,买盘
1135,13:36:50,25.4,-0.02,26,66040,卖盘
1136,13:36:47,25.42,0.01,17,43214,买盘
1137,13:36:41,25.41,--,9,22869,买盘
1138,13:36:38,25.41,0.01,15,38115,买盘
1139,13:36:35,25.4,-0.01,31,78740,卖盘
1140,13:36:32,25.41,0.01,11,27951,买盘
1141,13:36:26,25.4,--,2,5080,卖盘
1142,13:36:23,25.4,--,45,114300,卖盘
1143,13:36:20,25.4,--,2,5080,卖盘
1144,13:36:17,25.4,--,54,137160,买盘
1145,13:36:11,25.4,0.01,10,25400,买盘
1146,13:36:08,25.39,--,13,33007,卖盘
1147,13:36:02,25.39,0.01,2,5078,中性盘
1148,13:35:59,25.38,-0.02,5,12690,卖盘
1149,13:35:56,25.4,0.02,29,73660,买盘
1150,13:35:41,25.38,--,29,75860,买盘
1151,13:35:35,25.38,--,8,20304,买盘
1152,13:35:29,25.38,0.03,5,12690,买盘
1153,13:35:23,25.35,0.01,11,27885,买盘
1154,13:35:17,25.34,--,3,7602,卖盘
1155,13:35:14,25.34,--,10,25340,卖盘
1156,13:35:11,25.34,0.01,5,13050,买盘
1157,13:34:56,25.33,--,52,131791,买盘
1158,13:34:53,25.33,0.01,13,32929,买盘
1159,13:34:50,25.32,-0.01,48,121536,卖盘
1160,13:34:47,25.33,0.01,158,400214,买盘
1161,13:34:41,25.32,-0.01,20,50640,卖盘
1162,13:34:35,25.33,--,3,7598,买盘
1163,13:34:32,25.33,--,28,70924,买盘
1164,13:34:29,25.33,--,12,30395,买盘
1165,13:34:26,25.33,--,58,146914,买盘
1166,13:34:23,25.33,--,10,25330,买盘
1167,13:34:20,25.33,--,114,288762,买盘
1168,13:34:17,25.33,--,15,37995,买盘
1169,13:34:14,25.33,--,10,25330,买盘
1170,13:34:11,25.33,--,4,10132,买盘
1171,13:34:08,25.33,--,2,5066,买盘
1172,13:34:05,25.33,--,20,50660,买盘
1173,13:34:02,25.33,--,12,30395,卖盘
1174,13:33:53,25.33,0.01,18,45594,中性盘
1175,13:33:50,25.32,-0.02,95,240540,卖盘
1176,13:33:47,25.34,0.01,48,121632,买盘
1177,13:33:35,25.33,0.01,41,103853,买盘
1178,13:33:32,25.32,-0.01,24,60768,卖盘
1179,13:33:17,25.33,0.02,2,5066,买盘
1180,13:33:14,25.31,-0.01,45,113895,卖盘
1181,13:33:11,25.32,0.01,7,17724,卖盘
1182,13:33:08,25.31,--,9,22779,卖盘
1183,13:33:02,25.31,-0.01,61,154391,卖盘
1184,13:32:59,25.32,--,16,40512,买盘
1185,13:32:56,25.32,--,22,55704,买盘
1186,13:32:53,25.32,0.01,11,27852,买盘
1187,13:32:50,25.31,--,106,268286,卖盘
1188,13:32:44,25.31,--,98,248038,卖盘
1189,13:32:41,25.31,-0.01,5,12655,卖盘
1190,13:32:38,25.32,0.01,7,17724,买盘
1191,13:32:35,25.31,-0.01,3,7593,卖盘
1192,13:32:32,25.32,--,6,15192,买盘
1193,13:32:29,25.32,--,4,10128,买盘
1194,13:32:26,25.32,-0.01,9,22788,卖盘
1195,13:32:17,25.33,-0.01,81,205173,中性盘
1196,13:32:11,25.34,0.01,23,58282,买盘
1197,13:32:08,25.33,-0.01,23,58258,卖盘
1198,13:32:05,25.34,0.01,1,2534,买盘
1199,13:32:02,25.33,-0.01,11,27862,卖盘
1200,13:31:59,25.34,0.01,4,10136,买盘
1201,13:31:56,25.33,-0.01,2,5066,卖盘
1202,13:31:47,25.34,-0.03,3,7602,卖盘
1203,13:31:41,25.37,0.03,3,7611,买盘
1204,13:31:38,25.34,-0.03,19,48146,卖盘
1205,13:31:35,25.37,--,28,71036,卖盘
1206,13:31:32,25.37,--,5,12685,卖盘
1207,13:31:29,25.37,--,16,40592,卖盘
1208,13:31:26,25.37,0.06,37,93869,买盘
1209,13:31:23,25.31,-0.03,139,351809,卖盘
1210,13:31:20,25.34,--,55,139370,买盘
1211,13:31:17,25.34,--,2,5068,买盘
1212,13:31:11,25.34,--,88,222992,卖盘
1213,13:31:08,25.34,-0.01,14,35476,卖盘
1214,13:31:02,25.35,-0.01,36,91260,卖盘
1215,13:30:59,25.36,--,131,332216,买盘
1216,13:30:53,25.36,-0.01,60,152160,买盘
1217,13:30:50,25.37,--,20,50740,买盘
1218,13:30:47,25.37,0.02,4,10148,买盘
1219,13:30:44,25.35,-0.02,66,167310,卖盘
1220,13:30:41,25.37,-0.01,49,124313,卖盘
1221,13:30:38,25.38,0.01,6,15228,买盘
1222,13:30:35,25.37,-0.01,20,50740,卖盘
1223,13:30:32,25.38,--,1,2538,买盘
1224,13:30:29,25.38,--,8,20304,买盘
1225,13:30:26,25.38,--,7,17766,买盘
1226,13:30:17,25.38,--,6,15507,卖盘
1227,13:30:14,25.38,--,7,17766,卖盘
1228,13:30:02,25.38,--,5,12690,卖盘
1229,13:29:59,25.38,--,18,47942,买盘
1230,13:29:56,25.38,--,71,180477,卖盘
1231,13:29:53,25.38,-0.02,101,256338,卖盘
1232,13:29:50,25.4,0.01,20,53060,买盘
1233,13:29:47,25.39,--,10,25390,买盘
1234,13:29:38,25.39,-0.02,72,183087,卖盘
1235,13:29:35,25.41,0.01,6,15246,卖盘
1236,13:29:26,25.4,-0.01,217,551180,卖盘
1237,13:29:20,25.41,--,9,22869,卖盘
1238,13:29:14,25.41,0.01,12,30492,买盘
1239,13:29:11,25.4,-0.01,25,63500,卖盘
1240,13:29:02,25.41,--,2,5082,买盘
1241,13:28:53,25.41,--,9,22869,买盘
1242,13:28:50,25.41,0.01,10,25410,买盘
1243,13:28:47,25.4,--,49,124460,卖盘
1244,13:28:44,25.4,--,40,101600,卖盘
1245,13:28:41,25.4,--,30,76200,卖盘
1246,13:28:35,25.4,--,1,2540,卖盘
1247,13:28:23,25.4,--,20,50800,卖盘
1248,13:28:20,25.4,--,4,10160,卖盘
1249,13:28:17,25.4,-0.01,46,116840,卖盘
1250,13:28:11,25.41,0.01,19,48279,买盘
1251,13:28:05,25.4,--,4,10795,卖盘
1252,13:28:02,25.4,--,105,266700,卖盘
1253,13:27:59,25.4,-0.01,6,15240,卖盘
1254,13:27:56,25.41,0.01,10,25410,买盘
1255,13:27:53,25.4,--,17,43180,卖盘
1256,13:27:47,25.4,--,20,50800,卖盘
1257,13:27:41,25.4,-0.01,110,280390,卖盘
1258,13:27:35,25.41,--,3,7623,买盘
1259,13:27:23,25.41,--,7,17787,买盘
1260,13:27:17,25.41,--,218,553938,卖盘
1261,13:27:11,25.41,-0.01,2,5082,卖盘
1262,13:27:05,25.42,--,4,10168,卖盘
1263,13:27:02,25.42,--,24,61008,卖盘
1264,13:26:59,25.42,--,75,190650,卖盘
1265,13:26:56,25.42,--,10,25420,卖盘
1266,13:26:47,25.42,0.01,28,71176,买盘
1267,13:26:38,25.41,--,6,15246,卖盘
1268,13:26:35,25.41,--,6,15246,卖盘
1269,13:26:32,25.41,-0.01,8,20328,卖盘
1270,13:26:26,25.42,--,6,15252,买盘
1271,13:26:23,25.42,--,5,12710,买盘
1272,13:26:17,25.42,--,36,91512,卖盘
1273,13:26:14,25.42,-0.01,17,43214,卖盘
1274,13:26:11,25.43,--,26,66118,买盘
1275,13:25:56,25.43,--,138,350934,卖盘
1276,13:25:47,25.43,--,28,71204,卖盘
1277,13:25:44,25.43,-0.01,15,38145,卖盘
1278,13:25:38,25.44,0.02,30,76320,买盘
1279,13:25:35,25.42,--,3,7626,卖盘
1280,13:25:29,25.42,-0.01,5,12710,卖盘
1281,13:25:26,25.43,0.01,26,66118,买盘
1282,13:25:17,25.42,-0.02,81,205902,卖盘
1283,13:25:14,25.44,--,3,7632,买盘
1284,13:25:05,25.44,0.01,1,2544,买盘
1285,13:25:02,25.43,-0.01,4,10172,卖盘
1286,13:24:59,25.44,--,12,30528,买盘
1287,13:24:53,25.44,0.01,15,38160,买盘
1288,13:24:47,25.43,-0.01,33,83919,卖盘
1289,13:24:41,25.44,--,25,63600,卖盘
1290,13:24:17,25.44,-0.02,19,48336,卖盘
1291,13:24:05,25.46,--,27,68742,买盘
1292,13:24:02,25.46,0.01,105,267330,买盘
1293,13:23:56,25.45,0.01,19,48355,买盘
1294,13:23:50,25.44,--,12,30528,买盘
1295,13:23:47,25.44,-0.01,9,22896,卖盘
1296,13:23:41,25.45,--,9,22905,卖盘
1297,13:23:38,25.45,--,14,35630,买盘
1298,13:23:29,25.45,--,15,38175,卖盘
1299,13:23:26,25.45,--,16,40720,买盘
1300,13:23:23,25.45,--,4,10180,买盘
1301,13:23:20,25.45,--,6,15270,买盘
1302,13:23:17,25.45,-0.01,5,12725,卖盘
1303,13:23:11,25.46,0.01,12,30552,买盘
1304,13:23:05,25.45,--,3,7635,卖盘
1305,13:23:02,25.45,--,1,2545,卖盘
1306,13:22:56,25.45,-0.01,35,89075,卖盘
1307,13:22:47,25.46,0.01,2,5092,买盘
1308,13:22:38,25.45,--,20,50900,卖盘
1309,13:22:26,25.45,0.02,64,162880,买盘
1310,13:22:17,25.43,-0.01,50,127150,卖盘
1311,13:22:14,25.44,--,15,38160,卖盘
1312,13:22:02,25.44,--,2,5088,买盘
1313,13:21:59,25.44,-0.01,2,5088,卖盘
1314,13:21:47,25.45,--,11,27995,买盘
1315,13:21:44,25.45,--,71,180695,买盘
1316,13:21:41,25.45,-0.01,47,119615,卖盘
1317,13:21:38,25.46,--,18,45828,卖盘
1318,13:21:26,25.46,0.01,3,7638,中性盘
1319,13:21:20,25.45,--,15,38175,卖盘
1320,13:21:17,25.45,--,10,25450,卖盘
1321,13:21:08,25.45,--,9,22905,卖盘
1322,13:20:59,25.45,--,5,12725,卖盘
1323,13:20:44,25.45,--,1,2545,卖盘
1324,13:20:38,25.45,--,7,17815,卖盘
1325,13:20:32,25.45,-0.01,18,45810,卖盘
1326,13:20:29,25.46,--,10,25460,卖盘
1327,13:20:26,25.46,0.01,43,109478,买盘
1328,13:20:23,25.45,-0.01,10,25450,卖盘
1329,13:20:11,25.46,--,10,25460,买盘
1330,13:20:05,25.46,--,1,2546,买盘
1331,13:19:59,25.46,--,6,15276,买盘
1332,13:19:56,25.46,--,11,28006,卖盘
1333,13:19:44,25.46,--,1,2546,卖盘
1334,13:19:40,25.46,0.01,1,2546,中性盘
1335,13:19:37,25.45,-0.01,22,55990,卖盘
1336,13:19:28,25.46,-0.04,13,33098,卖盘
1337,13:19:25,25.5,0.05,49,124950,买盘
1338,13:19:22,25.45,-0.01,2,5090,卖盘
1339,13:19:19,25.46,--,1,2546,买盘
1340,13:19:13,25.46,--,1,2546,买盘
1341,13:19:10,25.46,--,33,84018,卖盘
1342,13:19:04,25.46,-0.04,41,104386,卖盘
1343,13:19:01,25.5,0.01,3,7650,买盘
1344,13:18:55,25.49,--,3,7646,卖盘
1345,13:18:52,25.49,--,1,2549,卖盘
1346,13:18:43,25.49,-0.01,9,22941,中性盘
1347,13:18:34,25.5,--,3,7650,买盘
1348,13:18:31,25.5,0.01,98,249900,买盘
1349,13:18:28,25.49,-0.01,30,76470,卖盘
1350,13:18:22,25.5,--,2,5100,买盘
1351,13:18:16,25.5,--,18,45900,买盘
1352,13:18:13,25.5,--,43,109650,中性盘
1353,13:18:04,25.5,-0.02,5,12750,中性盘
1354,13:17:58,25.52,0.06,4,10208,买盘
1355,13:17:52,25.46,-0.04,12,30552,卖盘
1356,13:17:46,25.5,0.01,2,5100,买盘
1357,13:17:43,25.49,0.04,2,5098,买盘
1358,13:17:37,25.45,-0.04,200,509000,卖盘
1359,13:17:25,25.49,0.03,23,58627,买盘
1360,13:17:22,25.46,--,4,10184,卖盘
1361,13:17:16,25.46,0.01,11,28006,买盘
1362,13:17:07,25.45,-0.01,5,12725,卖盘
1363,13:17:04,25.46,--,5,12730,买盘
1364,13:17:01,25.46,0.01,87,221502,买盘
1365,13:16:58,25.45,-0.01,5,12725,卖盘
1366,13:16:49,25.46,0.01,8,20368,买盘
1367,13:16:46,25.45,--,5,12725,卖盘
1368,13:16:43,25.45,--,2,5090,卖盘
1369,13:16:40,25.45,--,4,10180,卖盘
1370,13:16:37,25.45,0.01,34,86530,买盘
1371,13:16:34,25.44,--,5,12720,卖盘
1372,13:16:31,25.44,-0.01,1,2544,卖盘
1373,13:16:28,25.45,--,2,5090,买盘
1374,13:16:25,25.45,--,3,7635,买盘
1375,13:16:19,25.45,0.01,1,2545,买盘
1376,13:16:13,25.44,-0.01,20,50880,卖盘
1377,13:16:04,25.45,0.02,13,33085,买盘
1378,13:16:01,25.43,--,5,12715,买盘
1379,13:15:58,25.43,-0.02,207,526401,卖盘
1380,13:15:55,25.45,--,12,30540,买盘
1381,13:15:49,25.45,--,30,76350,卖盘
1382,13:15:46,25.45,--,8,20360,卖盘
1383,13:15:43,25.45,0.02,2,5090,中性盘
1384,13:15:34,25.43,--,1,2543,卖盘
1385,13:15:31,25.43,-0.02,104,264472,卖盘
1386,13:15:22,25.45,0.02,23,58535,买盘
1387,13:15:19,25.43,-0.02,1,2543,卖盘
1388,13:15:16,25.45,0.02,5,12725,买盘
1389,13:15:10,25.43,-0.02,7,17801,卖盘
1390,13:15:01,25.45,-0.01,35,89075,卖盘
1391,13:14:58,25.46,0.01,2,5092,买盘
1392,13:14:52,25.45,0.02,15,38175,买盘
1393,13:14:46,25.43,-0.02,2,5086,卖盘
1394,13:14:40,25.45,-0.01,2,5090,中性盘
1395,13:14:34,25.46,0.03,2,5092,买盘
1396,13:14:31,25.43,-0.03,22,55946,卖盘
1397,13:14:28,25.46,--,5,12730,买盘
1398,13:14:25,25.46,-0.03,39,99294,卖盘
1399,13:14:19,25.49,0.02,1,2549,买盘
1400,13:14:10,25.47,--,23,58581,买盘
1401,13:14:07,25.47,--,49,124803,买盘
1402,13:14:01,25.47,--,11,28017,买盘
1403,13:13:58,25.47,--,5,12735,买盘
1404,13:13:55,25.47,--,15,38205,买盘
1405,13:13:52,25.47,--,25,63675,买盘
1406,13:13:49,25.47,-0.03,59,150273,卖盘
1407,13:13:46,25.5,--,3,7650,买盘
1408,13:13:37,25.5,-0.05,36,91800,中性盘
1409,13:13:31,25.55,0.07,117,298935,买盘
1410,13:13:28,25.48,-0.02,2,5096,卖盘
1411,13:13:25,25.5,--,2,5100,买盘
1412,13:13:22,25.5,0.02,14,35700,买盘
1413,13:13:16,25.48,0.01,5,12740,中性盘
1414,13:13:10,25.47,--,12,30564,卖盘
1415,13:13:04,25.47,--,71,180837,买盘
1416,13:13:01,25.47,0.03,8,20376,买盘
1417,13:12:58,25.44,-0.03,15,38160,中性盘
1418,13:12:40,25.47,0.01,131,333657,买盘
1419,13:12:37,25.46,-0.01,3,7638,卖盘
1420,13:12:34,25.47,--,4,10188,买盘
1421,13:12:31,25.47,--,1,2547,买盘
1422,13:12:25,25.47,0.01,4,10188,买盘
1423,13:12:22,25.46,--,5,12730,卖盘
1424,13:12:13,25.46,--,10,25460,卖盘
1425,13:12:07,25.46,--,16,40736,买盘
1426,13:12:01,25.46,0.05,1,2546,买盘
1427,13:11:40,25.41,-0.05,3,7623,卖盘
1428,13:11:37,25.46,0.04,97,246962,买盘
1429,13:11:31,25.42,0.01,8,20336,买盘
1430,13:11:25,25.41,--,1,2541,买盘
1431,13:11:22,25.41,-0.01,14,35574,卖盘
1432,13:11:19,25.42,0.02,10,25420,买盘
1433,13:11:13,25.4,-0.01,71,180340,卖盘
1434,13:11:07,25.41,--,3,8258,买盘
1435,13:11:04,25.41,0.01,10,25410,买盘
1436,13:11:01,25.4,-0.01,5,12700,卖盘
1437,13:10:55,25.41,--,5,12705,买盘
1438,13:10:52,25.41,0.01,25,63525,买盘
1439,13:10:49,25.4,--,19,48260,卖盘
1440,13:10:46,25.4,--,20,50800,卖盘
1441,13:10:43,25.4,--,6,15240,卖盘
1442,13:10:40,25.4,--,14,35560,卖盘
1443,13:10:34,25.4,--,1,2540,卖盘
1444,13:10:31,25.4,--,12,30480,卖盘
1445,13:10:28,25.4,--,4,10160,中性盘
1446,13:10:22,25.4,0.01,11,27940,买盘
1447,13:10:19,25.39,--,72,182808,卖盘
1448,13:10:16,25.39,--,12,30468,卖盘
1449,13:10:13,25.39,--,4,10156,卖盘
1450,13:10:10,25.39,--,4,10156,卖盘
1451,13:10:07,25.39,--,6,15234,卖盘
1452,13:10:01,25.39,--,24,60936,卖盘
1453,13:09:58,25.39,0.01,62,157418,买盘
1454,13:09:55,25.38,-0.01,70,177660,卖盘
1455,13:09:52,25.39,--,2,5078,买盘
1456,13:09:43,25.39,-0.01,15,38085,卖盘
1457,13:09:37,25.4,0.01,1,2540,卖盘
1458,13:09:31,25.39,--,5,12695,买盘
1459,13:09:25,25.39,--,30,76170,买盘
1460,13:09:22,25.39,-0.01,30,76170,卖盘
1461,13:09:19,25.4,--,18,45720,买盘
1462,13:09:16,25.4,--,5,12700,卖盘
1463,13:09:10,25.4,-0.01,5,12700,卖盘
1464,13:09:04,25.41,0.01,15,38115,买盘
1465,13:08:58,25.4,--,6,15240,买盘
1466,13:08:43,25.4,0.02,14,35560,中性盘
1467,13:08:37,25.38,-0.03,3,7614,卖盘
1468,13:08:31,25.41,0.07,16,40656,买盘
1469,13:08:25,25.34,-0.06,32,81088,卖盘
1470,13:08:16,25.4,0.02,10,25400,买盘
1471,13:08:13,25.38,-0.02,195,494910,卖盘
1472,13:08:07,25.4,0.02,13,33020,买盘
1473,13:07:58,25.38,-0.02,1,2538,卖盘
1474,13:07:55,25.4,--,1,2540,买盘
1475,13:07:49,25.4,--,152,386080,卖盘
1476,13:07:37,25.4,--,5,12700,卖盘
1477,13:07:34,25.4,-0.02,2,5080,卖盘
1478,13:07:31,25.42,0.02,8,20336,买盘
1479,13:07:28,25.4,-0.02,61,154940,卖盘
1480,13:07:22,25.42,-0.01,10,25420,买盘
1481,13:07:19,25.43,--,2,5086,卖盘
1482,13:07:16,25.43,0.03,5,12715,买盘
1483,13:07:13,25.4,-0.02,20,50800,卖盘
1484,13:07:01,25.42,0.02,30,76260,中性盘
1485,13:06:58,25.4,-0.03,101,256540,卖盘
1486,13:06:55,25.43,--,1,2543,中性盘
1487,13:06:49,25.43,--,5,12715,中性盘
1488,13:06:43,25.43,0.01,3,7629,买盘
1489,13:06:40,25.42,-0.03,19,48298,卖盘
1490,13:06:25,25.45,0.02,58,147610,买盘
1491,13:06:10,25.43,-0.02,1,2543,卖盘
1492,13:06:04,25.45,--,4,10180,卖盘
1493,13:05:58,25.45,-0.02,10,25450,卖盘
1494,13:05:40,25.47,0.05,4,10188,买盘
1495,13:05:34,25.42,-0.05,21,53382,卖盘
1496,13:05:28,25.47,0.05,6,15282,买盘
1497,13:05:19,25.42,-0.05,1,2542,卖盘
1498,13:05:16,25.47,--,6,15282,买盘
1499,13:05:01,25.47,--,23,58581,买盘
1500,13:04:43,25.47,0.05,60,152820,买盘
1501,13:04:37,25.42,-0.04,2,5084,卖盘
1502,13:04:25,25.46,0.04,60,152760,买盘
1503,13:04:22,25.42,--,14,35588,卖盘
1504,13:03:55,25.42,0.01,2,5084,买盘
1505,13:03:52,25.41,--,45,114345,卖盘
1506,13:03:43,25.41,-0.05,13,33033,卖盘
1507,13:03:31,25.46,0.04,7,17822,卖盘
1508,13:03:25,25.42,--,1,2542,买盘
1509,13:03:19,25.42,--,6,15252,买盘
1510,13:03:10,25.42,--,10,25420,买盘
1511,13:03:04,25.42,-0.04,13,33046,卖盘
1512,13:03:01,25.46,0.05,9,22914,买盘
1513,13:02:55,25.41,-0.05,4,10164,卖盘
1514,13:02:52,25.46,0.05,34,86564,买盘
1515,13:02:46,25.41,-0.03,2,5082,卖盘
1516,13:02:43,25.44,0.03,63,160272,买盘
1517,13:02:40,25.41,-0.01,21,53361,卖盘
1518,13:02:34,25.42,--,11,27962,卖盘
1519,13:02:25,25.42,--,1,2542,卖盘
1520,13:02:16,25.42,0.02,17,43214,卖盘
1521,13:02:13,25.4,-0.01,20,50800,卖盘
1522,13:02:01,25.41,-0.03,8,20328,卖盘
1523,13:01:58,25.44,-0.01,27,68688,卖盘
1524,13:01:55,25.45,--,2,5090,买盘
1525,13:01:49,25.45,-0.01,51,129795,卖盘
1526,13:01:46,25.46,-0.01,16,40736,卖盘
1527,13:01:43,25.47,0.01,1,2547,买盘
1528,13:01:40,25.46,-0.01,11,28006,卖盘
1529,13:01:34,25.47,-0.03,6,15282,卖盘
1530,13:01:28,25.5,0.03,1,2550,买盘
1531,13:01:22,25.47,--,11,28017,卖盘
1532,13:01:16,25.47,-0.03,43,109521,卖盘
1533,13:01:10,25.5,-0.01,81,206550,卖盘
1534,13:01:07,25.51,0.01,10,25510,买盘
1535,13:01:01,25.5,-0.01,1,2550,卖盘
1536,13:00:58,25.51,-0.01,56,144794,卖盘
1537,13:00:55,25.52,0.01,10,25520,卖盘
1538,13:00:49,25.51,-0.01,50,127550,卖盘
1539,13:00:46,25.52,--,2,5104,卖盘
1540,13:00:43,25.52,0.01,9,22968,买盘
1541,13:00:40,25.51,--,83,211733,卖盘
1542,13:00:34,25.51,-0.01,74,188774,卖盘
1543,13:00:31,25.52,--,15,38280,买盘
1544,13:00:25,25.52,--,2,5104,买盘
1545,13:00:19,25.52,--,2,5104,买盘
1546,13:00:13,25.52,-0.03,2,5104,中性盘
1547,13:00:10,25.55,0.03,38,97090,买盘
1548,13:00:07,25.52,--,90,229680,买盘
1549,13:00:04,25.52,--,111,283272,卖盘
1550,13:00:01,25.52,0.01,38,96976,中性盘
1551,11:29:38,25.51,--,4,10204,卖盘
1552,11:29:32,25.51,--,3,8265,买盘
1553,11:29:26,25.51,--,4,10204,买盘
1554,11:29:20,25.51,0.01,15,38265,买盘
1555,11:29:17,25.5,-0.01,10,25500,卖盘
1556,11:29:14,25.51,0.01,2,5102,买盘
1557,11:29:02,25.5,-0.01,26,66300,卖盘
1558,11:28:59,25.51,0.01,28,71428,买盘
1559,11:28:53,25.5,--,10,25500,卖盘
1560,11:28:41,25.5,--,3,7650,卖盘
1561,11:28:38,25.5,--,10,25500,卖盘
1562,11:28:35,25.5,--,3,7650,卖盘
1563,11:28:32,25.5,-0.01,1,2550,卖盘
1564,11:28:29,25.51,0.01,5,12755,买盘
1565,11:28:26,25.5,--,5,12750,卖盘
1566,11:28:23,25.5,-0.01,30,76500,卖盘
1567,11:28:20,25.51,--,8,20408,买盘
1568,11:28:11,25.51,--,3,7653,买盘
1569,11:28:08,25.51,0.01,22,56122,买盘
1570,11:28:05,25.5,-0.01,3,7650,买盘
1571,11:28:02,25.51,--,105,267855,买盘
1572,11:27:59,25.51,0.01,32,81632,买盘
1573,11:27:56,25.5,0.01,19,48450,中性盘
1574,11:27:41,25.49,-0.02,26,66274,卖盘
1575,11:27:35,25.51,0.01,5,12755,买盘
1576,11:27:32,25.5,0.01,30,76500,买盘
1577,11:27:29,25.49,0.01,15,38235,买盘
1578,11:27:23,25.48,-0.01,1,2548,中性盘
1579,11:27:17,25.49,0.01,20,50980,买盘
1580,11:27:11,25.48,--,1,2548,买盘
1581,11:27:08,25.48,-0.01,4,10192,卖盘
1582,11:27:05,25.49,0.01,6,15293,中性盘
1583,11:27:02,25.48,-0.02,103,262444,卖盘
1584,11:26:56,25.5,--,1,2550,卖盘
1585,11:26:50,25.5,--,138,351900,买盘
1586,11:26:41,25.5,0.01,15,38250,买盘
1587,11:26:38,25.49,--,1,2549,买盘
1588,11:26:32,25.49,-0.01,6,15293,卖盘
1589,11:26:26,25.5,-0.01,12,30600,买盘
1590,11:26:23,25.51,0.01,15,38265,买盘
1591,11:26:20,25.5,--,17,45288,卖盘
1592,11:26:17,25.5,--,3,7650,卖盘
1593,11:26:14,25.5,--,10,25500,卖盘
1594,11:26:11,25.5,-0.01,1,2550,卖盘
1595,11:26:08,25.51,0.01,19,48469,买盘
1596,11:26:05,25.5,--,5,12750,卖盘
1597,11:26:02,25.5,-0.01,20,51000,卖盘
1598,11:25:59,25.51,0.01,81,207243,买盘
1599,11:25:56,25.5,--,19,48450,买盘
1600,11:25:50,25.5,-0.01,75,193188,卖盘
1601,11:25:44,25.51,0.01,10,25510,买盘
1602,11:25:41,25.5,-0.02,96,244800,卖盘
1603,11:25:38,25.52,--,257,655864,卖盘
1604,11:25:35,25.52,0.01,113,288376,买盘
1605,11:25:32,25.51,0.01,63,160713,买盘
1606,11:25:29,25.5,--,98,249900,卖盘
1607,11:25:26,25.5,-0.01,31,79050,卖盘
1608,11:25:23,25.51,0.01,1,2551,买盘
1609,11:25:17,25.5,--,109,277950,卖盘
1610,11:25:08,25.5,--,2,5100,卖盘
1611,11:25:05,25.5,--,7,17850,卖盘
1612,11:25:02,25.5,0.02,201,513162,买盘
1613,11:24:53,25.48,0.01,56,142688,买盘
1614,11:24:50,25.47,0.01,10,25470,买盘
1615,11:24:47,25.46,--,5,12730,卖盘
1616,11:24:44,25.46,--,14,35644,卖盘
1617,11:24:41,25.46,0.02,34,86564,买盘
1618,11:24:38,25.44,-0.02,5,12720,卖盘
1619,11:24:35,25.46,--,1,2546,买盘
1620,11:24:32,25.46,0.02,30,76380,买盘
1621,11:24:29,25.44,-0.02,3,7632,卖盘
1622,11:24:26,25.46,0.02,2,5092,买盘
1623,11:24:20,25.44,-0.02,39,99216,卖盘
1624,11:24:17,25.46,0.01,46,117116,买盘
1625,11:24:14,25.45,0.02,34,86530,买盘
1626,11:24:05,25.43,0.03,5,12715,买盘
1627,11:24:02,25.4,0.05,60,152400,买盘
1628,11:23:59,25.35,-0.04,2,5070,卖盘
1629,11:23:50,25.39,0.04,38,96482,买盘
1630,11:23:47,25.35,--,31,78585,买盘
1631,11:23:44,25.35,--,66,167310,买盘
1632,11:23:41,25.35,--,50,126750,买盘
1633,11:23:38,25.35,--,11,27885,买盘
1634,11:23:35,25.35,--,30,76050,买盘
1635,11:23:32,25.35,--,44,111540,买盘
1636,11:23:29,25.35,--,24,60840,买盘
1637,11:23:26,25.35,--,10,25350,买盘
1638,11:23:23,25.35,--,31,78585,买盘
1639,11:23:17,25.35,--,33,83655,买盘
1640,11:23:14,25.35,0.01,1,2535,买盘
1641,11:23:11,25.34,-0.01,5,12670,卖盘
1642,11:23:08,25.35,0.01,31,78585,买盘
1643,11:23:05,25.34,--,25,63350,卖盘
1644,11:22:59,25.34,-0.01,6,15204,卖盘
1645,11:22:53,25.35,--,43,109005,买盘
1646,11:22:47,25.35,--,16,40560,买盘
1647,11:22:44,25.35,-0.1,718,1820130,卖盘
1648,11:22:38,25.45,0.02,18,45810,买盘
1649,11:22:35,25.43,-0.02,6,15258,卖盘
1650,11:22:32,25.45,--,13,33085,买盘
1651,11:22:29,25.45,--,5,12725,买盘
1652,11:22:26,25.45,--,18,45810,买盘
1653,11:22:20,25.45,--,4,10180,卖盘
1654,11:22:17,25.45,-0.01,8,20360,卖盘
1655,11:22:11,25.46,--,2,5092,买盘
1656,11:22:08,25.46,0.01,4,10184,买盘
1657,11:22:05,25.45,--,3,7635,卖盘
1658,11:22:02,25.45,--,19,48355,卖盘
1659,11:21:59,25.45,--,71,180695,买盘
1660,11:21:53,25.45,--,15,38175,买盘
1661,11:21:47,25.45,0.02,8,20360,买盘
1662,11:21:44,25.43,-0.02,8,20344,中性盘
1663,11:21:38,25.45,--,3,7635,买盘
1664,11:21:35,25.45,--,3,7635,买盘
1665,11:21:20,25.45,-0.01,3,7635,买盘
1666,11:21:14,25.46,0.01,7,17822,买盘
1667,11:21:05,25.45,--,11,27995,卖盘
1668,11:21:02,25.45,0.03,43,109435,买盘
1669,11:20:59,25.42,--,4,10168,买盘
1670,11:20:56,25.42,--,50,127100,买盘
1671,11:20:44,25.42,--,2,5084,买盘
1672,11:20:41,25.42,--,4,10168,买盘
1673,11:20:38,25.42,-0.04,1,2542,卖盘
1674,11:20:35,25.46,0.01,8,20368,买盘
1675,11:20:32,25.45,--,14,35630,买盘
1676,11:20:29,25.45,--,4,10180,买盘
1677,11:20:26,25.45,0.09,4,10180,买盘
1678,11:20:23,25.36,-0.1,10,25360,卖盘
1679,11:20:20,25.46,-0.02,5,12730,卖盘
1680,11:20:14,25.48,0.02,2,5096,买盘
1681,11:20:11,25.46,--,5,12730,卖盘
1682,11:20:08,25.46,--,10,25460,买盘
1683,11:20:05,25.46,0.11,7,17822,买盘
1684,11:20:02,25.35,--,2,5070,卖盘
1685,11:19:59,25.35,-0.09,6,15210,卖盘
1686,11:19:53,25.44,0.09,17,43248,买盘
1687,11:19:47,25.35,--,2,5070,买盘
1688,11:19:44,25.35,--,7,17745,买盘
1689,11:19:41,25.35,--,24,60840,买盘
1690,11:19:35,25.35,--,424,1076741,买盘
1691,11:19:32,25.35,--,1,2535,买盘
1692,11:19:29,25.35,--,90,228150,买盘
1693,11:19:26,25.35,0.01,13,32955,买盘
1694,11:19:23,25.34,-0.01,24,60816,卖盘
1695,11:19:20,25.35,0.01,1,2535,买盘
1696,11:19:16,25.34,-0.01,24,60816,卖盘
1697,11:19:13,25.35,--,1,2535,买盘
1698,11:19:10,25.35,--,15,38025,买盘
1699,11:19:07,25.35,0.01,22,55770,买盘
1700,11:19:04,25.34,--,10,25340,买盘
1701,11:19:01,25.34,-0.01,60,152040,卖盘
1702,11:18:58,25.35,--,4,10140,买盘
1703,11:18:55,25.35,--,2,5070,买盘
1704,11:18:52,25.35,--,3,7605,买盘
1705,11:18:49,25.35,--,11,27885,买盘
1706,11:18:46,25.35,--,55,139425,买盘
1707,11:18:43,25.35,0.01,5,12675,买盘
1708,11:18:40,25.34,--,40,101360,卖盘
1709,11:18:37,25.34,-0.01,36,91224,卖盘
1710,11:18:34,25.35,--,28,70980,买盘
1711,11:18:25,25.35,--,15,38025,买盘
1712,11:18:22,25.35,0.01,6,15210,买盘
1713,11:18:19,25.34,--,31,78554,买盘
1714,11:18:16,25.34,--,56,141904,买盘
1715,11:18:13,25.34,-0.01,13,32942,卖盘
1716,11:18:10,25.35,--,12,30420,买盘
1717,11:18:07,25.35,--,45,114075,买盘
1718,11:18:04,25.35,--,230,583050,卖盘
1719,11:18:01,25.35,-0.01,18,45630,卖盘
1720,11:17:58,25.36,--,47,119192,买盘
1721,11:17:55,25.36,--,66,167376,买盘
1722,11:17:52,25.36,-0.06,459,1164658,卖盘
1723,11:17:49,25.42,-0.03,1,2542,卖盘
1724,11:17:46,25.45,--,28,71260,买盘
1725,11:17:37,25.45,-0.01,4,10180,中性盘
1726,11:17:31,25.46,0.05,5,12730,买盘
1727,11:17:25,25.41,--,10,25410,买盘
1728,11:17:22,25.41,--,2,5082,卖盘
1729,11:17:16,25.41,--,11,27951,买盘
1730,11:17:10,25.41,-0.05,256,650496,卖盘
1731,11:17:07,25.46,--,49,124754,卖盘
1732,11:17:01,25.46,-0.02,10,25460,卖盘
1733,11:16:55,25.48,0.01,8,20384,买盘
1734,11:16:52,25.47,--,15,38205,卖盘
1735,11:16:49,25.47,-0.01,5,12735,卖盘
1736,11:16:43,25.48,--,11,28028,买盘
1737,11:16:40,25.48,--,3,7644,买盘
1738,11:16:37,25.48,-0.01,56,142688,卖盘
1739,11:16:34,25.49,-0.01,1,2549,买盘
1740,11:16:28,25.5,--,96,244800,买盘
1741,11:16:25,25.5,0.01,2,5100,买盘
1742,11:16:22,25.49,--,19,48431,卖盘
1743,11:16:19,25.49,-0.01,72,183528,卖盘
1744,11:16:16,25.5,--,40,102000,买盘
1745,11:16:13,25.5,--,10,25500,买盘
1746,11:16:07,25.5,0.01,1,2550,买盘
1747,11:16:04,25.49,--,3,7646,卖盘
1748,11:16:01,25.49,--,125,318625,买盘
1749,11:15:58,25.49,--,19,48431,买盘
1750,11:15:55,25.49,--,43,109607,买盘
1751,11:15:52,25.49,0.01,2,5098,买盘
1752,11:15:49,25.48,-0.01,17,43316,卖盘
1753,11:15:43,25.49,--,6,15293,买盘
1754,11:15:37,25.49,--,1,2549,买盘
1755,11:15:34,25.49,0.01,5,12745,买盘
1756,11:15:31,25.48,--,2,5096,卖盘
1757,11:15:28,25.48,--,7,17836,买盘
1758,11:15:25,25.48,--,61,155428,卖盘
1759,11:15:22,25.48,--,9,22932,买盘
1760,11:15:19,25.48,0.02,26,66248,买盘
1761,11:15:04,25.46,--,9,22914,卖盘
1762,11:14:58,25.46,--,42,106932,卖盘
1763,11:14:52,25.46,--,48,122208,买盘
1764,11:14:49,25.46,0.01,1,2546,买盘
1765,11:14:43,25.45,--,10,25450,买盘
1766,11:14:34,25.45,0.05,10,25450,买盘
1767,11:14:28,25.4,--,11,27940,卖盘
1768,11:14:22,25.4,--,51,129540,买盘
1769,11:14:19,25.4,--,5,12700,买盘
1770,11:14:16,25.4,--,55,139700,买盘
1771,11:14:13,25.4,0.01,20,50800,买盘
1772,11:14:10,25.39,--,67,170113,卖盘
1773,11:14:07,25.39,-0.01,5,12695,卖盘
1774,11:14:04,25.4,--,1,2540,买盘
1775,11:14:01,25.4,--,5,12700,买盘
1776,11:13:58,25.4,0.01,8,20320,买盘
1777,11:13:49,25.39,--,37,93943,买盘
1778,11:13:46,25.39,--,21,53319,买盘
1779,11:13:40,25.39,0.01,4,10156,买盘
1780,11:13:25,25.38,--,41,104058,买盘
1781,11:13:22,25.38,0.01,14,35532,买盘
1782,11:13:16,25.37,0.01,2,5074,中性盘
1783,11:13:07,25.36,-0.01,13,32968,卖盘
1784,11:13:04,25.37,--,79,200423,买盘
1785,11:13:01,25.37,--,18,45666,买盘
1786,11:12:58,25.37,--,13,32981,买盘
1787,11:12:55,25.37,--,6,15222,买盘
1788,11:12:52,25.37,--,7,17759,买盘
1789,11:12:49,25.37,0.01,20,50740,买盘
1790,11:12:46,25.36,-0.01,55,139480,卖盘
1791,11:12:43,25.37,--,13,32981,买盘
1792,11:12:37,25.37,--,4,10148,买盘
1793,11:12:34,25.37,--,2,5074,买盘
1794,11:12:28,25.37,--,15,38055,买盘
1795,11:12:25,25.37,--,4,10148,买盘
1796,11:12:19,25.37,0.01,2,5074,买盘
1797,11:12:13,25.36,--,9,24726,买盘
1798,11:12:10,25.36,--,6,15216,买盘
1799,11:12:07,25.36,--,57,144552,买盘
1800,11:12:04,25.36,--,22,55792,买盘
1801,11:12:01,25.36,0.01,7,17752,买盘
1802,11:11:55,25.35,--,5,12675,卖盘
1803,11:11:52,25.35,-0.01,10,25350,卖盘
1804,11:11:49,25.36,--,32,81152,买盘
1805,11:11:46,25.36,0.01,13,32968,买盘
1806,11:11:43,25.35,-0.01,30,76050,卖盘
1807,11:11:40,25.36,--,16,40576,买盘
1808,11:11:31,25.36,--,5,12680,买盘
1809,11:11:28,25.36,--,1,2536,买盘
1810,11:11:25,25.36,--,2,5072,买盘
1811,11:11:19,25.36,0.01,1,2536,买盘
1812,11:11:16,25.35,-0.01,1,2535,中性盘
1813,11:11:13,25.36,0.01,20,50720,买盘
1814,11:11:10,25.35,-0.01,15,38025,卖盘
1815,11:11:07,25.36,--,50,126800,买盘
1816,11:11:01,25.36,--,6,15216,买盘
1817,11:10:58,25.36,--,7,17752,买盘
1818,11:10:55,25.36,-0.01,8,20288,卖盘
1819,11:10:43,25.37,--,5,12685,买盘
1820,11:10:40,25.37,--,10,25370,买盘
1821,11:10:31,25.37,0.01,7,17759,买盘
1822,11:10:22,25.36,--,8,20288,买盘
1823,11:10:19,25.36,--,7,17752,买盘
1824,11:10:16,25.36,0.05,1,2536,买盘
1825,11:10:13,25.31,-0.05,540,1366740,卖盘
1826,11:10:10,25.36,--,3,7608,买盘
1827,11:10:07,25.36,--,8,20288,买盘
1828,11:10:01,25.36,0.01,12,30432,买盘
1829,11:09:58,25.35,-0.02,9,22815,卖盘
1830,11:09:55,25.37,0.01,3,7611,买盘
1831,11:09:52,25.36,--,5,12680,卖盘
1832,11:09:40,25.36,-0.01,12,30432,卖盘
1833,11:09:34,25.37,--,52,131924,买盘
1834,11:09:28,25.37,--,3,7611,买盘
1835,11:09:22,25.37,--,2,5074,买盘
1836,11:09:19,25.37,0.02,17,43129,买盘
1837,11:09:13,25.35,--,20,50700,卖盘
1838,11:09:10,25.35,-0.02,12,30420,卖盘
1839,11:09:07,25.37,--,19,48203,买盘
1840,11:09:04,25.37,--,6,15222,买盘
1841,11:09:01,25.37,-0.01,1,2537,中性盘
1842,11:08:58,25.38,0.01,5,12690,买盘
1843,11:08:55,25.37,--,21,53277,卖盘
1844,11:08:52,25.37,--,6,15222,卖盘
1845,11:08:49,25.37,-0.01,6,15222,卖盘
1846,11:08:43,25.38,--,6,15228,买盘
1847,11:08:40,25.38,--,4,10152,买盘
1848,11:08:37,25.38,--,60,152280,卖盘
1849,11:08:34,25.38,-0.01,24,60912,卖盘
1850,11:08:28,25.39,0.01,4,10156,买盘
1851,11:08:25,25.38,--,3,7614,卖盘
1852,11:08:22,25.38,--,5,12690,卖盘
1853,11:08:16,25.38,--,32,81216,卖盘
1854,11:08:13,25.38,0.01,29,73602,买盘
1855,11:08:07,25.37,--,34,86258,卖盘
1856,11:08:01,25.37,-0.01,20,50740,卖盘
1857,11:07:58,25.38,--,2,5076,买盘
1858,11:07:46,25.38,0.06,75,190350,买盘
1859,11:07:43,25.32,-0.05,14,35448,卖盘
1860,11:07:40,25.37,--,21,53277,买盘
1861,11:07:37,25.37,0.05,7,17759,买盘
1862,11:07:34,25.32,-0.05,55,139260,卖盘
1863,11:07:28,25.37,--,1,2537,买盘
1864,11:07:25,25.37,--,10,25370,买盘
1865,11:07:22,25.37,0.02,10,25370,买盘
1866,11:07:19,25.35,0.03,10,25350,中性盘
1867,11:07:16,25.32,--,122,308904,卖盘
1868,11:07:04,25.32,--,15,37980,买盘
1869,11:07:01,25.32,0.01,1,2532,买盘
1870,11:06:55,25.31,--,11,27841,卖盘
1871,11:06:46,25.31,--,8,21260,买盘
1872,11:06:43,25.31,--,123,311313,买盘
1873,11:06:37,25.31,--,10,25310,买盘
1874,11:06:34,25.31,--,54,136674,买盘
1875,11:06:31,25.31,--,1,2531,买盘
1876,11:06:25,25.31,--,18,45558,买盘
1877,11:06:22,25.31,--,84,212604,买盘
1878,11:06:19,25.31,--,12,30372,买盘
1879,11:06:16,25.31,-0.02,114,288534,卖盘
1880,11:06:13,25.33,--,5,12665,买盘
1881,11:06:07,25.33,--,103,260898,买盘
1882,11:06:01,25.33,0.01,5,12665,买盘
1883,11:05:58,25.32,-0.03,22,55704,卖盘
1884,11:05:49,25.35,--,2,5070,买盘
1885,11:05:46,25.35,-0.02,1,2535,卖盘
1886,11:05:43,25.37,0.02,4,10148,买盘
1887,11:05:40,25.35,-0.02,9,22815,卖盘
1888,11:05:37,25.37,--,22,55814,买盘
1889,11:05:34,25.37,--,5,12685,买盘
1890,11:05:28,25.37,--,10,25370,买盘
1891,11:05:25,25.37,--,15,38055,卖盘
1892,11:05:22,25.37,-0.01,2,5074,卖盘
1893,11:05:19,25.38,--,7,17766,买盘
1894,11:05:07,25.38,-0.01,4,10152,卖盘
1895,11:05:04,25.39,0.01,13,33007,买盘
1896,11:04:55,25.38,--,2,5076,卖盘
1897,11:04:52,25.38,--,20,50760,买盘
1898,11:04:49,25.38,--,23,58374,买盘
1899,11:04:46,25.38,--,1,2538,买盘
1900,11:04:40,25.38,--,7,17766,买盘
1901,11:04:37,25.38,--,1,2538,买盘
1902,11:04:28,25.38,0.01,41,104058,买盘
1903,11:04:22,25.37,0.02,12,30444,买盘
1904,11:04:16,25.35,--,3,7605,卖盘
1905,11:04:13,25.35,--,28,70980,买盘
1906,11:04:04,25.35,0.03,39,98865,买盘
1907,11:03:58,25.32,0.01,191,484878,买盘
1908,11:03:55,25.31,0.01,36,91116,买盘
1909,11:03:52,25.3,--,19,48070,卖盘
1910,11:03:49,25.3,--,69,174570,卖盘
1911,11:03:43,25.3,-0.01,16,40480,卖盘
1912,11:03:37,25.31,0.01,10,25310,买盘
1913,11:03:31,25.3,-0.01,19,48070,卖盘
1914,11:03:28,25.31,--,14,35434,买盘
1915,11:03:25,25.31,0.01,120,303720,买盘
1916,11:03:22,25.3,--,4,10120,卖盘
1917,11:03:19,25.3,--,22,55660,卖盘
1918,11:03:16,25.3,-0.01,1,2530,卖盘
1919,11:03:13,25.31,0.01,35,88585,买盘
1920,11:03:10,25.3,--,67,169510,买盘
1921,11:03:07,25.3,--,27,68310,买盘
1922,11:03:04,25.3,--,15,37950,买盘
1923,11:03:01,25.3,--,3,7590,买盘
1924,11:02:58,25.3,--,20,50600,买盘
1925,11:02:55,25.3,--,97,245410,买盘
1926,11:02:52,25.3,-0.01,551,1395295,卖盘
1927,11:02:46,25.31,--,200,506200,买盘
1928,11:02:43,25.31,0.01,4,10124,买盘
1929,11:02:40,25.3,--,6,15180,卖盘
1930,11:02:37,25.3,-0.01,39,98670,卖盘
1931,11:02:34,25.31,0.01,60,151860,买盘
1932,11:02:31,25.3,--,6,15180,卖盘
1933,11:02:28,25.3,-0.01,7,17710,卖盘
1934,11:02:22,25.31,--,1,2531,买盘
1935,11:02:19,25.31,0.01,20,50620,中性盘
1936,11:02:13,25.3,--,6,15180,卖盘
1937,11:02:10,25.3,-0.02,96,242880,卖盘
1938,11:02:07,25.32,--,5,12660,卖盘
1939,11:02:04,25.32,0.02,17,43044,买盘
1940,11:02:01,25.3,--,24,60720,卖盘
1941,11:01:58,25.3,--,6,15180,卖盘
1942,11:01:55,25.3,--,5,12650,卖盘
1943,11:01:52,25.3,--,109,275770,卖盘
1944,11:01:46,25.3,--,329,833635,买盘
1945,11:01:43,25.3,-0.01,35,89815,卖盘
1946,11:01:40,25.31,0.01,260,659325,买盘
1947,11:01:37,25.3,--,81,204930,卖盘
1948,11:01:31,25.3,--,45,113850,卖盘
1949,11:01:28,25.3,--,13,32890,卖盘
1950,11:01:25,25.3,--,15,37950,卖盘
1951,11:01:22,25.3,--,60,151800,卖盘
1952,11:01:13,25.3,--,49,123970,卖盘
1953,11:01:10,25.3,-0.01,24,60720,卖盘
1954,11:01:07,25.31,0.01,22,55682,买盘
1955,11:01:04,25.3,-0.01,109,275770,卖盘
1956,11:01:01,25.31,--,26,65806,买盘
1957,11:00:58,25.31,0.01,116,293596,买盘
1958,11:00:55,25.3,-0.01,98,247940,卖盘
1959,11:00:52,25.31,--,24,60744,买盘
1960,11:00:49,25.31,--,216,546696,卖盘
1961,11:00:46,25.31,-0.01,12,30372,卖盘
1962,11:00:43,25.32,--,96,243072,买盘
1963,11:00:37,25.32,--,2,5064,买盘
1964,11:00:31,25.32,0.02,9,22788,中性盘
1965,11:00:28,25.3,-0.04,521,1318130,卖盘
1966,11:00:25,25.34,--,11,27874,卖盘
1967,11:00:22,25.34,--,25,63350,卖盘
1968,11:00:16,25.34,--,4,10136,卖盘
1969,11:00:13,25.34,0.03,30,76020,买盘
1970,11:00:07,25.31,-0.02,25,63275,卖盘
1971,11:00:04,25.33,-0.02,10,25330,卖盘
1972,11:00:01,25.35,--,6,15210,买盘
1973,10:59:58,25.35,0.03,34,86190,买盘
1974,10:59:55,25.32,--,2,5064,中性盘
1975,10:59:52,25.32,0.01,28,70896,中性盘
1976,10:59:46,25.31,-0.04,120,303720,卖盘
1977,10:59:43,25.35,0.03,11,27885,买盘
1978,10:59:37,25.32,-0.02,56,141792,卖盘
1979,10:59:34,25.34,0.01,64,162176,买盘
1980,10:59:28,25.33,-0.02,79,200107,卖盘
1981,10:59:25,25.35,--,53,134355,买盘
1982,10:59:19,25.35,--,5,12675,买盘
1983,10:59:13,25.35,-0.01,29,73515,卖盘
1984,10:59:04,25.36,0.01,1,2536,买盘
1985,10:58:55,25.35,-0.01,2,5070,卖盘
1986,10:58:52,25.36,-0.01,20,50720,中性盘
1987,10:58:40,25.37,0.07,35,88795,买盘
1988,10:58:37,25.3,-0.08,423,1070190,卖盘
1989,10:58:33,25.38,0.07,1,2538,买盘
1990,10:58:27,25.31,-0.04,153,387243,卖盘
1991,10:58:24,25.35,-0.03,51,129285,卖盘
1992,10:58:21,25.38,-0.01,2,5076,中性盘
1993,10:58:15,25.39,0.02,109,276751,买盘
1994,10:58:12,25.37,--,6,15222,卖盘
1995,10:58:09,25.37,-0.02,15,38055,卖盘
1996,10:58:06,25.39,--,10,25390,卖盘
1997,10:58:00,25.39,0.02,2,5078,卖盘
1998,10:57:54,25.37,0.01,12,30444,买盘
1999,10:57:48,25.36,-0.02,8,20288,卖盘
2000,10:57:45,25.38,0.01,19,48222,买盘
2001,10:57:42,25.37,-0.03,6,15222,卖盘
2002,10:57:36,25.4,0.03,63,160020,买盘
2003,10:57:33,25.37,-0.04,77,195349,卖盘
2004,10:57:21,25.41,0.03,9,22869,买盘
2005,10:57:18,25.38,-0.02,93,236998,卖盘
2006,10:57:15,25.4,-0.01,7,17780,卖盘
2007,10:57:12,25.41,--,4,10164,买盘
2008,10:57:09,25.41,0.01,1,2541,买盘
2009,10:57:06,25.4,-0.01,31,78740,卖盘
2010,10:57:03,25.41,0.01,17,43197,买盘
2011,10:57:00,25.4,-0.01,11,27940,卖盘
2012,10:56:57,25.41,-0.01,4,10164,中性盘
2013,10:56:45,25.42,0.02,4,10168,中性盘
2014,10:56:33,25.4,--,27,68580,卖盘
2015,10:56:30,25.4,--,5,12700,卖盘
2016,10:56:27,25.4,--,5,12700,卖盘
2017,10:56:24,25.4,--,14,37134,买盘
2018,10:56:21,25.4,--,10,25400,买盘
2019,10:56:18,25.4,--,5,12700,买盘
2020,10:56:15,25.4,--,8,20320,买盘
2021,10:56:12,25.4,0.1,5,12700,买盘
2022,10:56:09,25.3,-0.1,1332,3369960,卖盘
2023,10:56:06,25.4,--,1,2540,买盘
2024,10:56:00,25.4,0.01,15,38100,买盘
2025,10:55:57,25.39,-0.01,79,200581,卖盘
2026,10:55:54,25.4,--,53,134620,买盘
2027,10:55:51,25.4,--,11,27940,买盘
2028,10:55:48,25.4,--,6,15240,买盘
2029,10:55:45,25.4,--,164,416560,买盘
2030,10:55:42,25.4,-0.05,163,414020,卖盘
2031,10:55:39,25.45,--,20,50900,买盘
2032,10:55:30,25.45,--,3,7635,买盘
2033,10:55:27,25.45,0.02,17,43265,买盘
2034,10:55:21,25.43,--,98,249214,卖盘
2035,10:55:15,25.43,0.01,62,157666,买盘
2036,10:55:09,25.42,--,43,109306,买盘
2037,10:55:06,25.42,0.01,6,15252,买盘
2038,10:54:57,25.41,-0.01,12,30492,卖盘
2039,10:54:54,25.42,0.01,6,15252,买盘
2040,10:54:51,25.41,-0.01,15,38115,卖盘
2041,10:54:42,25.42,0.01,7,17794,买盘
2042,10:54:39,25.41,0.01,73,185493,买盘
2043,10:54:36,25.4,0.02,388,985520,买盘
2044,10:54:33,25.38,--,10,25380,卖盘
2045,10:54:27,25.38,-0.01,3,7614,卖盘
2046,10:54:18,25.39,0.01,16,40624,买盘
2047,10:54:15,25.38,--,30,76140,买盘
2048,10:54:09,25.38,--,1,2538,买盘
2049,10:54:00,25.38,0.02,18,45684,买盘
2050,10:53:57,25.36,-0.02,92,233312,卖盘
2051,10:53:54,25.38,0.01,7,17766,买盘
2052,10:53:48,25.37,--,77,195349,买盘
2053,10:53:45,25.37,--,9,22833,买盘
2054,10:53:42,25.37,-0.01,51,129387,卖盘
2055,10:53:39,25.38,--,26,65988,买盘
2056,10:53:36,25.38,--,6,15228,买盘
2057,10:53:33,25.38,0.01,2,5076,买盘
2058,10:53:30,25.37,-0.01,14,35518,卖盘
2059,10:53:27,25.38,--,9,22842,买盘
2060,10:53:24,25.38,0.01,11,27918,买盘
2061,10:53:21,25.37,-0.01,60,152220,卖盘
2062,10:53:18,25.38,--,27,68526,买盘
2063,10:53:12,25.38,--,18,45684,买盘
2064,10:53:09,25.38,-0.01,30,76140,卖盘
2065,10:53:06,25.39,--,12,30468,卖盘
2066,10:53:03,25.39,--,10,25390,卖盘
2067,10:53:00,25.39,-0.01,13,33007,中性盘
2068,10:52:57,25.4,0.01,16,40640,买盘
2069,10:52:54,25.39,-0.01,3,7617,买盘
2070,10:52:51,25.4,--,22,55880,买盘
2071,10:52:45,25.4,--,10,25400,买盘
2072,10:52:42,25.4,0.01,12,30480,买盘
2073,10:52:39,25.39,-0.01,10,25390,卖盘
2074,10:52:36,25.4,0.01,2,5080,买盘
2075,10:52:30,25.39,--,40,101560,买盘
2076,10:52:24,25.39,--,25,63475,买盘
2077,10:52:21,25.39,-0.01,43,109177,卖盘
2078,10:52:18,25.4,0.01,4,10160,买盘
2079,10:52:15,25.39,-0.01,5,12695,卖盘
2080,10:52:09,25.4,0.01,18,45720,买盘
2081,10:52:03,25.39,-0.01,5,12695,卖盘
2082,10:51:57,25.4,--,22,55880,买盘
2083,10:51:54,25.4,--,13,33020,买盘
2084,10:51:51,25.4,--,23,58420,买盘
2085,10:51:48,25.4,--,5,12700,买盘
2086,10:51:45,25.4,0.02,22,55880,买盘
2087,10:51:39,25.38,--,23,58374,卖盘
2088,10:51:36,25.38,--,20,50760,卖盘
2089,10:51:33,25.38,--,50,126900,卖盘
2090,10:51:30,25.38,--,21,53298,卖盘
2091,10:51:27,25.38,--,3,7614,卖盘
2092,10:51:24,25.38,--,68,172584,卖盘
2093,10:51:12,25.38,-0.01,30,76140,卖盘
2094,10:51:09,25.39,-0.01,25,63475,中性盘
2095,10:51:00,25.4,--,19,48260,买盘
2096,10:50:54,25.4,0.01,30,76200,买盘
2097,10:50:51,25.39,-0.01,1,2539,卖盘
2098,10:50:48,25.4,0.01,26,66040,买盘
2099,10:50:39,25.39,--,36,91404,卖盘
2100,10:50:36,25.39,-0.01,6,15234,卖盘
2101,10:50:27,25.4,-0.02,75,190500,卖盘
2102,10:50:24,25.42,0.02,88,223696,买盘
2103,10:50:18,25.4,-0.01,1,2540,中性盘
2104,10:50:15,25.41,--,13,33033,买盘
2105,10:50:12,25.41,-0.01,1,2541,中性盘
2106,10:50:09,25.42,0.01,6,15252,买盘
2107,10:50:03,25.41,-0.01,19,48279,中性盘
2108,10:50:00,25.42,0.01,9,22878,买盘
2109,10:49:57,25.41,0.04,5,12705,中性盘
2110,10:49:54,25.37,-0.05,210,532770,卖盘
2111,10:49:51,25.42,--,148,376216,买盘
2112,10:49:45,25.42,--,98,249116,买盘
2113,10:49:42,25.42,-0.01,219,556698,卖盘
2114,10:49:39,25.43,--,28,71204,买盘
2115,10:49:36,25.43,--,23,58489,买盘
2116,10:49:33,25.43,0.01,29,73747,买盘
2117,10:49:30,25.42,--,60,152520,买盘
2118,10:49:27,25.42,-0.01,26,66092,卖盘
2119,10:49:24,25.43,0.01,6,15258,买盘
2120,10:49:21,25.42,0.02,292,742264,买盘
2121,10:49:15,25.4,-0.03,198,502920,卖盘
2122,10:49:12,25.43,--,7,17801,买盘
2123,10:49:09,25.43,--,19,48317,买盘
2124,10:49:06,25.43,--,32,81376,买盘
2125,10:49:03,25.43,0.01,3,7629,买盘
2126,10:49:00,25.42,0.01,7,17794,中性盘
2127,10:48:57,25.41,--,5,12705,卖盘
2128,10:48:54,25.41,-0.02,35,88935,卖盘
2129,10:48:51,25.43,0.02,12,30516,买盘
2130,10:48:45,25.41,--,4,10164,卖盘
2131,10:48:36,25.41,--,62,157542,买盘
2132,10:48:33,25.41,--,10,25410,买盘
2133,10:48:30,25.41,--,20,50820,买盘
2134,10:48:27,25.41,0.01,28,71148,买盘
2135,10:48:24,25.4,--,31,78740,卖盘
2136,10:48:21,25.4,0.01,22,55880,卖盘
2137,10:48:15,25.39,-0.01,39,99021,卖盘
2138,10:48:12,25.4,0.01,10,25400,买盘
2139,10:48:09,25.39,-0.01,87,220893,卖盘
2140,10:48:06,25.4,--,29,73660,买盘
2141,10:48:03,25.4,--,8,20320,买盘
2142,10:48:00,25.4,0.01,10,25400,买盘
2143,10:47:57,25.39,--,19,48241,卖盘
2144,10:47:51,25.39,--,47,119333,卖盘
2145,10:47:45,25.39,--,13,33007,买盘
2146,10:47:42,25.39,--,15,38085,买盘
2147,10:47:39,25.39,--,3,7617,买盘
2148,10:47:36,25.39,--,5,12695,买盘
2149,10:47:30,25.39,0.02,5,12695,买盘
2150,10:47:24,25.37,--,5,12685,卖盘
2151,10:47:21,25.37,--,68,174342,买盘
2152,10:47:15,25.37,--,5,12685,买盘
2153,10:47:12,25.37,-0.02,20,50740,买盘
2154,10:47:09,25.39,--,19,48951,卖盘
2155,10:47:06,25.39,0.04,174,443614,买盘
2156,10:47:00,25.35,--,46,116610,买盘
2157,10:46:57,25.35,--,9,22815,买盘
2158,10:46:54,25.35,--,31,78585,卖盘
2159,10:46:51,25.35,-0.01,59,149565,卖盘
2160,10:46:48,25.36,--,33,83688,买盘
2161,10:46:45,25.36,0.03,3,7608,买盘
2162,10:46:42,25.33,-0.02,63,159579,卖盘
2163,10:46:39,25.35,-0.01,8,20280,中性盘
2164,10:46:33,25.36,0.03,25,63400,买盘
2165,10:46:30,25.33,-0.02,14,35462,卖盘
2166,10:46:27,25.35,--,51,129285,卖盘
2167,10:46:21,25.35,--,88,223080,卖盘
2168,10:46:18,25.35,--,5,12675,卖盘
2169,10:46:12,25.35,--,2,5070,卖盘
2170,10:46:09,25.35,0.02,159,403065,买盘
2171,10:46:06,25.33,-0.02,10,25330,中性盘
2172,10:46:03,25.35,0.03,7,17745,买盘
2173,10:46:00,25.32,0.02,15,37980,买盘
2174,10:45:57,25.3,-0.01,18,45540,卖盘
2175,10:45:54,25.31,--,114,288534,买盘
2176,10:45:51,25.31,0.01,25,63275,买盘
2177,10:45:48,25.3,--,12,30360,卖盘
2178,10:45:45,25.3,-0.04,41,103730,卖盘
2179,10:45:42,25.34,--,18,45612,买盘
2180,10:45:39,25.34,0.02,28,70952,买盘
2181,10:45:36,25.32,0.01,11,27852,卖盘
2182,10:45:33,25.31,--,1,2531,中性盘
2183,10:45:30,25.31,0.01,84,212604,卖盘
2184,10:45:27,25.3,--,49,123970,卖盘
2185,10:45:24,25.3,-0.01,43,108790,卖盘
2186,10:45:21,25.31,--,136,344216,买盘
2187,10:45:12,25.31,0.01,39,98709,买盘
2188,10:45:06,25.3,--,49,123970,卖盘
2189,10:45:03,25.3,-0.01,47,118910,卖盘
2190,10:45:00,25.31,--,12,30372,买盘
2191,10:44:57,25.31,--,79,199949,买盘
2192,10:44:54,25.31,--,49,124019,买盘
2193,10:44:51,25.31,--,14,35434,买盘
2194,10:44:48,25.31,--,8,20248,买盘
2195,10:44:45,25.31,0.01,48,121488,买盘
2196,10:44:42,25.3,-0.01,61,154330,卖盘
2197,10:44:39,25.31,--,11,27841,卖盘
2198,10:44:36,25.31,-0.01,76,192356,卖盘
2199,10:44:33,25.32,--,31,78492,买盘
2200,10:44:30,25.32,0.01,44,111408,中性盘
2201,10:44:27,25.31,-0.01,49,124019,卖盘
2202,10:44:24,25.32,--,2,5064,卖盘
2203,10:44:21,25.32,0.01,27,68364,中性盘
2204,10:44:15,25.31,--,29,73399,卖盘
2205,10:44:12,25.31,-0.03,327,827637,卖盘
2206,10:44:09,25.34,0.03,11,27874,买盘
2207,10:44:03,25.31,-0.04,5,12655,卖盘
2208,10:43:57,25.35,0.01,18,45630,买盘
2209,10:43:54,25.34,0.04,28,70952,中性盘
2210,10:43:51,25.3,-0.05,295,746350,卖盘
2211,10:43:48,25.35,--,6,15210,买盘
2212,10:43:45,25.35,-0.01,20,50700,中性盘
2213,10:43:42,25.36,--,142,360112,买盘
2214,10:43:39,25.36,--,83,210488,买盘
2215,10:43:33,25.36,--,77,195272,买盘
2216,10:43:30,25.36,--,106,268816,卖盘
2217,10:43:27,25.36,--,23,58328,卖盘
2218,10:43:24,25.36,-0.01,65,164840,卖盘
2219,10:43:21,25.37,0.01,3,7611,买盘
2220,10:43:18,25.36,--,2,5072,卖盘
2221,10:43:15,25.36,-0.01,19,48184,卖盘
2222,10:43:12,25.37,0.01,8,20296,买盘
2223,10:43:09,25.36,0.01,4,10144,卖盘
2224,10:43:06,25.35,-0.01,49,124215,卖盘
2225,10:43:03,25.36,--,22,55792,买盘
2226,10:43:00,25.36,--,64,162304,买盘
2227,10:42:57,25.36,0.01,284,720224,买盘
2228,10:42:51,25.35,-0.01,72,182520,卖盘
2229,10:42:48,25.36,--,10,25360,买盘
2230,10:42:45,25.36,0.01,47,119192,买盘
2231,10:42:39,25.35,-0.01,31,78585,卖盘
2232,10:42:36,25.36,--,22,55792,卖盘
2233,10:42:33,25.36,0.01,12,30432,买盘
2234,10:42:30,25.35,-0.02,13,32955,卖盘
2235,10:42:27,25.37,0.02,7,17759,买盘
2236,10:42:24,25.35,-0.01,6,15210,卖盘
2237,10:42:21,25.36,0.01,14,35504,买盘
2238,10:42:18,25.35,-0.02,140,354900,卖盘
2239,10:42:15,25.37,0.01,80,202960,买盘
2240,10:42:12,25.36,--,48,121728,卖盘
2241,10:42:06,25.36,--,23,58328,卖盘
2242,10:42:03,25.36,--,15,38040,卖盘
2243,10:42:00,25.36,--,79,200344,卖盘
2244,10:41:57,25.36,-0.02,19,48184,卖盘
2245,10:41:54,25.38,--,2,5076,买盘
2246,10:41:48,25.38,--,46,116748,买盘
2247,10:41:45,25.38,--,18,45684,买盘
2248,10:41:39,25.38,--,15,38070,买盘
2249,10:41:36,25.38,--,22,55836,买盘
2250,10:41:33,25.38,-0.03,42,106596,卖盘
2251,10:41:24,25.41,--,7,17787,买盘
2252,10:41:21,25.41,0.03,2,5082,买盘
2253,10:41:18,25.38,--,15,38070,卖盘
2254,10:41:15,25.38,-0.02,9,22842,卖盘
2255,10:41:12,25.4,0.03,4,10160,买盘
2256,10:41:09,25.37,0.01,87,221657,买盘
2257,10:41:06,25.36,-0.01,98,248528,卖盘
2258,10:41:00,25.37,--,110,280668,卖盘
2259,10:40:57,25.37,-0.01,37,93869,卖盘
2260,10:40:54,25.38,-0.01,21,53298,卖盘
2261,10:40:51,25.39,0.02,13,33007,买盘
2262,10:40:48,25.37,--,80,202960,卖盘
2263,10:40:45,25.37,-0.02,98,248626,卖盘
2264,10:40:39,25.39,--,62,157418,买盘
2265,10:40:36,25.39,0.01,116,294524,买盘
2266,10:40:33,25.38,--,102,258876,卖盘
2267,10:40:30,25.38,-0.01,6,15228,卖盘
2268,10:40:27,25.39,--,41,104099,买盘
2269,10:40:24,25.39,--,2,5078,买盘
2270,10:40:21,25.39,--,11,27929,买盘
2271,10:40:18,25.39,--,23,58397,买盘
2272,10:40:15,25.39,-0.04,340,863260,卖盘
2273,10:40:12,25.43,-0.01,2,5086,买盘
2274,10:40:09,25.44,0.01,3,7632,买盘
2275,10:40:06,25.43,--,28,71204,卖盘
2276,10:40:03,25.43,--,13,33059,卖盘
2277,10:40:00,25.43,--,3,7629,卖盘
2278,10:39:57,25.43,-0.01,13,33059,卖盘
2279,10:39:54,25.44,0.02,179,455376,买盘
2280,10:39:51,25.42,-0.02,2,5084,卖盘
2281,10:39:48,25.44,0.02,30,76320,买盘
2282,10:39:45,25.42,-0.02,8,20336,卖盘
2283,10:39:42,25.44,0.02,4,10176,买盘
2284,10:39:39,25.42,-0.02,33,83886,卖盘
2285,10:39:36,25.44,--,12,30528,买盘
2286,10:39:30,25.44,0.02,18,45792,买盘
2287,10:39:27,25.42,-0.02,35,88970,卖盘
2288,10:39:24,25.44,0.01,9,22896,买盘
2289,10:39:18,25.43,-0.01,21,53403,中性盘
2290,10:39:12,25.44,0.01,19,48336,买盘
2291,10:39:09,25.43,--,108,274644,买盘
2292,10:39:06,25.43,-0.01,21,53403,卖盘
2293,10:39:03,25.44,--,17,43248,买盘
2294,10:39:00,25.44,--,54,137376,买盘
2295,10:38:57,25.44,0.01,70,178080,买盘
2296,10:38:54,25.43,-0.01,22,55946,卖盘
2297,10:38:51,25.44,--,16,40704,买盘
2298,10:38:48,25.44,--,24,61056,买盘
2299,10:38:42,25.44,--,14,35616,买盘
2300,10:38:36,25.44,0.01,369,938736,买盘
2301,10:38:33,25.43,-0.01,20,50860,卖盘
2302,10:38:21,25.44,0.01,6,15264,买盘
2303,10:38:18,25.43,--,48,122064,买盘
2304,10:38:15,25.43,--,47,119521,卖盘
2305,10:38:11,25.43,--,5,12715,卖盘
2306,10:38:05,25.43,-0.01,4,10172,卖盘
2307,10:38:02,25.44,0.03,17,43248,买盘
2308,10:37:56,25.41,-0.03,101,256641,卖盘
2309,10:37:53,25.44,0.01,13,33072,买盘
2310,10:37:47,25.43,0.01,110,279730,买盘
2311,10:37:44,25.42,--,30,76260,买盘
2312,10:37:41,25.42,--,14,35588,买盘
2313,10:37:35,25.42,-0.01,16,40672,卖盘
2314,10:37:32,25.43,--,16,40688,买盘
2315,10:37:29,25.43,--,10,25430,买盘
2316,10:37:26,25.43,--,10,25430,买盘
2317,10:37:20,25.43,--,19,48317,买盘
2318,10:37:17,25.43,0.02,7,17801,买盘
2319,10:37:11,25.41,-0.02,19,48279,卖盘
2320,10:36:59,25.43,0.03,7,17801,买盘
2321,10:36:56,25.4,-0.02,48,121920,卖盘
2322,10:36:53,25.42,--,33,83886,买盘
2323,10:36:50,25.42,--,26,66092,买盘
2324,10:36:47,25.42,--,15,38130,买盘
2325,10:36:44,25.42,--,30,76260,买盘
2326,10:36:41,25.42,--,24,61008,买盘
2327,10:36:38,25.42,--,23,58466,买盘
2328,10:36:35,25.42,0.01,9,22878,买盘
2329,10:36:32,25.41,-0.01,13,33033,卖盘
2330,10:36:29,25.42,--,24,61008,买盘
2331,10:36:26,25.42,--,12,30504,买盘
2332,10:36:23,25.42,--,10,25420,买盘
2333,10:36:20,25.42,--,23,58466,买盘
2334,10:36:17,25.42,--,215,546530,买盘
2335,10:36:11,25.42,0.03,10,25420,买盘
2336,10:36:02,25.39,--,3,7617,买盘
2337,10:35:59,25.39,-0.02,261,662679,卖盘
2338,10:35:56,25.41,--,31,78771,买盘
2339,10:35:53,25.41,--,37,94017,买盘
2340,10:35:50,25.41,0.03,43,109263,买盘
2341,10:35:47,25.38,-0.03,268,680184,卖盘
2342,10:35:44,25.41,0.01,20,50820,买盘
2343,10:35:41,25.4,-0.01,28,71120,卖盘
2344,10:35:38,25.41,--,40,101640,买盘
2345,10:35:35,25.41,--,2,5082,买盘
2346,10:35:32,25.41,0.01,21,53361,买盘
2347,10:35:29,25.4,--,132,336219,买盘
2348,10:35:26,25.4,0.01,118,299720,买盘
2349,10:35:23,25.39,-0.01,83,210737,卖盘
2350,10:35:20,25.4,--,94,238760,买盘
2351,10:35:17,25.4,--,136,345440,买盘
2352,10:35:14,25.4,--,69,175260,买盘
2353,10:35:11,25.4,--,529,1343660,买盘
2354,10:35:05,25.4,-0.01,370,940155,卖盘
2355,10:35:02,25.41,--,50,127050,买盘
2356,10:34:59,25.41,--,21,53361,买盘
2357,10:34:53,25.41,0.01,22,55902,买盘
2358,10:34:50,25.4,--,53,136804,卖盘
2359,10:34:47,25.4,--,55,139700,买盘
2360,10:34:44,25.4,--,116,294640,买盘
2361,10:34:41,25.4,--,56,142240,买盘
2362,10:34:38,25.4,--,2,5080,买盘
2363,10:34:32,25.4,0.01,5,12700,买盘
2364,10:34:29,25.39,0.01,21,53319,买盘
2365,10:34:26,25.38,-0.01,15,38070,卖盘
2366,10:34:23,25.39,0.01,13,33007,买盘
2367,10:34:20,25.38,--,28,72967,买盘
2368,10:34:17,25.38,--,61,154818,买盘
2369,10:34:14,25.38,--,29,73602,买盘
2370,10:34:11,25.38,0.01,219,555822,买盘
2371,10:34:08,25.37,--,35,88795,卖盘
2372,10:34:05,25.37,-0.01,45,114165,卖盘
2373,10:34:02,25.38,0.01,20,50760,买盘
2374,10:33:59,25.37,-0.01,79,200423,卖盘
2375,10:33:56,25.38,0.03,44,111672,买盘
2376,10:33:53,25.35,-0.03,81,205335,卖盘
2377,10:33:47,25.38,0.01,435,1104030,买盘
2378,10:33:44,25.37,--,32,81184,买盘
2379,10:33:41,25.37,--,88,223256,买盘
2380,10:33:38,25.37,--,34,86258,买盘
2381,10:33:35,25.37,-0.02,26,65962,卖盘
2382,10:33:32,25.39,0.01,44,111716,买盘
2383,10:33:29,25.38,--,65,164970,卖盘
2384,10:33:23,25.38,--,37,93906,卖盘
2385,10:33:20,25.38,-0.01,26,65988,卖盘
2386,10:33:17,25.39,0.02,35,88865,买盘
2387,10:33:14,25.37,-0.01,44,111628,卖盘
2388,10:33:11,25.38,-0.02,38,96444,中性盘
2389,10:33:05,25.4,--,14,35560,买盘
2390,10:33:02,25.4,--,152,386080,买盘
2391,10:32:59,25.4,--,46,116840,买盘
2392,10:32:56,25.4,-0.01,68,172720,卖盘
2393,10:32:53,25.41,0.01,603,1532858,买盘
2394,10:32:50,25.4,-0.01,154,391160,卖盘
2395,10:32:47,25.41,0.01,111,282051,买盘
2396,10:32:44,25.4,-0.01,88,223520,卖盘
2397,10:32:38,25.41,--,77,195657,买盘
2398,10:32:35,25.41,--,167,424347,买盘
2399,10:32:32,25.41,--,160,406560,买盘
2400,10:32:29,25.41,--,6,15246,买盘
2401,10:32:26,25.41,-0.02,156,396396,卖盘
2402,10:32:23,25.43,--,101,256843,买盘
2403,10:32:17,25.43,0.02,278,706954,买盘
2404,10:32:14,25.41,-0.01,28,71148,卖盘
2405,10:32:11,25.42,--,64,162688,买盘
2406,10:32:08,25.42,--,84,213528,卖盘
2407,10:32:05,25.42,-0.01,12,30504,卖盘
2408,10:32:02,25.43,--,25,63575,买盘
2409,10:31:59,25.43,--,167,424681,买盘
2410,10:31:56,25.43,0.01,28,71204,买盘
2411,10:31:53,25.42,-0.02,30,76260,卖盘
2412,10:31:50,25.44,0.01,81,206420,买盘
2413,10:31:47,25.43,-0.02,18,45774,卖盘
2414,10:31:44,25.45,0.01,51,129795,买盘
2415,10:31:41,25.44,--,59,152283,买盘
2416,10:31:38,25.44,--,10,25440,买盘
2417,10:31:35,25.44,--,49,124656,买盘
2418,10:31:29,25.44,-0.01,33,84308,卖盘
2419,10:31:26,25.45,--,145,369025,卖盘
2420,10:31:20,25.45,--,3,9823,买盘
2421,10:31:17,25.45,-0.01,142,361746,卖盘
2422,10:31:14,25.46,0.01,18,45828,卖盘
2423,10:31:08,25.45,--,4,10180,卖盘
2424,10:31:05,25.45,--,24,63268,卖盘
2425,10:31:02,25.45,--,53,134885,卖盘
2426,10:30:59,25.45,-0.04,862,2193790,卖盘
2427,10:30:53,25.49,-0.01,26,66274,卖盘
2428,10:30:50,25.5,--,193,494088,卖盘
2429,10:30:47,25.5,-0.01,117,298350,卖盘
2430,10:30:44,25.51,0.01,13,33163,买盘
2431,10:30:41,25.5,--,53,135150,卖盘
2432,10:30:38,25.5,--,56,142800,卖盘
2433,10:30:35,25.5,--,25,63750,卖盘
2434,10:30:32,25.5,-0.01,164,419373,卖盘
2435,10:30:29,25.51,-0.01,74,188774,卖盘
2436,10:30:23,25.52,0.01,22,56144,买盘
2437,10:30:20,25.51,-0.01,111,283161,卖盘
2438,10:30:17,25.52,--,20,51040,买盘
2439,10:30:14,25.52,-0.01,362,923824,卖盘
2440,10:30:11,25.53,-0.02,14,35742,卖盘
2441,10:30:08,25.55,--,64,163520,卖盘
2442,10:30:02,25.55,--,11,28105,卖盘
2443,10:29:59,25.55,-0.01,23,58765,卖盘
2444,10:29:56,25.56,0.01,22,56232,买盘
2445,10:29:53,25.55,--,20,51100,卖盘
2446,10:29:50,25.55,-0.01,36,91980,卖盘
2447,10:29:47,25.56,-0.01,6,15336,卖盘
2448,10:29:44,25.57,-0.03,2,5114,卖盘
2449,10:29:41,25.6,0.03,72,184320,买盘
2450,10:29:38,25.57,--,11,28127,卖盘
2451,10:29:35,25.57,-0.03,160,409120,卖盘
2452,10:29:29,25.6,-0.02,22,56320,卖盘
2453,10:29:26,25.62,--,593,1519266,卖盘
2454,10:29:23,25.62,--,8,20496,卖盘
2455,10:29:20,25.62,--,9,23058,卖盘
2456,10:29:17,25.62,-0.03,76,194712,卖盘
2457,10:29:11,25.65,0.01,114,292410,买盘
2458,10:29:08,25.64,0.02,46,117944,买盘
2459,10:29:05,25.62,-0.02,93,238266,卖盘
2460,10:29:02,25.64,--,1,2564,卖盘
2461,10:28:59,25.64,-0.01,10,25640,卖盘
2462,10:28:56,25.65,0.01,18,46170,买盘
2463,10:28:53,25.64,--,13,33332,卖盘
2464,10:28:50,25.64,0.02,22,56408,卖盘
2465,10:28:44,25.62,--,33,84546,卖盘
2466,10:28:41,25.62,-0.03,30,76860,中性盘
2467,10:28:38,25.65,0.03,101,259065,买盘
2468,10:28:35,25.62,--,5,12810,买盘
2469,10:28:32,25.62,--,4,10248,买盘
2470,10:28:29,25.62,--,8,21597,卖盘
2471,10:28:26,25.62,-0.02,12,30744,卖盘
2472,10:28:23,25.64,0.02,32,83509,买盘
2473,10:28:20,25.62,--,24,61488,卖盘
2474,10:28:17,25.62,--,10,25620,卖盘
2475,10:28:14,25.62,-0.02,5,12810,卖盘
2476,10:28:11,25.64,--,16,41024,买盘
2477,10:28:05,25.64,0.07,17,43588,买盘
2478,10:28:02,25.57,-0.05,9,23013,买盘
2479,10:27:56,25.62,--,1,2562,卖盘
2480,10:27:53,25.62,0.07,10,25620,买盘
2481,10:27:50,25.55,-0.05,122,311710,卖盘
2482,10:27:47,25.6,--,2,5120,卖盘
2483,10:27:44,25.6,0.04,280,718182,买盘
2484,10:27:41,25.56,0.01,18,46008,买盘
2485,10:27:38,25.55,-0.01,52,134035,卖盘
2486,10:27:32,25.56,--,22,57612,买盘
2487,10:27:29,25.56,0.03,14,35784,买盘
2488,10:27:26,25.53,-0.03,26,66378,卖盘
2489,10:27:23,25.56,--,45,115020,买盘
2490,10:27:17,25.56,0.01,38,97128,买盘
2491,10:27:14,25.55,--,13,33215,卖盘
2492,10:27:11,25.55,0.01,16,40880,买盘
2493,10:27:08,25.54,-0.02,159,406086,卖盘
2494,10:27:05,25.56,0.03,11,28116,买盘
2495,10:27:02,25.53,-0.01,50,127650,卖盘
2496,10:26:56,25.54,-0.01,36,91944,卖盘
2497,10:26:53,25.55,--,3,7665,买盘
2498,10:26:50,25.55,0.03,45,114975,买盘
2499,10:26:38,25.52,-0.02,27,68904,卖盘
2500,10:26:35,25.54,--,53,135362,买盘
2501,10:26:29,25.54,--,5,12770,买盘
2502,10:26:26,25.54,0.02,7,17878,买盘
2503,10:26:23,25.52,-0.02,10,25520,卖盘
2504,10:26:17,25.54,--,6,15324,买盘
2505,10:26:14,25.54,--,10,25540,买盘
2506,10:26:11,25.54,0.02,6,15324,买盘
2507,10:26:08,25.52,--,3,7656,卖盘
2508,10:26:05,25.52,-0.02,19,48488,卖盘
2509,10:26:02,25.54,0.02,5,12770,买盘
2510,10:25:59,25.52,--,10,25520,卖盘
2511,10:25:56,25.52,0.01,30,76560,买盘
2512,10:25:53,25.51,-0.01,44,112244,卖盘
2513,10:25:47,25.52,--,88,224576,卖盘
2514,10:25:44,25.52,--,48,122496,买盘
2515,10:25:41,25.52,0.01,43,109736,买盘
2516,10:25:38,25.51,-0.01,10,25510,卖盘
2517,10:25:35,25.52,-0.02,115,293480,卖盘
2518,10:25:32,25.54,--,19,48526,买盘
2519,10:25:26,25.54,0.01,2,5108,买盘
2520,10:25:23,25.53,0.02,2,5106,中性盘
2521,10:25:20,25.51,-0.01,25,63775,卖盘
2522,10:25:17,25.52,--,5,12760,卖盘
2523,10:25:14,25.52,-0.02,27,68904,卖盘
2524,10:25:11,25.54,--,4,10216,买盘
2525,10:25:08,25.54,--,32,82340,卖盘
2526,10:25:05,25.54,0.03,22,56188,中性盘
2527,10:24:59,25.51,-0.04,35,89285,卖盘
2528,10:24:56,25.55,0.01,17,43435,买盘
2529,10:24:53,25.54,0.02,16,40864,买盘
2530,10:24:50,25.52,-0.02,52,132704,卖盘
2531,10:24:47,25.54,0.02,23,58742,买盘
2532,10:24:44,25.52,--,37,94424,卖盘
2533,10:24:38,25.52,-0.01,42,107184,卖盘
2534,10:24:35,25.53,-0.01,8,20424,卖盘
2535,10:24:32,25.54,--,47,120038,买盘
2536,10:24:29,25.54,--,32,81728,买盘
2537,10:24:26,25.54,--,13,33202,买盘
2538,10:24:23,25.54,0.03,10,25540,买盘
2539,10:24:20,25.51,-0.04,10,25510,卖盘
2540,10:24:17,25.55,--,4,10220,买盘
2541,10:24:14,25.55,--,65,166075,买盘
2542,10:24:11,25.55,0.01,7,17885,买盘
2543,10:24:08,25.54,0.03,5,12770,卖盘
2544,10:24:05,25.51,-0.04,15,38265,卖盘
2545,10:24:02,25.55,0.04,1,2555,买盘
2546,10:23:59,25.51,--,49,124999,卖盘
2547,10:23:56,25.51,-0.03,20,51020,卖盘
2548,10:23:53,25.54,0.03,64,163456,买盘
2549,10:23:50,25.51,-0.03,3,7653,卖盘
2550,10:23:47,25.54,--,34,86836,买盘
2551,10:23:44,25.54,--,9,22986,买盘
2552,10:23:41,25.54,--,17,43418,买盘
2553,10:23:38,25.54,--,29,74066,买盘
2554,10:23:35,25.54,-0.01,7,17878,买盘
2555,10:23:29,25.55,--,35,89425,卖盘
2556,10:23:26,25.55,--,4,10220,卖盘
2557,10:23:23,25.55,--,111,283605,买盘
2558,10:23:20,25.55,--,18,45990,买盘
2559,10:23:17,25.55,0.04,113,288715,买盘
2560,10:23:14,25.51,-0.02,16,40816,卖盘
2561,10:23:08,25.53,0.01,15,38295,卖盘
2562,10:23:05,25.52,--,10,25520,买盘
2563,10:23:02,25.52,0.01,34,86768,买盘
2564,10:22:59,25.51,--,4,10204,买盘
2565,10:22:56,25.51,-0.02,41,104591,卖盘
2566,10:22:53,25.53,--,13,33189,卖盘
2567,10:22:50,25.53,--,118,301254,卖盘
2568,10:22:47,25.53,0.03,29,74037,买盘
2569,10:22:44,25.5,-0.02,11,28050,卖盘
2570,10:22:41,25.52,--,1,2552,卖盘
2571,10:22:38,25.52,0.01,22,56144,买盘
2572,10:22:29,25.51,0.02,33,84183,买盘
2573,10:22:26,25.49,--,12,30587,买盘
2574,10:22:20,25.49,--,62,158038,买盘
2575,10:22:17,25.49,--,33,84117,买盘
2576,10:22:14,25.49,-0.02,75,191175,卖盘
2577,10:22:11,25.51,0.01,68,173468,买盘
2578,10:22:05,25.5,0.02,44,112200,买盘
2579,10:22:02,25.48,-0.02,10,25480,卖盘
2580,10:21:59,25.5,--,10,25500,买盘
2581,10:21:56,25.5,-0.01,10,25500,卖盘
2582,10:21:53,25.51,--,20,51020,买盘
2583,10:21:50,25.51,--,12,30612,买盘
2584,10:21:47,25.51,--,85,216835,买盘
2585,10:21:44,25.51,0.03,10,25510,买盘
2586,10:21:41,25.48,-0.02,83,211484,卖盘
2587,10:21:38,25.5,--,5,12750,卖盘
2588,10:21:35,25.5,0.02,22,56100,买盘
2589,10:21:32,25.48,--,28,71344,卖盘
2590,10:21:26,25.48,-0.02,41,104468,卖盘
2591,10:21:23,25.5,0.01,48,122400,买盘
2592,10:21:14,25.49,0.04,55,140195,买盘
2593,10:21:11,25.45,-0.03,78,198510,卖盘
2594,10:21:05,25.48,--,30,76440,买盘
2595,10:21:02,25.48,0.04,29,73892,买盘
2596,10:20:59,25.44,-0.01,14,35616,卖盘
2597,10:20:56,25.45,-0.03,13,33085,中性盘
2598,10:20:53,25.48,--,83,211484,买盘
2599,10:20:47,25.48,0.04,219,558012,买盘
2600,10:20:44,25.44,0.03,15,38160,买盘
2601,10:20:41,25.41,-0.03,349,886809,卖盘
2602,10:20:38,25.44,--,102,259488,卖盘
2603,10:20:35,25.44,-0.01,92,234048,卖盘
2604,10:20:32,25.45,--,54,137430,卖盘
2605,10:20:29,25.45,0.01,27,68715,买盘
2606,10:20:26,25.44,-0.01,31,78864,卖盘
2607,10:20:23,25.45,0.04,29,73805,买盘
2608,10:20:20,25.41,-0.02,124,315084,卖盘
2609,10:20:17,25.43,0.02,14,35602,卖盘
2610,10:20:14,25.41,-0.08,101,256641,卖盘
2611,10:20:11,25.49,0.04,26,66274,买盘
2612,10:20:08,25.45,0.02,21,53445,买盘
2613,10:20:02,25.43,0.02,4,10172,中性盘
2614,10:19:59,25.41,-0.07,48,121968,卖盘
2615,10:19:56,25.48,0.04,4,10192,卖盘
2616,10:19:53,25.44,0.04,24,61056,中性盘
2617,10:19:50,25.4,--,11,27940,卖盘
2618,10:19:47,25.4,--,73,185420,卖盘
2619,10:19:44,25.4,--,45,114300,卖盘
2620,10:19:41,25.4,-0.1,104,264160,卖盘
2621,10:19:38,25.5,--,112,285600,买盘
2622,10:19:35,25.5,--,635,1619250,卖盘
2623,10:19:32,25.5,-0.01,306,780300,卖盘
2624,10:19:29,25.51,-0.03,40,102040,中性盘
2625,10:19:26,25.54,0.03,1066,2722564,买盘
2626,10:19:23,25.51,--,45,114795,卖盘
2627,10:19:20,25.51,0.01,17,43367,买盘
2628,10:19:17,25.5,-0.04,66,168300,卖盘
2629,10:19:14,25.54,0.03,5,12770,买盘
2630,10:19:11,25.51,-0.03,16,40816,卖盘
2631,10:19:08,25.54,0.03,76,194104,买盘
2632,10:19:05,25.51,--,23,58673,卖盘
2633,10:19:02,25.51,-0.03,69,176019,卖盘
2634,10:18:56,25.54,--,97,247738,买盘
2635,10:18:53,25.54,--,6,15324,买盘
2636,10:18:50,25.54,--,193,492922,买盘
2637,10:18:47,25.54,0.01,32,81728,买盘
2638,10:18:44,25.53,-0.01,47,119991,卖盘
2639,10:18:41,25.54,-0.02,50,128874,卖盘
2640,10:18:37,25.56,0.02,74,189144,买盘
2641,10:18:31,25.54,-0.02,20,51080,卖盘
2642,10:18:25,25.56,0.02,8,20448,买盘
2643,10:18:22,25.54,-0.01,42,107268,卖盘
2644,10:18:16,25.55,-0.02,149,380695,卖盘
2645,10:18:13,25.57,-0.03,484,1238201,卖盘
2646,10:18:04,25.6,--,55,140800,卖盘
2647,10:18:01,25.6,--,44,112640,卖盘
2648,10:17:58,25.6,--,32,81920,卖盘
2649,10:17:52,25.6,--,11,28160,卖盘
2650,10:17:46,25.6,-0.04,41,104960,卖盘
2651,10:17:43,25.64,0.04,10,25640,买盘
2652,10:17:40,25.6,-0.02,81,207360,卖盘
2653,10:17:37,25.62,0.01,313,802674,中性盘
2654,10:17:31,25.61,-0.01,30,76830,卖盘
2655,10:17:28,25.62,-0.01,5,12810,中性盘
2656,10:17:25,25.63,0.02,62,158906,买盘
2657,10:17:22,25.61,-0.01,25,64025,卖盘
2658,10:17:19,25.62,--,18,46116,买盘
2659,10:17:16,25.62,-0.01,92,235704,卖盘
2660,10:17:13,25.63,-0.02,24,61512,卖盘
2661,10:17:10,25.65,--,11,28215,买盘
2662,10:17:07,25.65,0.02,7,17955,买盘
2663,10:17:04,25.63,0.01,31,79453,中性盘
2664,10:17:01,25.62,--,10,25620,卖盘
2665,10:16:58,25.62,-0.01,71,181902,卖盘
2666,10:16:55,25.63,--,18,46134,卖盘
2667,10:16:52,25.63,0.01,30,76890,卖盘
2668,10:16:49,25.62,-0.03,84,215208,卖盘
2669,10:16:46,25.65,0.02,25,64125,买盘
2670,10:16:37,25.63,-0.02,29,74327,卖盘
2671,10:16:34,25.65,0.02,15,38475,买盘
2672,10:16:31,25.63,-0.02,21,53823,卖盘
2673,10:16:28,25.65,--,45,115425,买盘
2674,10:16:25,25.65,--,73,187270,买盘
2675,10:16:22,25.65,--,76,194940,买盘
2676,10:16:19,25.65,--,30,76950,买盘
2677,10:16:16,25.65,0.01,5,12825,买盘
2678,10:16:13,25.64,--,19,48998,卖盘
2679,10:16:10,25.64,--,7,17948,卖盘
2680,10:16:07,25.64,--,4,10256,卖盘
2681,10:16:04,25.64,-0.01,3,7692,卖盘
2682,10:16:01,25.65,--,11,28215,卖盘
2683,10:15:58,25.65,0.01,10,25650,中性盘
2684,10:15:55,25.64,--,10,25640,卖盘
2685,10:15:52,25.64,-0.01,18,46152,卖盘
2686,10:15:49,25.65,0.01,86,221000,买盘
2687,10:15:43,25.64,-0.01,38,97432,卖盘
2688,10:15:40,25.65,--,7,17955,买盘
2689,10:15:37,25.65,0.01,35,89775,买盘
2690,10:15:31,25.64,-0.01,18,46152,卖盘
2691,10:15:28,25.65,--,41,105165,买盘
2692,10:15:25,25.65,--,1,2565,买盘
2693,10:15:22,25.65,-0.01,51,132969,卖盘
2694,10:15:19,25.66,--,19,48754,卖盘
2695,10:15:16,25.66,--,92,236072,买盘
2696,10:15:13,25.66,--,10,27533,买盘
2697,10:15:10,25.66,--,50,128300,买盘
2698,10:15:07,25.66,--,9,23094,买盘
2699,10:15:04,25.66,--,96,246336,买盘
2700,10:15:01,25.66,--,38,97508,买盘
2701,10:14:58,25.66,--,21,53886,买盘
2702,10:14:52,25.66,-0.01,40,102640,卖盘
2703,10:14:49,25.67,--,22,56474,卖盘
2704,10:14:46,25.67,0.01,29,74443,买盘
2705,10:14:43,25.66,-0.01,34,87244,卖盘
2706,10:14:40,25.67,--,55,141185,买盘
2707,10:14:37,25.67,0.01,9,23103,买盘
2708,10:14:34,25.66,--,11,28226,卖盘
2709,10:14:31,25.66,0.01,8,20528,买盘
2710,10:14:28,25.65,--,47,120555,卖盘
2711,10:14:22,25.65,--,43,110295,卖盘
2712,10:14:16,25.65,--,32,82080,卖盘
2713,10:14:13,25.65,--,23,60867,卖盘
2714,10:14:10,25.65,-0.03,11,28215,卖盘
2715,10:14:07,25.68,0.03,61,156648,买盘
2716,10:14:04,25.65,--,15,38475,卖盘
2717,10:14:01,25.65,--,2,5130,卖盘
2718,10:13:58,25.65,-0.03,19,48735,卖盘
2719,10:13:55,25.68,0.03,5,12840,买盘
2720,10:13:52,25.65,-0.02,40,102600,卖盘
2721,10:13:46,25.67,0.02,43,110381,中性盘
2722,10:13:40,25.65,-0.03,27,69255,卖盘
2723,10:13:37,25.68,--,52,133536,卖盘
2724,10:13:34,25.68,0.03,39,100152,买盘
2725,10:13:31,25.65,--,19,48735,卖盘
2726,10:13:28,25.65,--,28,73615,卖盘
2727,10:13:25,25.65,-0.01,18,46170,卖盘
2728,10:13:22,25.66,--,16,41825,卖盘
2729,10:13:19,25.66,-0.02,23,59018,卖盘
2730,10:13:13,25.68,--,22,58344,买盘
2731,10:13:10,25.68,-0.01,22,56496,卖盘
2732,10:13:07,25.69,--,15,38535,买盘
2733,10:13:04,25.69,--,53,136157,买盘
2734,10:13:01,25.69,--,60,154140,买盘
2735,10:12:58,25.69,0.01,114,292866,买盘
2736,10:12:55,25.68,-0.01,37,95016,卖盘
2737,10:12:52,25.69,-0.03,186,480120,卖盘
2738,10:12:49,25.72,0.02,20,51440,买盘
2739,10:12:46,25.7,0.01,42,107940,卖盘
2740,10:12:43,25.69,-0.01,103,264607,卖盘
2741,10:12:40,25.7,--,5,12850,卖盘
2742,10:12:37,25.7,--,356,915202,买盘
2743,10:12:34,25.7,0.01,50,128500,买盘
2744,10:12:28,25.69,-0.01,21,53949,卖盘
2745,10:12:25,25.7,--,33,84810,买盘
2746,10:12:19,25.7,0.02,66,169620,买盘
2747,10:12:16,25.68,-0.01,74,190032,卖盘
2748,10:12:13,25.69,--,135,348382,卖盘
2749,10:12:10,25.69,-0.01,23,59087,卖盘
2750,10:12:04,25.7,0.01,50,128500,买盘
2751,10:12:01,25.69,--,15,38535,卖盘
2752,10:11:58,25.69,--,129,332402,买盘
2753,10:11:55,25.69,0.01,13,33397,买盘
2754,10:11:52,25.68,--,11,28248,卖盘
2755,10:11:46,25.68,-0.01,18,46224,卖盘
2756,10:11:40,25.69,--,16,41104,买盘
2757,10:11:37,25.69,0.02,25,64225,买盘
2758,10:11:34,25.67,--,26,66742,卖盘
2759,10:11:31,25.67,--,27,69309,卖盘
2760,10:11:28,25.67,-0.01,61,156587,卖盘
2761,10:11:25,25.68,--,50,128400,买盘
2762,10:11:22,25.68,0.01,30,77040,买盘
2763,10:11:19,25.67,-0.01,56,143752,卖盘
2764,10:11:16,25.68,0.01,77,199610,买盘
2765,10:11:13,25.67,-0.01,31,79577,卖盘
2766,10:11:10,25.68,--,7,17976,买盘
2767,10:11:07,25.68,0.01,116,297888,买盘
2768,10:11:04,25.67,-0.01,18,46206,卖盘
2769,10:10:58,25.68,0.01,37,95016,买盘
2770,10:10:52,25.67,--,9,23103,卖盘
2771,10:10:49,25.67,--,2,5134,卖盘
2772,10:10:46,25.67,--,117,300339,买盘
2773,10:10:43,25.67,--,14,35938,买盘
2774,10:10:40,25.67,--,19,48773,买盘
2775,10:10:37,25.67,0.01,20,51340,买盘
2776,10:10:34,25.66,--,22,56452,卖盘
2777,10:10:31,25.66,--,13,33999,买盘
2778,10:10:25,25.66,0.01,37,94942,买盘
2779,10:10:19,25.65,0.01,2,5130,卖盘
2780,10:10:16,25.64,-0.01,55,142866,卖盘
2781,10:10:10,25.65,--,85,218025,买盘
2782,10:10:07,25.65,--,10,25650,买盘
2783,10:10:04,25.65,0.01,9,23085,买盘
2784,10:10:01,25.64,--,30,76920,卖盘
2785,10:09:46,25.64,--,4,10256,买盘
2786,10:09:43,25.64,0.01,22,56408,买盘
2787,10:09:40,25.63,-0.01,1,2563,卖盘
2788,10:09:37,25.64,0.01,2,5128,买盘
2789,10:09:34,25.63,--,5,12815,卖盘
2790,10:09:31,25.63,--,18,46134,卖盘
2791,10:09:25,25.63,0.01,19,48697,中性盘
2792,10:09:19,25.62,--,33,84546,卖盘
2793,10:09:16,25.62,--,1,2562,卖盘
2794,10:09:13,25.62,0.01,7,17934,中性盘
2795,10:09:07,25.61,-0.01,92,235612,卖盘
2796,10:09:04,25.62,--,7,17934,卖盘
2797,10:09:01,25.62,-0.03,1,2562,买盘
