,time,price,change,volume,amount,type
0,15:00:21,10.59,--,5729,6067011,卖盘
1,14:57:21,10.59,--,0,0,买盘
2,14:57:03,10.59,--,7,7413,卖盘
3,14:57:00,10.59,--,131,138729,卖盘
4,14:56:57,10.59,--,286,302874,卖盘
5,14:56:54,10.59,-0.01,603,638577,卖盘
6,14:56:51,10.6,--,193,204580,买盘
7,14:56:48,10.6,0.01,31,32860,买盘
8,14:56:45,10.59,-0.01,103,109077,卖盘
9,14:56:42,10.6,--,408,432480,买盘
10,14:56:39,10.6,0.01,167,177020,买盘
11,14:56:36,10.59,--,51,54009,卖盘
12,14:56:33,10.59,--,92,97428,卖盘
13,14:56:27,10.59,-0.01,26,27534,卖盘
14,14:56:24,10.6,0.01,30,31800,买盘
15,14:56:21,10.59,--,106,112254,卖盘
16,14:56:18,10.59,-0.01,6,6354,卖盘
17,14:56:15,10.6,0.01,88,93280,买盘
18,14:56:12,10.59,--,24,25416,卖盘
19,14:56:09,10.59,-0.02,1176,1245553,卖盘
20,14:56:06,10.61,--,115,122015,买盘
21,14:56:03,10.61,0.01,3374,3580195,买盘
22,14:56:00,10.6,--,570,604200,卖盘
23,14:55:57,10.6,--,105,111300,卖盘
24,14:55:54,10.6,--,109,115540,卖盘
25,14:55:51,10.6,--,21,22260,卖盘
26,14:55:48,10.6,-0.01,167,177020,卖盘
27,14:55:45,10.61,--,765,811665,买盘
28,14:55:39,10.61,0.01,567,601587,买盘
29,14:55:36,10.6,--,144,152640,卖盘
30,14:55:33,10.6,--,130,137800,卖盘
31,14:55:30,10.6,--,206,218360,卖盘
32,14:55:27,10.6,--,28,29680,卖盘
33,14:55:24,10.6,--,823,872380,卖盘
34,14:55:18,10.6,-0.01,58,61480,卖盘
35,14:55:15,10.61,0.01,640,679464,买盘
36,14:55:12,10.6,--,11,11660,卖盘
37,14:55:09,10.6,-0.01,429,454740,卖盘
38,14:55:06,10.61,0.01,44,46684,买盘
39,14:55:03,10.6,--,311,329660,卖盘
40,14:55:00,10.6,--,88,93280,卖盘
41,14:54:57,10.6,--,81,85860,卖盘
42,14:54:54,10.6,-0.01,83,87980,卖盘
43,14:54:51,10.61,--,44,46684,买盘
44,14:54:48,10.61,0.01,6,6366,买盘
45,14:54:45,10.6,--,25,26500,卖盘
46,14:54:42,10.6,-0.01,28,29680,卖盘
47,14:54:39,10.61,0.01,106,112466,买盘
48,14:54:36,10.6,--,111,117660,卖盘
49,14:54:33,10.6,-0.01,34,36040,卖盘
50,14:54:30,10.61,0.01,218,231298,买盘
51,14:54:27,10.6,-0.01,103,109180,卖盘
52,14:54:21,10.61,--,200,212200,买盘
53,14:54:18,10.61,0.01,601,637661,买盘
54,14:54:15,10.6,--,275,291500,卖盘
55,14:54:09,10.6,--,318,337080,卖盘
56,14:54:06,10.6,--,20,21200,卖盘
57,14:54:03,10.6,-0.01,138,146280,卖盘
58,14:53:57,10.61,0.01,29,30769,买盘
59,14:53:54,10.6,--,28,29680,卖盘
60,14:53:51,10.6,--,197,208820,卖盘
61,14:53:48,10.6,--,198,209880,卖盘
62,14:53:45,10.6,-0.01,1,1060,卖盘
63,14:53:42,10.61,0.01,75,79575,买盘
64,14:53:39,10.6,--,7,7420,卖盘
65,14:53:36,10.6,-0.01,14,14840,卖盘
66,14:53:33,10.61,--,1,1061,买盘
67,14:53:30,10.61,0.01,28,29708,买盘
68,14:53:27,10.6,-0.01,22,23320,卖盘
69,14:53:24,10.61,--,100,106100,买盘
70,14:53:21,10.61,0.01,10,10610,买盘
71,14:53:18,10.6,--,100,106000,卖盘
72,14:53:15,10.6,--,93,98580,卖盘
73,14:53:09,10.6,-0.01,30,31800,卖盘
74,14:53:03,10.61,0.01,53,56233,买盘
75,14:53:00,10.6,-0.01,20,21200,卖盘
76,14:52:57,10.61,0.01,6,6366,买盘
77,14:52:54,10.6,-0.01,22,23320,卖盘
78,14:52:51,10.61,0.01,585,620685,买盘
79,14:52:45,10.6,--,3,3180,卖盘
80,14:52:42,10.6,--,38,40280,卖盘
81,14:52:39,10.6,-0.01,30,31800,卖盘
82,14:52:36,10.61,0.01,1,1061,买盘
83,14:52:33,10.6,--,271,287260,卖盘
84,14:52:27,10.6,--,52,55120,卖盘
85,14:52:24,10.6,-0.01,90,95400,卖盘
86,14:52:21,10.61,0.01,56,59416,买盘
87,14:52:18,10.6,--,72,76320,卖盘
88,14:52:15,10.6,--,105,111300,卖盘
89,14:52:12,10.6,-0.01,193,204580,卖盘
90,14:52:09,10.61,--,344,364984,买盘
91,14:52:06,10.61,--,11,11671,买盘
92,14:52:03,10.61,0.01,32,33952,买盘
93,14:52:00,10.6,-0.01,40,42400,卖盘
94,14:51:54,10.61,0.01,7,7427,买盘
95,14:51:51,10.6,-0.01,60,63600,卖盘
96,14:51:48,10.61,--,55,58355,买盘
97,14:51:45,10.61,0.01,30,31830,买盘
98,14:51:42,10.6,--,42,44520,卖盘
99,14:51:39,10.6,-0.01,30,31800,卖盘
100,14:51:36,10.61,0.01,20,21220,买盘
101,14:51:33,10.6,-0.01,58,61480,卖盘
102,14:51:30,10.61,0.01,20,21220,买盘
103,14:51:27,10.6,-0.01,10,10600,卖盘
104,14:51:24,10.61,0.01,46,48806,买盘
105,14:51:21,10.6,--,47,49820,卖盘
106,14:51:18,10.6,--,25,26500,卖盘
107,14:51:15,10.6,-0.01,220,233200,卖盘
108,14:51:09,10.61,0.01,18,19098,买盘
109,14:51:06,10.6,-0.01,115,121900,卖盘
110,14:51:03,10.61,--,17,18037,买盘
111,14:51:00,10.61,--,16,16976,买盘
112,14:50:57,10.61,0.01,179,189919,买盘
113,14:50:54,10.6,-0.01,79,83740,卖盘
114,14:50:51,10.61,0.01,39,41379,买盘
115,14:50:45,10.6,--,8,8480,卖盘
116,14:50:42,10.6,-0.01,9,9540,卖盘
117,14:50:39,10.61,--,210,222810,买盘
118,14:50:36,10.61,0.01,10,10610,买盘
119,14:50:30,10.6,-0.01,10,10600,卖盘
120,14:50:27,10.61,--,20,21220,买盘
121,14:50:24,10.61,--,36,38196,买盘
122,14:50:21,10.61,0.01,10,10610,买盘
123,14:50:18,10.6,-0.01,113,120416,卖盘
124,14:50:15,10.61,--,51,54111,卖盘
125,14:50:09,10.61,--,5,5305,卖盘
126,14:50:06,10.61,--,6,6366,卖盘
127,14:50:03,10.61,--,24,25464,卖盘
128,14:50:00,10.61,--,23,24403,卖盘
129,14:49:57,10.61,--,40,42440,卖盘
130,14:49:51,10.61,0.01,55,58779,买盘
131,14:49:48,10.6,-0.01,454,481876,卖盘
132,14:49:42,10.61,--,51,54535,卖盘
133,14:49:36,10.61,--,4,4244,卖盘
134,14:49:33,10.61,--,49,51989,卖盘
135,14:49:30,10.61,--,55,58355,卖盘
136,14:49:27,10.61,0.01,527,559147,买盘
137,14:49:24,10.6,-0.01,20,21200,卖盘
138,14:49:21,10.61,--,19,20159,买盘
139,14:49:15,10.61,--,12,12732,买盘
140,14:49:12,10.61,--,14,14854,卖盘
141,14:49:09,10.61,0.01,13,13793,中性盘
142,14:49:06,10.6,-0.01,21,22260,卖盘
143,14:49:03,10.61,-0.01,1,1061,卖盘
144,14:49:00,10.62,--,21,22302,买盘
145,14:48:57,10.62,0.01,171,181602,买盘
146,14:48:51,10.61,--,138,147012,卖盘
147,14:48:48,10.61,--,6,6366,卖盘
148,14:48:45,10.61,--,121,128381,卖盘
149,14:48:42,10.61,--,2,2122,卖盘
150,14:48:39,10.61,--,67,71087,卖盘
151,14:48:36,10.61,--,38,40318,卖盘
152,14:48:33,10.61,--,50,53050,卖盘
153,14:48:27,10.61,--,174,184614,卖盘
154,14:48:24,10.61,--,2,2122,卖盘
155,14:48:21,10.61,-0.01,25,26525,卖盘
156,14:48:18,10.62,0.01,4,4248,买盘
157,14:48:09,10.61,-0.01,179,189919,卖盘
158,14:48:06,10.62,0.01,253,268686,买盘
159,14:48:03,10.61,--,1,1061,卖盘
160,14:48:00,10.61,--,471,499731,卖盘
161,14:47:57,10.61,-0.01,10,10610,卖盘
162,14:47:54,10.62,0.01,26,27611,买盘
163,14:47:51,10.61,--,20,21220,卖盘
164,14:47:48,10.61,--,220,233420,卖盘
165,14:47:45,10.61,--,27,28647,卖盘
166,14:47:42,10.61,-0.01,16,16976,卖盘
167,14:47:30,10.62,--,100,106199,买盘
168,14:47:27,10.62,0.01,90,95580,买盘
169,14:47:24,10.61,-0.01,22,23342,卖盘
170,14:47:18,10.62,0.01,20,21240,买盘
171,14:47:12,10.61,--,426,451986,卖盘
172,14:47:09,10.61,--,101,107161,卖盘
173,14:47:00,10.61,-0.01,12,12732,卖盘
174,14:46:57,10.62,0.01,15,15929,买盘
175,14:46:51,10.61,-0.01,50,53050,卖盘
176,14:46:48,10.62,0.01,1,1062,买盘
177,14:46:45,10.61,--,1,1061,卖盘
178,14:46:42,10.61,--,40,42440,卖盘
179,14:46:39,10.61,--,16,16976,卖盘
180,14:46:36,10.61,-0.01,10,10610,卖盘
181,14:46:33,10.62,0.01,20,21240,买盘
182,14:46:30,10.61,0.01,239,254045,买盘
183,14:46:27,10.6,-0.01,41,43460,卖盘
184,14:46:24,10.61,-0.01,160,170354,卖盘
185,14:46:21,10.62,0.01,2,2124,买盘
186,14:46:18,10.61,-0.01,20,21220,卖盘
187,14:46:15,10.62,--,3,3185,买盘
188,14:46:06,10.62,0.01,3010,3196619,买盘
189,14:46:03,10.61,-0.01,51,54111,卖盘
190,14:45:51,10.62,0.01,2,2124,买盘
191,14:45:48,10.61,--,21,22281,卖盘
192,14:45:45,10.61,-0.01,6,6366,卖盘
193,14:45:39,10.62,--,22,23364,买盘
194,14:45:33,10.62,--,100,106199,买盘
195,14:45:27,10.62,0.01,3,3185,买盘
196,14:45:24,10.61,-0.01,101,107161,卖盘
197,14:45:18,10.62,--,20,21240,买盘
198,14:45:12,10.62,0.01,1,1062,买盘
199,14:45:06,10.61,-0.01,1,1061,卖盘
200,14:44:54,10.62,--,981,1041821,卖盘
201,14:44:45,10.62,--,43,45666,卖盘
202,14:44:42,10.62,--,2,2124,卖盘
203,14:44:39,10.62,--,6,6371,卖盘
204,14:44:36,10.62,--,20,21240,卖盘
205,14:44:33,10.62,0.01,36,38232,买盘
206,14:44:30,10.61,-0.02,12,12732,卖盘
207,14:44:18,10.63,0.02,153,162639,买盘
208,14:44:15,10.61,-0.01,76,81230,卖盘
209,14:44:12,10.62,-0.01,17,18054,卖盘
210,14:44:09,10.63,0.01,1020,1084260,买盘
211,14:44:06,10.62,--,309,328158,卖盘
212,14:44:03,10.62,-0.01,13,13805,卖盘
213,14:44:00,10.63,0.01,10,10630,买盘
214,14:43:57,10.62,--,15,15929,卖盘
215,14:43:51,10.62,-0.01,96,101951,卖盘
216,14:43:48,10.63,0.01,13,13819,买盘
217,14:43:45,10.62,--,1,1062,卖盘
218,14:43:42,10.62,--,3,3185,卖盘
219,14:43:39,10.62,-0.01,51,54161,卖盘
220,14:43:33,10.63,0.01,15,15945,买盘
221,14:43:27,10.62,--,19,20178,卖盘
222,14:43:24,10.62,--,1,1062,卖盘
223,14:43:21,10.62,0.01,77,82241,买盘
224,14:43:15,10.61,--,1,1061,卖盘
225,14:43:09,10.61,--,5,5305,卖盘
226,14:43:06,10.61,-0.01,14,14854,卖盘
227,14:43:03,10.62,--,100,106199,买盘
228,14:43:00,10.62,0.01,8,8496,买盘
229,14:42:57,10.61,--,4,4244,卖盘
230,14:42:54,10.61,-0.01,1,1061,卖盘
231,14:42:51,10.62,--,30,31859,卖盘
232,14:42:48,10.62,--,19,20178,卖盘
233,14:42:42,10.62,--,1,1062,卖盘
234,14:42:39,10.62,--,49,52037,卖盘
235,14:42:36,10.62,--,947,1005713,卖盘
236,14:42:30,10.62,--,334,354708,买盘
237,14:42:27,10.62,0.01,625,663750,买盘
238,14:42:24,10.61,--,2,2122,卖盘
239,14:42:18,10.61,-0.01,1,1061,卖盘
240,14:42:15,10.62,0.01,1,1062,买盘
241,14:42:06,10.61,-0.01,1,1061,卖盘
242,14:42:03,10.62,--,6,6371,买盘
243,14:42:00,10.62,0.01,2,2124,买盘
244,14:41:54,10.61,--,2,2122,卖盘
245,14:41:48,10.61,--,40,42440,卖盘
246,14:41:45,10.61,--,2,2122,卖盘
247,14:41:42,10.61,--,2,2122,卖盘
248,14:41:39,10.61,--,7,7427,卖盘
249,14:41:33,10.61,--,59,62599,卖盘
250,14:41:30,10.61,--,92,97612,卖盘
251,14:41:27,10.61,--,91,96551,卖盘
252,14:41:24,10.61,--,227,240847,卖盘
253,14:41:21,10.61,-0.01,31,32891,卖盘
254,14:41:18,10.62,0.01,19,20178,买盘
255,14:41:12,10.61,--,117,124137,卖盘
256,14:41:06,10.61,--,57,60477,卖盘
257,14:41:03,10.61,--,155,164921,买盘
258,14:40:57,10.61,--,10,10610,买盘
259,14:40:51,10.61,0.01,16,16976,买盘
260,14:40:48,10.6,--,69,73140,卖盘
261,14:40:45,10.6,-0.01,42,44520,卖盘
262,14:40:42,10.61,0.01,31,32891,中性盘
263,14:40:38,10.6,--,516,546960,卖盘
264,14:40:35,10.6,--,76,80560,卖盘
265,14:40:32,10.6,--,4,4240,卖盘
266,14:40:29,10.6,-0.01,35,37100,卖盘
267,14:40:23,10.61,0.01,20,21220,买盘
268,14:40:20,10.6,--,52,55120,卖盘
269,14:40:17,10.6,-0.01,45,47700,卖盘
270,14:40:14,10.61,--,92,98078,买盘
271,14:40:11,10.61,0.01,391,414851,买盘
272,14:40:08,10.6,--,13,13780,卖盘
273,14:40:05,10.6,--,84,89040,卖盘
274,14:40:02,10.6,--,205,217300,卖盘
275,14:39:59,10.6,--,577,612128,卖盘
276,14:39:53,10.6,--,7,7420,卖盘
277,14:39:50,10.6,--,15,15900,卖盘
278,14:39:47,10.6,--,195,206700,卖盘
279,14:39:41,10.6,--,5,5300,卖盘
280,14:39:38,10.6,-0.01,25,26500,卖盘
281,14:39:35,10.61,0.01,26,27586,买盘
282,14:39:32,10.6,--,114,120840,卖盘
283,14:39:29,10.6,--,77,81620,卖盘
284,14:39:26,10.6,--,407,431420,卖盘
285,14:39:23,10.6,--,175,185500,卖盘
286,14:39:20,10.6,--,954,1011240,卖盘
287,14:39:14,10.6,--,173,183846,卖盘
288,14:39:11,10.6,--,15,15900,卖盘
289,14:39:08,10.6,--,214,226840,卖盘
290,14:39:05,10.6,--,8,8480,卖盘
291,14:39:02,10.6,--,7,7420,卖盘
292,14:38:59,10.6,--,69,73140,卖盘
293,14:38:56,10.6,--,102,108120,卖盘
294,14:38:53,10.6,-0.01,19,20140,卖盘
295,14:38:50,10.61,--,5,5305,买盘
296,14:38:47,10.61,--,21,22281,买盘
297,14:38:44,10.61,--,4,4244,买盘
298,14:38:41,10.61,0.01,31,32891,买盘
299,14:38:38,10.6,--,5,5300,卖盘
300,14:38:35,10.6,--,18,19080,卖盘
301,14:38:32,10.6,--,176,186560,卖盘
302,14:38:29,10.6,-0.01,72,76320,卖盘
303,14:38:26,10.61,--,3222,3418542,卖盘
304,14:38:23,10.61,--,2,2122,卖盘
305,14:38:20,10.61,--,54,57294,卖盘
306,14:38:14,10.61,--,17,18037,卖盘
307,14:38:05,10.61,--,322,341642,卖盘
308,14:37:59,10.61,--,21,22281,卖盘
309,14:37:56,10.61,-0.01,45,47745,卖盘
310,14:37:53,10.62,0.01,4,4248,买盘
311,14:37:50,10.61,--,676,717236,卖盘
312,14:37:47,10.61,--,2,2122,卖盘
313,14:37:44,10.61,--,13,13793,卖盘
314,14:37:41,10.61,--,15,15915,卖盘
315,14:37:38,10.61,--,41,43501,卖盘
316,14:37:35,10.61,--,99,105039,卖盘
317,14:37:32,10.61,--,7,7427,卖盘
318,14:37:29,10.61,--,410,435010,卖盘
319,14:37:26,10.61,--,141,149601,卖盘
320,14:37:23,10.61,--,67,71087,卖盘
321,14:37:20,10.61,-0.01,1532,1625452,卖盘
322,14:37:17,10.62,0.01,28,29735,买盘
323,14:37:14,10.61,--,161,170821,卖盘
324,14:37:11,10.61,-0.01,192,204178,卖盘
325,14:37:08,10.62,--,308,327096,买盘
326,14:37:05,10.62,0.01,14,14867,买盘
327,14:37:02,10.61,--,22,23342,卖盘
328,14:36:56,10.61,--,58,61538,卖盘
329,14:36:53,10.61,--,15,15915,卖盘
330,14:36:50,10.61,--,71,75331,卖盘
331,14:36:47,10.61,--,307,325727,卖盘
332,14:36:44,10.61,--,4,4244,卖盘
333,14:36:41,10.61,--,14,14854,卖盘
334,14:36:38,10.61,--,6,6366,卖盘
335,14:36:35,10.61,-0.01,46,49018,卖盘
336,14:36:32,10.62,0.01,41,43542,买盘
337,14:36:29,10.61,-0.01,51,54111,卖盘
338,14:36:26,10.62,--,18,19116,卖盘
339,14:36:23,10.62,--,79,83898,卖盘
340,14:36:20,10.62,0.01,341,362142,买盘
341,14:36:14,10.61,--,20,21220,卖盘
342,14:36:11,10.61,--,1,1061,卖盘
343,14:36:08,10.61,--,6,6366,卖盘
344,14:36:05,10.61,--,1,1061,卖盘
345,14:36:02,10.61,-0.01,20,21220,卖盘
346,14:35:59,10.62,0.01,13,13805,买盘
347,14:35:56,10.61,--,24,25464,卖盘
348,14:35:53,10.61,--,38,40318,卖盘
349,14:35:47,10.61,--,19,20159,卖盘
350,14:35:44,10.61,--,28,29708,卖盘
351,14:35:41,10.61,-0.01,27,28647,卖盘
352,14:35:38,10.62,0.01,144,152928,买盘
353,14:35:35,10.61,-0.01,148,157028,卖盘
354,14:35:32,10.62,--,22,23364,卖盘
355,14:35:29,10.62,-0.01,22,23364,卖盘
356,14:35:26,10.63,0.01,16,17008,买盘
357,14:35:23,10.62,--,1,1062,卖盘
358,14:35:20,10.62,--,56,59471,卖盘
359,14:35:17,10.62,--,25,26549,卖盘
360,14:35:11,10.62,--,5,5310,卖盘
361,14:35:05,10.62,--,101,107261,卖盘
362,14:34:59,10.62,-0.01,7,7433,卖盘
363,14:34:56,10.63,0.01,1,1063,买盘
364,14:34:53,10.62,--,123,130625,卖盘
365,14:34:50,10.62,-0.01,2,2124,卖盘
366,14:34:47,10.63,0.01,32,34016,买盘
367,14:34:44,10.62,--,22,23364,卖盘
368,14:34:38,10.62,--,1,1062,卖盘
369,14:34:35,10.62,-0.01,11,11682,卖盘
370,14:34:32,10.63,0.01,5,5315,买盘
371,14:34:29,10.62,--,6,6371,卖盘
372,14:34:23,10.62,--,2,2124,卖盘
373,14:34:20,10.62,0.01,9,9558,买盘
374,14:34:17,10.61,--,4,4244,卖盘
375,14:34:11,10.61,-0.01,76,80636,卖盘
376,14:34:05,10.62,--,105,111509,卖盘
377,14:34:02,10.62,--,19,20178,卖盘
378,14:33:56,10.62,0.01,280,297360,买盘
379,14:33:53,10.61,-0.01,1,1061,卖盘
380,14:33:50,10.62,--,65,69030,买盘
381,14:33:47,10.62,--,11,11682,买盘
382,14:33:44,10.62,0.01,144,152928,买盘
383,14:33:41,10.61,--,2,2122,卖盘
384,14:33:38,10.61,--,581,616441,卖盘
385,14:33:35,10.61,--,313,332093,卖盘
386,14:33:29,10.61,--,15,15915,卖盘
387,14:33:26,10.61,--,30,31830,卖盘
388,14:33:23,10.61,-0.01,101,107161,卖盘
389,14:33:20,10.62,--,40,42480,买盘
390,14:33:17,10.62,0.01,50,53099,买盘
391,14:33:14,10.61,-0.01,258,273738,卖盘
392,14:33:11,10.62,0.01,54,57347,买盘
393,14:33:05,10.61,--,102,108222,卖盘
394,14:33:02,10.61,--,398,422278,卖盘
395,14:32:59,10.61,-0.01,14,14854,卖盘
396,14:32:53,10.62,0.01,16,16992,买盘
397,14:32:50,10.61,-0.01,40,42440,卖盘
398,14:32:47,10.62,0.01,2,2124,买盘
399,14:32:44,10.61,-0.01,1,1061,卖盘
400,14:32:41,10.62,0.01,371,394002,买盘
401,14:32:32,10.61,-0.01,23,24445,卖盘
402,14:32:29,10.62,--,81,86022,买盘
403,14:32:20,10.62,--,10,10620,买盘
404,14:32:17,10.62,--,354,375948,卖盘
405,14:32:11,10.62,-0.01,3,3185,卖盘
406,14:32:05,10.63,--,11,11693,买盘
407,14:32:02,10.63,--,15,15945,买盘
408,14:31:59,10.63,--,300,318900,卖盘
409,14:31:56,10.63,0.01,320,340160,买盘
410,14:31:47,10.62,--,1,1062,卖盘
411,14:31:44,10.62,--,1,1062,卖盘
412,14:31:41,10.62,--,5,5310,卖盘
413,14:31:38,10.62,--,10,10620,卖盘
414,14:31:32,10.62,0.01,33,35046,买盘
415,14:31:29,10.61,--,70,74270,卖盘
416,14:31:26,10.61,--,1,1061,卖盘
417,14:31:23,10.61,-0.01,6,6366,卖盘
418,14:31:20,10.62,--,3,3185,卖盘
419,14:31:17,10.62,--,90,95580,买盘
420,14:31:11,10.62,--,20,21240,卖盘
421,14:31:02,10.62,0.01,10,10620,中性盘
422,14:30:56,10.61,--,21,22281,卖盘
423,14:30:50,10.61,--,11,11671,卖盘
424,14:30:44,10.61,-0.01,8,8488,卖盘
425,14:30:41,10.62,--,52,55542,买盘
426,14:30:29,10.62,0.01,7,7433,买盘
427,14:30:26,10.61,-0.01,24,26206,卖盘
428,14:30:23,10.62,--,93,98766,卖盘
429,14:30:20,10.62,--,3,3185,卖盘
430,14:30:17,10.62,--,2,2124,卖盘
431,14:30:02,10.62,--,100,106518,买盘
432,14:29:59,10.62,--,10,10620,买盘
433,14:29:56,10.62,--,53,57029,卖盘
434,14:29:53,10.62,--,20,21240,卖盘
435,14:29:50,10.62,--,1,1062,卖盘
436,14:29:47,10.62,--,2,2124,卖盘
437,14:29:44,10.62,--,1,1062,卖盘
438,14:29:38,10.62,--,55,58409,卖盘
439,14:29:26,10.62,--,11,12234,卖盘
440,14:29:20,10.62,0.01,6,7200,买盘
441,14:29:14,10.61,-0.01,514,545354,卖盘
442,14:29:08,10.62,-0.01,105,111743,卖盘
443,14:29:05,10.63,--,4,4252,卖盘
444,14:28:59,10.63,0.01,1009,1072567,买盘
445,14:28:50,10.62,--,500,531000,卖盘
446,14:28:44,10.62,--,50,53099,卖盘
447,14:28:41,10.62,--,2,2124,卖盘
448,14:28:38,10.62,-0.01,2,2124,卖盘
449,14:28:32,10.63,0.01,44,46772,买盘
450,14:28:26,10.62,--,150,160128,买盘
451,14:28:23,10.62,--,10,10620,买盘
452,14:28:20,10.62,--,23,24426,买盘
453,14:28:17,10.62,--,30,31859,买盘
454,14:28:14,10.62,0.01,21,22302,买盘
455,14:28:08,10.61,-0.01,16,16976,卖盘
456,14:28:05,10.62,--,2,2124,买盘
457,14:28:02,10.62,-0.01,263,279709,卖盘
458,14:27:59,10.63,0.01,5,5315,买盘
459,14:27:53,10.62,-0.01,538,571356,卖盘
460,14:27:47,10.63,--,55,58465,买盘
461,14:27:38,10.63,--,10,10630,买盘
462,14:27:35,10.63,--,16,17008,买盘
463,14:27:29,10.63,--,107,113741,买盘
464,14:27:26,10.63,0.01,15,15945,买盘
465,14:27:23,10.62,-0.01,63,66906,卖盘
466,14:27:17,10.63,0.01,63,66969,中性盘
467,14:27:05,10.62,-0.01,285,302670,卖盘
468,14:27:02,10.63,--,105,111615,卖盘
469,14:26:56,10.63,--,158,167954,卖盘
470,14:26:50,10.63,--,19,20197,卖盘
471,14:26:41,10.63,--,208,221104,买盘
472,14:26:32,10.63,--,152,161576,买盘
473,14:26:26,10.63,--,1,1063,买盘
474,14:26:23,10.63,0.01,100,106300,买盘
475,14:26:17,10.62,-0.01,1,1062,卖盘
476,14:26:14,10.63,--,2,2126,买盘
477,14:26:08,10.63,0.01,30,31890,买盘
478,14:26:02,10.62,-0.01,30,31859,卖盘
479,14:25:59,10.63,0.01,2,2126,买盘
480,14:25:50,10.62,--,31,32922,卖盘
481,14:25:44,10.62,-0.01,1,1062,卖盘
482,14:25:41,10.63,0.01,105,111615,买盘
483,14:25:35,10.62,--,5,5501,卖盘
484,14:25:32,10.62,--,40,42480,卖盘
485,14:25:29,10.62,-0.01,30,31859,卖盘
486,14:25:23,10.63,--,1,1063,买盘
487,14:25:20,10.63,-0.01,34,36142,买盘
488,14:25:08,10.64,0.01,104,110656,买盘
489,14:25:05,10.63,--,67,71221,卖盘
490,14:24:47,10.63,-0.01,3,3189,卖盘
491,14:24:44,10.64,0.02,14,14896,买盘
492,14:24:29,10.62,--,500,531000,卖盘
493,14:24:14,10.62,--,6,6371,卖盘
494,14:24:11,10.62,-0.02,1800,1911599,卖盘
495,14:24:05,10.64,0.01,2,2128,买盘
496,14:24:02,10.63,--,32,34016,卖盘
497,14:23:59,10.63,--,1,1063,卖盘
498,14:23:56,10.63,-0.01,5,5315,卖盘
499,14:23:53,10.64,0.01,1,1064,买盘
500,14:23:41,10.63,--,13,13819,买盘
501,14:23:35,10.63,--,1,1063,买盘
502,14:23:32,10.63,--,5,5315,买盘
503,14:23:29,10.63,--,10,10630,买盘
504,14:23:26,10.63,--,6,6378,卖盘
505,14:23:23,10.63,--,1,1063,卖盘
506,14:23:17,10.63,--,3,3189,中性盘
507,14:23:14,10.63,--,50,53150,卖盘
508,14:23:11,10.63,-0.01,46,48898,卖盘
509,14:23:05,10.64,0.01,11,11704,买盘
510,14:22:59,10.63,-0.01,3,3189,卖盘
511,14:22:50,10.64,0.02,2,2128,买盘
512,14:22:47,10.62,--,588,624456,卖盘
513,14:22:41,10.62,-0.01,10,10620,卖盘
514,14:22:38,10.63,--,11,11693,买盘
515,14:22:35,10.63,0.01,11,11693,买盘
516,14:22:32,10.62,-0.01,1,1062,卖盘
517,14:22:26,10.63,--,20,21260,买盘
518,14:22:23,10.63,--,20,21260,买盘
519,14:22:20,10.63,0.01,80,85040,买盘
520,14:22:17,10.62,-0.01,6,6371,卖盘
521,14:22:08,10.63,--,12,12756,买盘
522,14:21:56,10.63,--,167,177521,卖盘
523,14:21:47,10.63,-0.01,73,77599,卖盘
524,14:21:35,10.64,0.01,20,21280,买盘
525,14:21:29,10.63,--,19,20197,卖盘
526,14:21:17,10.63,--,182,193466,卖盘
527,14:21:11,10.63,0.01,263,279569,买盘
528,14:21:08,10.62,-0.01,825,876149,卖盘
529,14:21:05,10.63,--,7,7441,买盘
530,14:20:53,10.63,--,20,21260,买盘
531,14:20:44,10.63,--,263,279569,买盘
532,14:20:41,10.63,--,83,88229,买盘
533,14:20:38,10.63,0.01,7,7441,买盘
534,14:20:32,10.62,-0.01,3,3185,卖盘
535,14:20:23,10.63,--,91,96733,买盘
536,14:20:20,10.63,--,17,18071,买盘
537,14:20:17,10.63,0.01,76,80788,中性盘
538,14:20:05,10.62,-0.01,1010,1072620,卖盘
539,14:20:02,10.63,--,8,8504,买盘
540,14:19:58,10.63,--,90,95670,买盘
541,14:19:55,10.63,0.01,7,7441,买盘
542,14:19:49,10.62,-0.01,32,33984,卖盘
543,14:19:46,10.63,--,30,31890,买盘
544,14:19:43,10.63,0.01,5,5315,买盘
545,14:19:37,10.62,-0.01,5,5310,卖盘
546,14:19:34,10.63,--,10,10630,买盘
547,14:19:28,10.63,--,11,11693,买盘
548,14:19:25,10.63,--,502,533711,卖盘
549,14:19:19,10.63,-0.01,22,23386,卖盘
550,14:19:10,10.64,0.01,3,3192,买盘
551,14:19:07,10.63,-0.01,5,5315,卖盘
552,14:18:58,10.64,0.01,1,1064,买盘
553,14:18:55,10.63,-0.01,104,110552,卖盘
554,14:18:49,10.64,--,25,26600,买盘
555,14:18:46,10.64,--,2,2128,买盘
556,14:18:40,10.64,0.01,3,3192,买盘
557,14:18:37,10.63,-0.01,717,762171,卖盘
558,14:18:34,10.64,--,1,1064,买盘
559,14:18:25,10.64,--,164,174496,卖盘
560,14:18:16,10.64,-0.01,27,28728,卖盘
561,14:18:04,10.65,0.01,19,20235,买盘
562,14:18:01,10.64,--,20,21280,卖盘
563,14:17:49,10.64,0.01,741,788424,买盘
564,14:17:46,10.63,-0.01,106,112678,卖盘
565,14:17:43,10.64,--,11,11704,买盘
566,14:17:37,10.64,0.01,1,1064,买盘
567,14:17:34,10.63,--,18,20111,卖盘
568,14:17:31,10.63,--,5,5315,卖盘
569,14:17:28,10.63,-0.02,5,5315,卖盘
570,14:17:16,10.65,0.02,20,21300,买盘
571,14:17:10,10.63,-0.01,431,458153,卖盘
572,14:17:07,10.64,0.01,11,11704,买盘
573,14:17:04,10.63,-0.01,1,1063,卖盘
574,14:17:01,10.64,--,4,4256,买盘
575,14:16:58,10.64,--,291,309624,卖盘
576,14:16:55,10.64,-0.01,4,4256,卖盘
577,14:16:52,10.65,0.01,1,1065,买盘
578,14:16:49,10.64,-0.01,128,136192,卖盘
579,14:16:43,10.65,0.01,1,1065,买盘
580,14:16:40,10.64,--,12,12768,卖盘
581,14:16:37,10.64,--,5,5320,卖盘
582,14:16:16,10.64,--,9,9576,卖盘
583,14:16:10,10.64,-0.01,24,25536,卖盘
584,14:16:07,10.65,-0.01,18,19170,卖盘
585,14:16:01,10.66,--,1,1066,买盘
586,14:15:58,10.66,0.02,3,3198,买盘
587,14:15:55,10.64,--,1,1064,卖盘
588,14:15:49,10.64,-0.02,1,1064,卖盘
589,14:15:43,10.66,0.01,35,37310,买盘
590,14:15:40,10.65,0.01,2,2130,买盘
591,14:15:37,10.64,--,2,2128,卖盘
592,14:15:31,10.64,--,489,520296,买盘
593,14:15:25,10.64,--,100,106400,买盘
594,14:15:22,10.64,--,14,14896,买盘
595,14:15:19,10.64,-0.01,114,121296,卖盘
596,14:15:10,10.65,--,1,1065,买盘
597,14:15:07,10.65,0.01,1,1065,买盘
598,14:14:58,10.64,--,149,158536,买盘
599,14:14:52,10.64,--,51,54264,买盘
600,14:14:49,10.64,--,2,2128,买盘
601,14:14:43,10.64,--,400,425600,买盘
602,14:14:37,10.64,--,74,78736,买盘
603,14:14:34,10.64,--,33,35112,买盘
604,14:14:28,10.64,-0.01,78,82992,卖盘
605,14:14:25,10.65,0.01,68,72420,买盘
606,14:14:22,10.64,--,6,6384,卖盘
607,14:14:01,10.64,--,12,12768,卖盘
608,14:13:46,10.64,--,11,11704,卖盘
609,14:13:43,10.64,0.01,2,2128,买盘
610,14:13:40,10.63,--,501,532563,卖盘
611,14:13:37,10.63,--,716,761108,卖盘
612,14:13:34,10.63,-0.01,105,111615,卖盘
613,14:13:28,10.64,--,13,13832,买盘
614,14:13:25,10.64,--,6,6384,买盘
615,14:13:22,10.64,--,10,10640,买盘
616,14:13:16,10.64,--,303,322392,买盘
617,14:13:13,10.64,--,108,114912,买盘
618,14:13:01,10.64,--,13,13832,买盘
619,14:12:58,10.64,--,4,4256,买盘
620,14:12:52,10.64,--,68,72352,买盘
621,14:12:49,10.64,--,114,121296,卖盘
622,14:12:37,10.64,--,12,12768,卖盘
623,14:12:34,10.64,0.01,31,32984,卖盘
624,14:12:31,10.63,-0.01,1,1063,卖盘
625,14:12:25,10.64,--,2,2128,买盘
626,14:12:22,10.64,0.01,40,42560,买盘
627,14:12:19,10.63,-0.01,53,56339,卖盘
628,14:12:07,10.64,--,7,7448,买盘
629,14:12:04,10.64,--,2,2128,买盘
630,14:12:01,10.64,--,50,53200,买盘
631,14:11:58,10.64,--,507,539448,卖盘
632,14:11:55,10.64,--,3,3192,卖盘
633,14:11:52,10.64,-0.01,35,37240,卖盘
634,14:11:49,10.65,0.01,20,21300,买盘
635,14:11:46,10.64,-0.01,2,2128,卖盘
636,14:11:43,10.65,--,1,1065,买盘
637,14:11:28,10.65,--,432,460080,卖盘
638,14:11:22,10.65,--,496,528240,卖盘
639,14:11:10,10.65,--,28,29820,卖盘
640,14:11:07,10.65,--,289,307785,卖盘
641,14:11:01,10.65,0.01,300,319500,卖盘
642,14:10:58,10.64,-0.02,115,123211,卖盘
643,14:10:55,10.66,--,80,85280,卖盘
644,14:10:52,10.66,--,105,112143,买盘
645,14:10:49,10.66,--,46,49036,买盘
646,14:10:37,10.66,--,1596,1701336,卖盘
647,14:10:34,10.66,--,606,645996,卖盘
648,14:10:31,10.66,-0.01,170,181220,卖盘
649,14:10:19,10.67,0.01,2,2134,买盘
650,14:10:16,10.66,--,716,763256,卖盘
651,14:10:13,10.66,--,1,1066,卖盘
652,14:10:07,10.66,--,4,4264,卖盘
653,14:10:04,10.66,-0.01,10,10660,卖盘
654,14:09:58,10.67,0.01,292,311564,买盘
655,14:09:55,10.66,--,13,13858,卖盘
656,14:09:49,10.66,0.01,156,166296,买盘
657,14:09:37,10.65,-0.02,5,5325,卖盘
658,14:09:34,10.67,0.02,411,438537,买盘
659,14:09:28,10.65,-0.01,716,762540,卖盘
660,14:09:07,10.66,--,1,1066,买盘
661,14:09:04,10.66,--,187,199342,买盘
662,14:08:58,10.66,0.01,14,14924,买盘
663,14:08:49,10.65,--,20,21300,卖盘
664,14:08:46,10.65,--,6,6390,卖盘
665,14:08:37,10.65,-0.01,721,767865,卖盘
666,14:08:34,10.66,--,11,11726,买盘
667,14:08:25,10.66,0.01,10,10660,买盘
668,14:08:22,10.65,-0.01,50,53250,卖盘
669,14:08:19,10.66,--,1,1066,买盘
670,14:08:16,10.66,--,21,22386,卖盘
671,14:08:13,10.66,0.01,167,178022,买盘
672,14:08:10,10.65,--,4,4260,卖盘
673,14:07:58,10.65,--,2,2130,卖盘
674,14:07:55,10.65,--,1,1065,卖盘
675,14:07:52,10.65,--,25,26625,卖盘
676,14:07:46,10.65,-0.01,716,762540,卖盘
677,14:07:34,10.66,--,28,29848,买盘
678,14:07:25,10.66,--,89,94874,卖盘
679,14:07:22,10.66,-0.01,80,85280,卖盘
680,14:07:19,10.67,0.01,187,199529,买盘
681,14:07:13,10.66,--,10,10660,卖盘
682,14:07:07,10.66,--,53,56498,卖盘
683,14:06:58,10.66,--,199,212134,卖盘
684,14:06:55,10.66,--,716,763256,卖盘
685,14:06:52,10.66,--,30,31980,卖盘
686,14:06:46,10.66,--,1,1066,卖盘
687,14:06:34,10.66,--,101,107666,卖盘
688,14:06:31,10.66,-0.01,10,10660,卖盘
689,14:06:25,10.67,--,187,199529,买盘
690,14:06:16,10.67,--,1,1067,买盘
691,14:06:07,10.67,--,2,2134,买盘
692,14:06:04,10.67,--,1,1067,买盘
693,14:06:01,10.67,--,63,67221,卖盘
694,14:05:46,10.67,--,687,733029,买盘
695,14:05:43,10.67,--,7,7469,买盘
696,14:05:40,10.67,0.01,1,1067,买盘
697,14:05:34,10.66,-0.01,50,53300,卖盘
698,14:05:31,10.67,--,185,197395,买盘
699,14:05:22,10.67,0.01,2,2134,买盘
700,14:05:19,10.66,--,50,53300,卖盘
701,14:05:16,10.66,-0.01,720,767520,卖盘
702,14:05:10,10.67,0.01,10,10670,买盘
703,14:04:58,10.66,-0.01,20,21320,卖盘
704,14:04:55,10.67,--,14,14938,买盘
705,14:04:52,10.67,0.01,2,2134,买盘
706,14:04:49,10.66,-0.01,1,1066,卖盘
707,14:04:46,10.67,--,5,5335,买盘
708,14:04:37,10.67,--,186,198462,买盘
709,14:04:34,10.67,0.01,5,5335,买盘
710,14:04:31,10.66,--,10,10660,卖盘
711,14:04:28,10.66,--,717,764322,卖盘
712,14:04:25,10.66,-0.01,3,3198,卖盘
713,14:04:22,10.67,--,40,42680,买盘
714,14:04:10,10.67,--,10,10670,买盘
715,14:04:07,10.67,--,25,26675,买盘
716,14:04:04,10.67,--,3,3201,买盘
717,14:04:01,10.67,--,113,120571,买盘
718,14:03:58,10.67,--,4,4268,买盘
719,14:03:55,10.67,0.01,87,92829,买盘
720,14:03:49,10.66,-0.01,8,8528,卖盘
721,14:03:46,10.67,0.01,186,198462,买盘
722,14:03:40,10.66,-0.01,816,869856,卖盘
723,14:03:34,10.67,--,1,1067,买盘
724,14:03:28,10.67,0.01,3,3201,买盘
725,14:03:25,10.66,--,20,21320,卖盘
726,14:03:19,10.66,--,51,54366,卖盘
727,14:03:16,10.66,--,20,21320,买盘
728,14:03:13,10.66,-0.01,5,5330,卖盘
729,14:03:10,10.67,0.02,11,11737,买盘
730,14:03:04,10.65,-0.01,51,54315,卖盘
731,14:02:55,10.66,--,100,106600,卖盘
732,14:02:52,10.66,--,85,90610,买盘
733,14:02:49,10.66,0.01,718,765388,买盘
734,14:02:43,10.65,--,75,79875,卖盘
735,14:02:28,10.65,--,10,10650,卖盘
736,14:02:19,10.65,--,38,40470,卖盘
737,14:02:10,10.65,--,4,4260,卖盘
738,14:02:04,10.65,-0.02,1,1065,中性盘
739,14:01:58,10.67,0.02,770,821590,买盘
740,14:01:49,10.65,--,32,34080,卖盘
741,14:01:43,10.65,--,42,44730,卖盘
742,14:01:34,10.65,0.01,655,697575,买盘
743,14:01:25,10.64,-0.01,16,17024,卖盘
744,14:01:22,10.65,--,1,1065,买盘
745,14:01:19,10.65,--,195,207675,买盘
746,14:01:16,10.65,0.01,5,5325,买盘
747,14:01:10,10.64,--,139,147896,卖盘
748,14:01:07,10.64,-0.02,536,570304,卖盘
749,14:01:04,10.66,0.01,4,4264,买盘
750,14:01:01,10.65,--,1,1065,卖盘
751,14:00:58,10.65,-0.02,1,1065,卖盘
752,14:00:49,10.67,0.03,18,19206,买盘
753,14:00:40,10.64,--,21,22344,卖盘
754,14:00:36,10.64,-0.01,330,351120,卖盘
755,14:00:30,10.65,--,300,319500,买盘
756,14:00:27,10.65,--,153,162945,买盘
757,14:00:24,10.65,--,16,17040,买盘
758,14:00:21,10.65,--,10,10650,买盘
759,14:00:18,10.65,-0.02,231,246015,卖盘
760,14:00:12,10.67,--,186,198462,买盘
761,14:00:06,10.67,0.02,2,2134,买盘
762,13:59:57,10.65,--,401,427065,卖盘
763,13:59:54,10.65,-0.01,220,234300,卖盘
764,13:59:51,10.66,-0.01,4,4264,卖盘
765,13:59:45,10.67,--,6,6402,买盘
766,13:59:42,10.67,--,2,2134,买盘
767,13:59:39,10.67,-0.01,262,279554,卖盘
768,13:59:36,10.68,0.01,31,33108,买盘
769,13:59:33,10.67,-0.01,200,213400,卖盘
770,13:59:30,10.68,0.01,15,16020,买盘
771,13:59:27,10.67,--,746,795982,卖盘
772,13:59:24,10.67,-0.01,84,89628,卖盘
773,13:59:18,10.68,--,288,307584,买盘
774,13:59:15,10.68,--,157,167676,买盘
775,13:59:09,10.68,0.01,36,38448,买盘
776,13:59:06,10.67,--,35,37345,卖盘
777,13:59:03,10.67,--,5,5335,卖盘
778,13:59:00,10.67,-0.01,458,488686,卖盘
779,13:58:45,10.68,--,150,160200,买盘
780,13:58:39,10.68,0.01,1,1068,买盘
781,13:58:36,10.67,-0.01,771,822657,卖盘
782,13:58:33,10.68,--,3,3204,买盘
783,13:58:27,10.68,--,1,1068,买盘
784,13:58:24,10.68,--,282,301176,买盘
785,13:58:18,10.68,--,50,53400,买盘
786,13:58:15,10.68,--,23,24564,买盘
787,13:58:12,10.68,0.01,21,22428,买盘
788,13:58:09,10.67,--,25,26675,卖盘
789,13:58:06,10.67,--,29,30943,卖盘
790,13:58:03,10.67,--,642,685014,买盘
791,13:58:00,10.67,--,100,106700,买盘
792,13:57:57,10.67,--,1,1067,买盘
793,13:57:54,10.67,--,61,65087,买盘
794,13:57:51,10.67,-0.01,179,190993,卖盘
795,13:57:42,10.68,0.01,207,221076,买盘
796,13:57:39,10.67,-0.01,10,10670,卖盘
797,13:57:36,10.68,0.01,1,1068,买盘
798,13:57:33,10.67,--,1700,1813900,买盘
799,13:57:30,10.67,--,215,229405,买盘
800,13:57:27,10.67,--,1,1067,买盘
801,13:57:24,10.67,--,48,51216,买盘
802,13:57:21,10.67,--,19,20273,买盘
803,13:57:18,10.67,--,216,230472,买盘
804,13:57:15,10.67,--,13,13871,买盘
805,13:57:12,10.67,--,513,547371,买盘
806,13:57:09,10.67,--,38,40546,买盘
807,13:57:06,10.67,0.01,51,54417,买盘
808,13:57:03,10.66,-0.01,38,40508,卖盘
809,13:57:00,10.67,0.01,82,87494,买盘
810,13:56:57,10.66,-0.01,721,768586,卖盘
811,13:56:54,10.67,--,31,33077,买盘
812,13:56:45,10.67,0.01,10,10670,买盘
813,13:56:39,10.66,0.01,30,32598,买盘
814,13:56:24,10.65,-0.01,2,2130,卖盘
815,13:56:21,10.66,--,3,3198,买盘
816,13:56:18,10.66,--,14,14924,买盘
817,13:56:15,10.66,--,111,118326,买盘
818,13:56:12,10.66,0.01,40,42640,买盘
819,13:56:09,10.65,--,7,7455,卖盘
820,13:56:06,10.65,-0.01,716,762540,卖盘
821,13:56:03,10.66,--,10,10660,买盘
822,13:55:57,10.66,0.01,30,31980,买盘
823,13:55:54,10.65,-0.01,2,2130,卖盘
824,13:55:45,10.66,0.01,861,917826,买盘
825,13:55:36,10.65,-0.01,30,31950,卖盘
826,13:55:30,10.66,--,292,311911,买盘
827,13:55:24,10.66,0.01,20,21320,买盘
828,13:55:15,10.65,--,716,762540,卖盘
829,13:55:12,10.65,-0.01,5,5325,卖盘
830,13:55:06,10.66,0.01,32,34112,买盘
831,13:55:00,10.65,--,2,2130,卖盘
832,13:54:57,10.65,--,15,15975,卖盘
833,13:54:54,10.65,--,1,1065,卖盘
834,13:54:48,10.65,-0.01,14,14910,卖盘
835,13:54:45,10.66,0.01,21,22386,买盘
836,13:54:42,10.65,0.01,10,10650,买盘
837,13:54:39,10.64,--,34,36176,卖盘
838,13:54:36,10.64,--,9,9576,卖盘
839,13:54:30,10.64,--,17,18088,卖盘
840,13:54:27,10.64,-0.01,817,869288,卖盘
841,13:54:24,10.65,--,44,46860,卖盘
842,13:54:21,10.65,--,7,7455,卖盘
843,13:54:18,10.65,0.01,42,44730,买盘
844,13:54:12,10.64,--,38,40432,卖盘
845,13:54:09,10.64,-0.02,107,113848,卖盘
846,13:54:03,10.66,0.02,415,442390,买盘
847,13:54:00,10.64,--,54,57456,买盘
848,13:53:57,10.64,--,187,198968,买盘
849,13:53:54,10.64,--,20,21280,买盘
850,13:53:48,10.64,--,2,2128,买盘
851,13:53:39,10.64,--,13,13832,买盘
852,13:53:36,10.64,-0.02,360,383040,卖盘
853,13:53:33,10.66,0.02,607,647062,买盘
854,13:53:30,10.64,-0.01,10,10640,卖盘
855,13:53:27,10.65,0.01,2,2130,买盘
856,13:53:24,10.64,-0.01,54,57456,卖盘
857,13:53:21,10.65,--,5,5325,买盘
858,13:53:18,10.65,--,4,4260,买盘
859,13:53:12,10.65,--,3,3195,买盘
860,13:53:09,10.65,--,1069,1139124,卖盘
861,13:53:03,10.65,--,2354,2507010,卖盘
862,13:52:57,10.65,--,121,128865,卖盘
863,13:52:54,10.65,--,4,4260,卖盘
864,13:52:51,10.65,-0.01,1002,1067130,卖盘
865,13:52:48,10.66,0.01,1,1066,买盘
866,13:52:45,10.65,-0.01,716,762540,卖盘
867,13:52:42,10.66,0.01,10,10660,买盘
868,13:52:39,10.65,--,2,2130,卖盘
869,13:52:36,10.65,-0.01,632,673080,卖盘
870,13:52:33,10.66,0.01,4,4264,买盘
871,13:52:30,10.65,--,3,3195,卖盘
872,13:52:21,10.65,-0.01,21,22365,卖盘
873,13:52:15,10.66,--,39,41574,买盘
874,13:52:12,10.66,0.01,186,198276,买盘
875,13:52:09,10.65,--,17,18105,卖盘
876,13:52:06,10.65,--,21,22365,卖盘
877,13:52:00,10.65,--,716,762540,卖盘
878,13:51:54,10.65,--,178,189570,卖盘
879,13:51:48,10.65,-0.01,320,340800,卖盘
880,13:51:42,10.66,--,5,5330,买盘
881,13:51:39,10.66,--,16,17056,买盘
882,13:51:36,10.66,--,33,35178,买盘
883,13:51:33,10.66,0.01,30,31980,买盘
884,13:51:30,10.65,-0.01,53,56445,卖盘
885,13:51:27,10.66,--,109,116194,买盘
886,13:51:24,10.66,--,7,7462,买盘
887,13:51:18,10.66,0.01,189,201474,买盘
888,13:51:15,10.65,-0.01,100,106500,卖盘
889,13:51:12,10.66,0.01,18,19188,买盘
890,13:51:09,10.65,-0.01,5,5325,卖盘
891,13:51:06,10.66,--,11,11726,买盘
892,13:51:03,10.66,--,187,199342,买盘
893,13:51:00,10.66,--,66,70356,买盘
894,13:50:57,10.66,0.01,16,17056,买盘
895,13:50:54,10.65,-0.01,20,21300,卖盘
896,13:50:51,10.66,--,32,34112,买盘
897,13:50:42,10.66,0.01,20,21320,买盘
898,13:50:39,10.65,-0.01,13,13845,卖盘
899,13:50:36,10.66,0.01,36,38376,买盘
900,13:50:33,10.65,-0.01,1,1065,卖盘
901,13:50:30,10.66,0.01,834,889044,买盘
902,13:50:27,10.65,-0.01,65,69225,卖盘
903,13:50:18,10.66,0.01,31,33046,买盘
904,13:50:15,10.65,--,10,10650,卖盘
905,13:50:09,10.65,--,1,1065,卖盘
906,13:50:06,10.65,-0.01,160,170400,卖盘
907,13:50:00,10.66,--,22,23452,买盘
908,13:49:57,10.66,0.01,3,3198,买盘
909,13:49:48,10.65,--,25,26625,卖盘
910,13:49:36,10.65,-0.01,6,6390,卖盘
911,13:49:30,10.66,--,13,13858,买盘
912,13:49:27,10.66,--,19,20254,买盘
913,13:49:24,10.66,0.01,18,19614,买盘
914,13:49:21,10.65,-0.01,47,50694,卖盘
915,13:49:18,10.66,0.01,83,88904,买盘
916,13:49:15,10.65,--,97,103305,买盘
917,13:49:12,10.65,--,144,153360,买盘
918,13:49:06,10.65,--,49,52185,买盘
919,13:49:03,10.65,--,5,5325,买盘
920,13:48:57,10.65,0.01,5,5325,买盘
921,13:48:51,10.64,--,25,26600,卖盘
922,13:48:48,10.64,-0.01,439,467096,卖盘
923,13:48:45,10.65,--,98,104370,买盘
924,13:48:42,10.65,--,55,58575,买盘
925,13:48:39,10.65,--,1,1065,买盘
926,13:48:30,10.65,--,1,1065,买盘
927,13:48:21,10.65,--,21,22365,买盘
928,13:48:18,10.65,--,112,119280,买盘
929,13:48:15,10.65,--,1,1065,买盘
930,13:48:12,10.65,0.01,3,3195,买盘
931,13:48:06,10.64,-0.01,7,7448,卖盘
932,13:48:03,10.65,--,20,21300,买盘
933,13:48:00,10.65,--,4,4260,买盘
934,13:47:54,10.65,--,100,106500,买盘
935,13:47:48,10.65,0.01,51,54315,买盘
936,13:47:45,10.64,-0.01,31,32984,卖盘
937,13:47:42,10.65,--,10,10650,买盘
938,13:47:39,10.65,--,4,4260,买盘
939,13:47:33,10.65,--,22,23430,买盘
940,13:47:18,10.65,0.01,1,1065,买盘
941,13:47:12,10.64,-0.01,1,1064,卖盘
942,13:47:09,10.65,0.01,98,104370,买盘
943,13:47:06,10.64,-0.01,2,2128,卖盘
944,13:47:03,10.65,--,196,208740,买盘
945,13:46:57,10.65,--,147,156555,买盘
946,13:46:51,10.65,--,5,5325,买盘
947,13:46:48,10.65,--,10,10650,买盘
948,13:46:45,10.65,0.01,5,5325,买盘
949,13:46:39,10.64,-0.01,6,6384,卖盘
950,13:46:33,10.65,--,1,1065,买盘
951,13:46:30,10.65,--,4,4260,买盘
952,13:46:27,10.65,0.01,10,10650,买盘
953,13:46:24,10.64,--,50,53200,卖盘
954,13:46:21,10.64,-0.01,1000,1064000,卖盘
955,13:46:18,10.65,0.01,277,295005,买盘
956,13:46:09,10.64,--,8,8512,卖盘
957,13:46:00,10.64,--,16,17024,卖盘
958,13:45:57,10.64,--,73,77672,卖盘
959,13:45:51,10.64,--,63,67032,卖盘
960,13:45:45,10.64,--,69,73416,卖盘
961,13:45:39,10.64,-0.01,105,111720,卖盘
962,13:45:36,10.65,0.01,1,1065,买盘
963,13:45:33,10.64,-0.01,19,20216,卖盘
964,13:45:27,10.65,0.01,23,24495,买盘
965,13:45:24,10.64,-0.01,117,124488,卖盘
966,13:45:18,10.65,--,1,1065,买盘
967,13:45:15,10.65,--,2,2130,买盘
968,13:45:12,10.65,0.01,981,1044765,买盘
969,13:45:09,10.64,-0.01,6,6384,卖盘
970,13:45:06,10.65,0.01,6,6390,买盘
971,13:45:00,10.64,--,2,2128,卖盘
972,13:44:57,10.64,--,8,8512,卖盘
973,13:44:54,10.64,--,16,17024,卖盘
974,13:44:45,10.64,-0.01,3,3192,卖盘
975,13:44:42,10.65,0.01,4,4260,买盘
976,13:44:30,10.64,-0.01,1,1276,卖盘
977,13:44:27,10.65,--,2,2130,买盘
978,13:44:21,10.65,0.01,100,106500,买盘
979,13:44:18,10.64,-0.01,874,929936,卖盘
980,13:44:03,10.65,0.01,14,14910,买盘
981,13:43:54,10.64,-0.01,2,2128,卖盘
982,13:43:48,10.65,0.01,33,35145,买盘
983,13:43:45,10.64,--,153,162792,卖盘
984,13:43:42,10.64,-0.01,23,24472,卖盘
985,13:43:36,10.65,0.01,31,33015,买盘
986,13:43:33,10.64,--,21,22344,卖盘
987,13:43:30,10.64,-0.01,35,37240,卖盘
988,13:43:24,10.65,--,8,8520,买盘
989,13:43:21,10.65,--,51,54315,买盘
990,13:43:15,10.65,0.01,2,2130,买盘
991,13:43:09,10.64,--,5,5320,卖盘
992,13:43:06,10.64,--,2073,2206097,买盘
993,13:43:03,10.64,--,1,1064,买盘
994,13:42:57,10.64,--,5,5320,买盘
995,13:42:30,10.64,--,20,21280,买盘
996,13:42:24,10.64,--,15,15960,买盘
997,13:42:21,10.64,--,22,23408,买盘
998,13:42:15,10.64,--,3,3192,买盘
999,13:42:12,10.64,0.01,104,110656,买盘
1000,13:42:09,10.63,-0.01,6,6378,卖盘
1001,13:42:06,10.64,0.01,3,3192,买盘
1002,13:42:03,10.63,--,30,31890,卖盘
1003,13:41:57,10.63,--,30,31890,卖盘
1004,13:41:48,10.63,--,50,53150,卖盘
1005,13:41:45,10.63,--,86,91418,卖盘
1006,13:41:42,10.63,--,10,10630,卖盘
1007,13:41:39,10.63,--,18,19134,卖盘
1008,13:41:27,10.63,--,1,1063,卖盘
1009,13:41:12,10.63,--,17,18071,买盘
1010,13:41:09,10.63,0.01,23,24449,买盘
1011,13:41:03,10.62,-0.01,108,114695,卖盘
1012,13:41:00,10.63,--,65,69095,买盘
1013,13:40:57,10.63,--,100,106300,买盘
1014,13:40:51,10.63,--,2,2126,买盘
1015,13:40:48,10.63,--,7,7441,买盘
1016,13:40:45,10.63,--,5,5315,买盘
1017,13:40:42,10.63,--,78,82914,买盘
1018,13:40:39,10.63,--,6,6378,买盘
1019,13:40:36,10.63,--,361,383743,买盘
1020,13:40:32,10.63,--,5,5315,买盘
1021,13:40:20,10.63,0.01,2,2126,买盘
1022,13:40:17,10.62,-0.01,53,56285,卖盘
1023,13:40:11,10.63,--,5,5315,买盘
1024,13:40:08,10.63,--,1,1063,买盘
1025,13:39:56,10.63,--,32,34016,买盘
1026,13:39:44,10.63,--,3,3189,买盘
1027,13:39:41,10.63,--,5,5315,买盘
1028,13:39:38,10.63,--,60,63780,买盘
1029,13:39:32,10.63,--,1,1063,买盘
1030,13:39:26,10.63,--,2,2126,买盘
1031,13:39:14,10.63,--,15,15945,买盘
1032,13:39:11,10.63,0.01,42,44646,买盘
1033,13:39:08,10.62,-0.01,6,6371,卖盘
1034,13:39:05,10.63,--,148,157324,买盘
1035,13:39:02,10.63,--,73,77599,买盘
1036,13:38:44,10.63,--,6,6378,买盘
1037,13:38:38,10.63,0.01,2,2126,买盘
1038,13:38:32,10.62,-0.01,8,8496,卖盘
1039,13:38:29,10.63,0.01,2,2126,买盘
1040,13:38:26,10.62,--,108,115163,买盘
1041,13:38:23,10.62,0.01,390,414179,买盘
1042,13:38:20,10.61,-0.01,20,21220,卖盘
1043,13:38:17,10.62,--,4,4248,买盘
1044,13:38:14,10.62,--,1100,1168200,买盘
1045,13:38:11,10.62,--,10,10620,买盘
1046,13:38:02,10.62,0.01,35,37170,买盘
1047,13:37:59,10.61,-0.01,1,1061,卖盘
1048,13:37:53,10.62,0.01,16,16992,买盘
1049,13:37:50,10.61,-0.01,4,4244,卖盘
1050,13:37:47,10.62,--,5,5310,买盘
1051,13:37:44,10.62,0.01,24,25487,买盘
1052,13:37:35,10.61,--,50,53050,卖盘
1053,13:37:32,10.61,-0.01,1,1061,卖盘
1054,13:37:29,10.62,0.01,145,153990,买盘
1055,13:37:26,10.61,-0.01,6,6366,卖盘
1056,13:37:23,10.62,0.01,5,5310,买盘
1057,13:37:17,10.61,-0.01,7,7427,卖盘
1058,13:37:11,10.62,0.01,8,8496,买盘
1059,13:37:08,10.61,--,10,10610,卖盘
1060,13:37:02,10.61,-0.01,13,13793,卖盘
1061,13:36:59,10.62,0.01,10,10620,买盘
1062,13:36:53,10.61,--,34,36074,卖盘
1063,13:36:50,10.61,-0.01,10,10610,卖盘
1064,13:36:47,10.62,0.01,1,1062,买盘
1065,13:36:44,10.61,-0.01,4,4244,卖盘
1066,13:36:38,10.62,0.01,25,26549,买盘
1067,13:36:35,10.61,-0.01,14,14854,卖盘
1068,13:36:29,10.62,--,6,6371,买盘
1069,13:36:26,10.62,--,2,2124,买盘
1070,13:36:23,10.62,0.01,20,21240,买盘
1071,13:36:20,10.61,--,13,13793,卖盘
1072,13:36:14,10.61,-0.01,2,2122,卖盘
1073,13:36:11,10.62,0.01,35,37170,买盘
1074,13:36:08,10.61,-0.01,9,9549,卖盘
1075,13:35:59,10.62,--,2,2124,买盘
1076,13:35:56,10.62,0.01,1,1062,买盘
1077,13:35:44,10.61,-0.01,8,8488,卖盘
1078,13:35:35,10.62,--,3,3185,买盘
1079,13:35:32,10.62,--,10,10620,买盘
1080,13:35:26,10.62,0.01,15,15929,买盘
1081,13:35:23,10.61,--,464,492304,卖盘
1082,13:35:20,10.61,-0.01,20,21220,卖盘
1083,13:35:14,10.62,0.01,232,246383,买盘
1084,13:35:05,10.61,--,33,35013,卖盘
1085,13:35:02,10.61,-0.01,39,41379,卖盘
1086,13:34:59,10.62,0.01,45,47790,买盘
1087,13:34:56,10.61,--,30,31830,卖盘
1088,13:34:53,10.61,--,40,42440,卖盘
1089,13:34:50,10.61,--,32,33952,卖盘
1090,13:34:41,10.61,--,65,68965,卖盘
1091,13:34:35,10.61,-0.01,7,7427,卖盘
1092,13:34:32,10.62,--,3,3185,买盘
1093,13:34:29,10.62,0.01,141,149742,买盘
1094,13:34:26,10.61,--,2,2122,卖盘
1095,13:34:20,10.61,--,1,1061,卖盘
1096,13:34:17,10.61,-0.01,5,5305,卖盘
1097,13:34:08,10.62,0.01,1,1062,买盘
1098,13:34:05,10.61,--,15,15915,卖盘
1099,13:34:02,10.61,-0.01,1,1061,卖盘
1100,13:33:56,10.62,--,5,5310,买盘
1101,13:33:50,10.62,--,229,243197,买盘
1102,13:33:47,10.62,--,341,362142,买盘
1103,13:33:38,10.62,0.01,1,1062,买盘
1104,13:33:35,10.61,--,15,15915,卖盘
1105,13:33:26,10.61,--,1,1061,卖盘
1106,13:33:20,10.61,--,1,1061,卖盘
1107,13:33:17,10.61,--,6,6366,卖盘
1108,13:33:14,10.61,-0.01,29,30769,卖盘
1109,13:33:08,10.62,0.01,22,23364,买盘
1110,13:32:59,10.61,-0.01,10,10610,卖盘
1111,13:32:56,10.62,0.01,47,49913,买盘
1112,13:32:53,10.61,-0.01,947,1004767,卖盘
1113,13:32:50,10.62,0.01,12,12743,买盘
1114,13:32:32,10.61,-0.01,20,21220,卖盘
1115,13:32:26,10.62,--,2,2124,买盘
1116,13:32:23,10.62,0.01,11,11682,买盘
1117,13:32:17,10.61,--,22,23342,卖盘
1118,13:32:08,10.61,--,25,27161,卖盘
1119,13:32:05,10.61,--,30,31830,卖盘
1120,13:31:59,10.61,--,10,10610,卖盘
1121,13:31:53,10.61,--,59,62599,卖盘
1122,13:31:50,10.61,-0.01,20,21220,卖盘
1123,13:31:47,10.62,0.01,20,21240,买盘
1124,13:31:38,10.61,--,11,11671,卖盘
1125,13:31:32,10.61,--,527,559147,卖盘
1126,13:31:29,10.61,--,55,58355,卖盘
1127,13:31:26,10.61,--,20,21220,卖盘
1128,13:31:23,10.61,--,512,543232,卖盘
1129,13:31:17,10.61,--,10,10610,卖盘
1130,13:31:14,10.61,--,2,2122,卖盘
1131,13:31:08,10.61,-0.01,25,26525,卖盘
1132,13:31:02,10.62,0.01,113,120005,买盘
1133,13:30:59,10.61,--,7,7427,卖盘
1134,13:30:53,10.61,--,33,35013,卖盘
1135,13:30:50,10.61,--,90,95490,卖盘
1136,13:30:47,10.61,--,19,20159,卖盘
1137,13:30:41,10.61,--,20,21220,卖盘
1138,13:30:35,10.61,-0.01,15,15915,卖盘
1139,13:30:26,10.62,--,6,6371,买盘
1140,13:30:23,10.62,0.01,2,2124,买盘
1141,13:30:20,10.61,--,20,21220,卖盘
1142,13:30:17,10.61,--,15,15915,卖盘
1143,13:30:14,10.61,--,12,12732,卖盘
1144,13:30:11,10.61,--,8,8488,卖盘
1145,13:30:08,10.61,--,93,98673,卖盘
1146,13:29:59,10.61,--,1,1061,卖盘
1147,13:29:56,10.61,-0.01,107,113527,卖盘
1148,13:29:47,10.62,--,9,9558,买盘
1149,13:29:41,10.62,--,397,422208,卖盘
1150,13:29:38,10.62,--,10,10620,卖盘
1151,13:29:35,10.62,--,3,3185,卖盘
1152,13:29:29,10.62,--,3,3185,卖盘
1153,13:29:20,10.62,0.01,536,569699,买盘
1154,13:29:14,10.61,-0.01,50,53050,卖盘
1155,13:29:11,10.62,--,3,3185,买盘
1156,13:28:56,10.62,0.01,1,1062,买盘
1157,13:28:50,10.61,--,10,10610,卖盘
1158,13:28:44,10.61,-0.01,307,325727,卖盘
1159,13:28:41,10.62,--,8,8496,买盘
1160,13:28:35,10.62,--,58,61595,买盘
1161,13:28:32,10.62,--,120,127439,买盘
1162,13:28:29,10.62,--,2,2718,卖盘
1163,13:28:26,10.62,--,57,61001,买盘
1164,13:28:17,10.62,--,144,152928,买盘
1165,13:28:11,10.62,--,5,5310,买盘
1166,13:28:08,10.62,--,30,31859,买盘
1167,13:28:05,10.62,--,52,55223,买盘
1168,13:28:02,10.62,--,22,23364,买盘
1169,13:27:59,10.62,--,1,1062,买盘
1170,13:27:41,10.62,--,34,36702,卖盘
1171,13:27:35,10.62,-0.01,32,33984,卖盘
1172,13:27:32,10.63,0.01,510,542130,买盘
1173,13:27:29,10.62,--,2,2124,卖盘
1174,13:27:26,10.62,--,12,12743,卖盘
1175,13:27:23,10.62,--,9,9558,卖盘
1176,13:27:20,10.62,--,10,10620,卖盘
1177,13:27:17,10.62,--,40,42480,卖盘
1178,13:27:08,10.62,-0.01,147,156114,卖盘
1179,13:27:05,10.63,0.01,3,3189,买盘
1180,13:27:02,10.62,--,10,10620,卖盘
1181,13:26:59,10.62,--,100,106199,卖盘
1182,13:26:56,10.62,--,510,541620,卖盘
1183,13:26:50,10.62,--,59,62657,卖盘
1184,13:26:44,10.62,-0.01,19,20178,卖盘
1185,13:26:32,10.63,0.01,193,205159,买盘
1186,13:26:26,10.62,-0.01,125,132750,卖盘
1187,13:26:20,10.63,0.01,31,32953,买盘
1188,13:26:14,10.62,--,223,236825,卖盘
1189,13:26:11,10.62,--,1,1062,卖盘
1190,13:26:05,10.62,-0.01,22,23364,卖盘
1191,13:26:02,10.63,0.01,5,5315,买盘
1192,13:25:53,10.62,--,2,2124,卖盘
1193,13:25:47,10.62,-0.01,6,6371,卖盘
1194,13:25:41,10.63,0.01,20,21260,买盘
1195,13:25:38,10.62,--,5,5310,卖盘
1196,13:25:35,10.62,-0.01,5,5310,卖盘
1197,13:25:23,10.63,0.01,1,1063,买盘
1198,13:25:08,10.62,--,1035,1099170,卖盘
1199,13:25:02,10.62,--,19,20178,卖盘
1200,13:24:59,10.62,--,32,33984,卖盘
1201,13:24:53,10.62,--,21,22302,卖盘
1202,13:24:50,10.62,--,128,135936,卖盘
1203,13:24:47,10.62,--,45,47790,卖盘
1204,13:24:41,10.62,-0.01,60,63719,卖盘
1205,13:24:38,10.63,0.01,61,64843,买盘
1206,13:24:35,10.62,--,2,2124,卖盘
1207,13:24:29,10.62,--,21,22302,卖盘
1208,13:24:26,10.62,--,99,105137,卖盘
1209,13:24:14,10.62,--,1,1062,卖盘
1210,13:24:11,10.62,--,1,1062,卖盘
1211,13:24:08,10.62,--,5,5310,卖盘
1212,13:24:05,10.62,--,10,10620,卖盘
1213,13:24:02,10.62,-0.01,22,23364,卖盘
1214,13:23:47,10.63,0.01,10,10630,买盘
1215,13:23:44,10.62,-0.01,16,16992,卖盘
1216,13:23:41,10.63,--,21,22323,买盘
1217,13:23:38,10.63,--,228,242364,买盘
1218,13:23:35,10.63,--,2,2126,买盘
1219,13:23:11,10.63,--,3,3189,买盘
1220,13:22:56,10.63,--,9,9567,买盘
1221,13:22:47,10.63,--,1,1063,买盘
1222,13:22:44,10.63,--,11,11693,买盘
1223,13:22:41,10.63,--,10,10630,买盘
1224,13:22:32,10.63,--,10,10630,买盘
1225,13:22:20,10.63,--,43,45709,买盘
1226,13:22:08,10.63,0.01,10,10630,买盘
1227,13:22:05,10.62,--,265,281430,卖盘
1228,13:21:59,10.62,-0.01,1,1062,卖盘
1229,13:21:53,10.63,0.01,1,1063,买盘
1230,13:21:47,10.62,--,21,22302,卖盘
1231,13:21:44,10.62,--,19,20178,卖盘
1232,13:21:38,10.62,--,1,1062,卖盘
1233,13:21:32,10.62,-0.01,20,21240,卖盘
1234,13:21:26,10.63,0.01,31,32953,买盘
1235,13:21:23,10.62,-0.01,11,12446,卖盘
1236,13:21:08,10.63,0.01,8,8504,买盘
1237,13:21:02,10.62,--,37,39294,卖盘
1238,13:20:50,10.62,--,1,1062,卖盘
1239,13:20:44,10.62,--,38,40356,卖盘
1240,13:20:32,10.62,-0.01,50,53099,卖盘
1241,13:20:17,10.63,--,10,10630,买盘
1242,13:20:11,10.63,--,63,66969,买盘
1243,13:19:50,10.63,0.01,12,12756,买盘
1244,13:19:47,10.62,-0.01,20,21240,卖盘
1245,13:19:40,10.63,0.01,6,6378,买盘
1246,13:19:25,10.62,--,5,5310,卖盘
1247,13:19:22,10.62,-0.01,210,223019,卖盘
1248,13:19:19,10.63,0.01,6,6378,买盘
1249,13:19:10,10.62,--,3,3185,卖盘
1250,13:19:07,10.62,--,42,44604,卖盘
1251,13:19:04,10.62,--,84,89208,卖盘
1252,13:19:01,10.62,-0.01,42,44604,卖盘
1253,13:18:58,10.63,0.01,15,15945,买盘
1254,13:18:52,10.62,-0.01,450,477899,卖盘
1255,13:18:49,10.63,0.01,13,13819,买盘
1256,13:18:46,10.62,-0.01,89,94518,卖盘
1257,13:18:40,10.63,--,1,1063,买盘
1258,13:18:37,10.63,--,143,152009,买盘
1259,13:18:31,10.63,0.01,36,38268,买盘
1260,13:18:25,10.62,-0.01,43,45666,卖盘
1261,13:18:22,10.63,0.01,10,10630,买盘
1262,13:18:19,10.62,--,21,22302,卖盘
1263,13:18:16,10.62,-0.01,21,22302,卖盘
1264,13:18:07,10.63,--,15,15945,买盘
1265,13:18:04,10.63,--,2,2126,买盘
1266,13:18:01,10.63,0.01,50,53150,买盘
1267,13:17:55,10.62,-0.01,800,849599,卖盘
1268,13:17:52,10.63,--,2,2126,买盘
1269,13:17:49,10.63,0.01,9,9567,买盘
1270,13:17:43,10.62,-0.01,25,26549,卖盘
1271,13:17:40,10.63,--,24,25512,买盘
1272,13:17:37,10.63,--,86,91418,买盘
1273,13:17:34,10.63,0.01,1,1063,买盘
1274,13:17:22,10.62,-0.01,1,1062,卖盘
1275,13:17:16,10.63,--,24,25512,买盘
1276,13:17:07,10.63,--,4,4252,买盘
1277,13:17:04,10.63,--,30,31890,买盘
1278,13:17:01,10.63,--,30,31890,买盘
1279,13:16:55,10.63,--,33,35079,买盘
1280,13:16:49,10.63,0.01,100,106300,买盘
1281,13:16:43,10.62,-0.01,83,88910,卖盘
1282,13:16:40,10.63,--,1,1063,买盘
1283,13:16:31,10.63,--,52,55276,买盘
1284,13:16:25,10.63,--,10,10630,买盘
1285,13:16:22,10.63,0.01,1,1063,买盘
1286,13:16:07,10.62,-0.01,20,21240,卖盘
1287,13:15:49,10.63,--,1,1063,买盘
1288,13:15:43,10.63,--,10,10630,买盘
1289,13:15:40,10.63,0.01,31,32953,买盘
1290,13:15:34,10.62,--,24,25487,卖盘
1291,13:15:31,10.62,--,50,53099,卖盘
1292,13:15:25,10.62,--,23,24426,卖盘
1293,13:15:16,10.62,--,25,26549,卖盘
1294,13:15:10,10.62,-0.01,50,53099,卖盘
1295,13:15:04,10.63,--,2,2126,买盘
1296,13:14:55,10.63,0.01,11,11693,买盘
1297,13:14:43,10.62,--,29,30797,卖盘
1298,13:14:40,10.62,--,1,1062,卖盘
1299,13:14:31,10.62,-0.01,118,125315,卖盘
1300,13:14:19,10.63,0.01,3,3189,买盘
1301,13:14:13,10.62,--,60,63719,卖盘
1302,13:14:10,10.62,-0.01,84,89208,卖盘
1303,13:14:04,10.63,0.01,1,1063,买盘
1304,13:13:58,10.62,--,5,5310,卖盘
1305,13:13:55,10.62,--,11,11682,买盘
1306,13:13:52,10.62,--,7,7433,买盘
1307,13:13:46,10.62,--,11,11682,买盘
1308,13:13:37,10.62,--,1,1062,买盘
1309,13:13:28,10.62,--,1,1062,买盘
1310,13:13:25,10.62,--,10,10620,买盘
1311,13:13:22,10.62,--,12,12743,买盘
1312,13:13:19,10.62,--,32,33984,买盘
1313,13:13:16,10.62,--,14,14867,买盘
1314,13:13:13,10.62,0.01,61,64781,买盘
1315,13:13:10,10.61,-0.01,2,2122,卖盘
1316,13:13:04,10.62,--,113,120005,买盘
1317,13:13:01,10.62,0.01,3,3483,买盘
1318,13:12:58,10.61,-0.01,70,74270,卖盘
1319,13:12:49,10.62,0.01,1,1062,买盘
1320,13:12:46,10.61,-0.01,43,46386,卖盘
1321,13:12:43,10.62,0.01,12,12743,买盘
1322,13:12:34,10.61,--,2,2122,卖盘
1323,13:12:31,10.61,-0.01,22,23342,卖盘
1324,13:12:22,10.62,--,75,79650,买盘
1325,13:12:19,10.62,--,5,5310,买盘
1326,13:12:07,10.62,--,15,15929,买盘
1327,13:12:04,10.62,--,12,12743,买盘
1328,13:12:01,10.62,--,21,22302,买盘
1329,13:11:58,10.62,0.01,1,1062,买盘
1330,13:11:55,10.61,-0.01,30,31830,卖盘
1331,13:11:49,10.62,--,5,5310,买盘
1332,13:11:46,10.62,--,10,10620,买盘
1333,13:11:40,10.62,0.01,108,114695,买盘
1334,13:11:37,10.61,-0.01,1,1061,卖盘
1335,13:11:34,10.62,--,40,42480,买盘
1336,13:11:28,10.62,--,2,2124,买盘
1337,13:11:25,10.62,--,12,12743,买盘
1338,13:11:22,10.62,--,1,1062,买盘
1339,13:11:19,10.62,--,8,8496,买盘
1340,13:11:16,10.62,--,20,21240,买盘
1341,13:11:13,10.62,-0.01,27,28673,中性盘
1342,13:11:10,10.63,0.01,27,28998,买盘
1343,13:11:04,10.62,--,22,23364,卖盘
1344,13:10:58,10.62,--,10,10620,卖盘
1345,13:10:55,10.62,-0.01,24,25487,卖盘
1346,13:10:52,10.63,0.01,2,2126,买盘
1347,13:10:49,10.62,--,18,19880,买盘
1348,13:10:46,10.62,--,100,106199,买盘
1349,13:10:37,10.62,--,33,35046,买盘
1350,13:10:34,10.62,0.01,15,15929,买盘
1351,13:10:28,10.61,-0.01,1,1061,卖盘
1352,13:10:25,10.62,--,20,21240,买盘
1353,13:10:19,10.62,--,63,66906,买盘
1354,13:10:13,10.62,0.01,327,347274,买盘
1355,13:10:10,10.61,-0.01,266,282226,卖盘
1356,13:10:01,10.62,--,33,35046,买盘
1357,13:09:58,10.62,0.01,14,14867,买盘
1358,13:09:55,10.61,-0.01,10,10610,卖盘
1359,13:09:49,10.62,--,1,1062,买盘
1360,13:09:43,10.62,--,3,3185,买盘
1361,13:09:40,10.62,--,1,1062,买盘
1362,13:09:37,10.62,0.01,62,65844,买盘
1363,13:09:31,10.61,-0.01,2,2122,卖盘
1364,13:09:22,10.62,--,25,26549,买盘
1365,13:09:19,10.62,0.01,5,5310,买盘
1366,13:09:10,10.61,-0.01,58,61538,卖盘
1367,13:09:07,10.62,--,11,11682,买盘
1368,13:09:04,10.62,--,17,18054,买盘
1369,13:08:55,10.62,0.01,15,15929,买盘
1370,13:08:52,10.61,-0.01,15,15915,卖盘
1371,13:08:49,10.62,0.01,4,4248,买盘
1372,13:08:46,10.61,--,11,11671,卖盘
1373,13:08:43,10.61,--,50,53050,卖盘
1374,13:08:40,10.61,--,1,1061,卖盘
1375,13:08:37,10.61,--,11,11671,卖盘
1376,13:08:31,10.61,--,10,10610,卖盘
1377,13:08:28,10.61,-0.01,10,10610,卖盘
1378,13:08:22,10.62,--,111,117881,买盘
1379,13:08:13,10.62,0.01,111,117881,买盘
1380,13:08:10,10.61,--,86,91712,卖盘
1381,13:08:01,10.61,-0.01,10,10610,卖盘
1382,13:07:55,10.62,0.01,1,1062,买盘
1383,13:07:52,10.61,--,39,41379,卖盘
1384,13:07:46,10.61,-0.01,30,31830,卖盘
1385,13:07:43,10.62,--,16,16992,买盘
1386,13:07:40,10.62,0.01,100,106199,买盘
1387,13:07:34,10.61,--,2000,2122000,卖盘
1388,13:07:31,10.61,--,14,15490,卖盘
1389,13:07:25,10.61,--,5,5305,卖盘
1390,13:07:22,10.61,--,83,88529,卖盘
1391,13:07:19,10.61,--,10,10610,卖盘
1392,13:07:10,10.61,-0.01,10,10610,卖盘
1393,13:07:04,10.62,0.01,2,2124,买盘
1394,13:07:01,10.61,--,11,11671,买盘
1395,13:06:58,10.61,--,30,31830,买盘
1396,13:06:52,10.61,--,863,915643,买盘
1397,13:06:49,10.61,--,3,3183,买盘
1398,13:06:43,10.61,-0.01,54,57294,卖盘
1399,13:06:37,10.62,0.01,10,10620,买盘
1400,13:06:34,10.61,0.01,10,10610,中性盘
1401,13:06:28,10.6,--,200,212000,卖盘
1402,13:06:19,10.6,-0.02,59,62540,卖盘
1403,13:06:16,10.62,0.01,26,27611,买盘
1404,13:06:13,10.61,-0.01,2291,2430751,卖盘
1405,13:06:10,10.62,0.01,19,20178,买盘
1406,13:06:07,10.61,-0.01,263,279043,卖盘
1407,13:06:04,10.62,--,4,4248,买盘
1408,13:06:01,10.62,--,10,10620,买盘
1409,13:05:52,10.62,0.01,1,1062,买盘
1410,13:05:49,10.61,-0.01,74,78514,卖盘
1411,13:05:37,10.62,--,21,22302,买盘
1412,13:05:34,10.62,--,64,67968,买盘
1413,13:05:28,10.62,0.01,15,15929,买盘
1414,13:05:25,10.61,-0.01,439,465779,卖盘
1415,13:05:19,10.62,0.01,1,1062,买盘
1416,13:05:16,10.61,--,60,63660,卖盘
1417,13:05:10,10.61,--,9,9570,卖盘
1418,13:05:01,10.61,--,356,378140,买盘
1419,13:04:58,10.61,--,223,236603,买盘
1420,13:04:55,10.61,--,22,23342,买盘
1421,13:04:49,10.61,--,30,31830,买盘
1422,13:04:46,10.61,--,3,3183,买盘
1423,13:04:43,10.61,--,46,48806,买盘
1424,13:04:37,10.61,--,1,1061,买盘
1425,13:04:31,10.61,--,26,27586,买盘
1426,13:04:25,10.61,--,50,53050,买盘
1427,13:04:22,10.61,--,21,22281,买盘
1428,13:04:19,10.61,--,70,74270,买盘
1429,13:04:16,10.61,--,10,10610,买盘
1430,13:04:13,10.61,--,2,2122,买盘
1431,13:04:10,10.61,--,10,10610,买盘
1432,13:04:07,10.61,--,20,21220,买盘
1433,13:04:04,10.61,-0.01,67,71087,卖盘
1434,13:04:01,10.62,--,2,2124,买盘
1435,13:03:55,10.62,--,50,53099,买盘
1436,13:03:49,10.62,-0.01,1,1062,中性盘
1437,13:03:46,10.63,0.01,10001,10631063,买盘
1438,13:03:43,10.62,-0.01,73,77526,卖盘
1439,13:03:37,10.63,0.01,33,35079,买盘
1440,13:03:34,10.62,-0.01,1,1062,卖盘
1441,13:03:13,10.63,0.01,10,10630,买盘
1442,13:03:10,10.62,--,25,26549,卖盘
1443,13:03:07,10.62,-0.01,256,271872,卖盘
1444,13:03:04,10.63,0.01,7,7441,买盘
1445,13:03:01,10.62,--,77,81774,卖盘
1446,13:02:58,10.62,--,10,10620,卖盘
1447,13:02:46,10.62,-0.01,10,10620,卖盘
1448,13:02:43,10.63,--,1,1063,买盘
1449,13:02:37,10.63,--,40,42520,买盘
1450,13:02:19,10.63,--,11,11693,买盘
1451,13:02:13,10.63,0.01,3,3189,买盘
1452,13:01:58,10.62,--,2,2124,卖盘
1453,13:01:55,10.62,--,62,65844,卖盘
1454,13:01:52,10.62,--,105,111509,卖盘
1455,13:01:49,10.62,--,43,45666,卖盘
1456,13:01:46,10.62,--,40,42480,卖盘
1457,13:01:43,10.62,--,42,44604,卖盘
1458,13:01:40,10.62,--,68,72216,卖盘
1459,13:01:37,10.62,-0.01,21,22302,卖盘
1460,13:01:34,10.63,0.01,215,228545,买盘
1461,13:01:31,10.62,--,89,94518,卖盘
1462,13:01:28,10.62,-0.01,69,73278,卖盘
1463,13:01:25,10.63,--,277,294451,买盘
1464,13:01:22,10.63,0.01,91,96733,买盘
1465,13:01:16,10.62,--,22,23364,卖盘
1466,13:01:13,10.62,--,70,74340,卖盘
1467,13:01:04,10.62,--,21,22302,卖盘
1468,13:01:01,10.62,-0.01,113,120005,卖盘
1469,13:00:58,10.63,--,2,2126,买盘
1470,13:00:55,10.63,--,1,1063,买盘
1471,13:00:49,10.63,-0.01,15,15945,卖盘
1472,13:00:43,10.64,--,35,37240,买盘
1473,13:00:37,10.64,0.02,2,2128,买盘
1474,13:00:34,10.62,--,32,33984,卖盘
1475,13:00:25,10.62,-0.01,50,53099,卖盘
1476,13:00:22,10.63,--,1,1063,卖盘
1477,13:00:19,10.63,0.01,15,15945,买盘
1478,13:00:16,10.62,--,13,13805,卖盘
1479,13:00:13,10.62,-0.01,18,19116,卖盘
1480,13:00:10,10.63,0.01,175,186025,买盘
1481,13:00:07,10.62,-0.01,880,934984,卖盘
1482,13:00:04,10.63,--,294,312522,买盘
1483,11:29:59,10.63,--,42,44646,卖盘
1484,11:29:56,10.63,--,40,42520,卖盘
1485,11:29:44,10.63,--,166,176458,买盘
1486,11:29:41,10.63,--,7,7441,买盘
1487,11:29:38,10.63,0.01,1,1063,买盘
1488,11:29:35,10.62,-0.01,1168,1240416,卖盘
1489,11:29:29,10.63,--,9,9567,卖盘
1490,11:29:14,10.63,--,157,166891,买盘
1491,11:29:08,10.63,--,4,4252,买盘
1492,11:29:05,10.63,--,1,1063,买盘
1493,11:29:02,10.63,--,20,21260,买盘
1494,11:28:47,10.63,--,50,53150,买盘
1495,11:28:44,10.63,--,1,1063,买盘
1496,11:28:41,10.63,--,10,10630,买盘
1497,11:28:38,10.63,--,2,2126,买盘
1498,11:28:32,10.63,--,3,3189,买盘
1499,11:28:29,10.63,--,10,10630,买盘
1500,11:28:23,10.63,--,56,59528,卖盘
1501,11:28:14,10.63,--,41,43583,卖盘
1502,11:28:08,10.63,--,320,340160,卖盘
1503,11:28:05,10.63,--,2,2126,卖盘
1504,11:27:56,10.63,-0.01,2,2126,卖盘
1505,11:27:53,10.64,0.01,1,1064,买盘
1506,11:27:41,10.63,--,19,20197,买盘
1507,11:27:32,10.63,--,2,2126,买盘
1508,11:27:29,10.63,--,10,10630,买盘
1509,11:27:26,10.63,--,20,21260,买盘
1510,11:27:17,10.63,--,6,6378,买盘
1511,11:27:08,10.63,0.01,5,5315,买盘
1512,11:27:05,10.62,--,55,58409,卖盘
1513,11:27:02,10.62,-0.01,1040,1104480,卖盘
1514,11:26:59,10.63,--,10,10630,买盘
1515,11:26:56,10.63,0.01,4,4252,买盘
1516,11:26:53,10.62,-0.01,1,1062,卖盘
1517,11:26:50,10.63,0.01,30,31890,买盘
1518,11:26:44,10.62,-0.01,29,30797,卖盘
1519,11:26:41,10.63,--,2,2126,买盘
1520,11:26:26,10.63,-0.01,182,193466,卖盘
1521,11:26:23,10.64,0.01,19,20216,买盘
1522,11:26:14,10.63,-0.01,9,9567,卖盘
1523,11:26:11,10.64,0.02,79,84056,买盘
1524,11:26:08,10.62,-0.01,101,107261,卖盘
1525,11:26:02,10.63,--,5,5315,中性盘
1526,11:25:56,10.63,--,405,430515,买盘
1527,11:25:41,10.63,--,28,29764,买盘
1528,11:25:38,10.63,--,1,1063,买盘
1529,11:25:35,10.63,0.01,1,1063,买盘
1530,11:25:32,10.62,--,4,4248,卖盘
1531,11:25:23,10.62,--,24,25487,卖盘
1532,11:25:20,10.62,-0.01,329,349398,卖盘
1533,11:25:14,10.63,--,11,11693,买盘
1534,11:25:11,10.63,--,68,72284,买盘
1535,11:25:08,10.63,0.01,45,47835,中性盘
1536,11:24:56,10.62,-0.01,44,46728,卖盘
1537,11:24:53,10.63,--,63,67734,买盘
1538,11:24:44,10.63,--,7,7738,卖盘
1539,11:24:38,10.63,--,8,9269,买盘
1540,11:24:29,10.63,--,33,35079,卖盘
1541,11:24:26,10.63,--,38,40394,买盘
1542,11:24:20,10.63,-0.01,53,56339,卖盘
1543,11:24:14,10.64,0.02,2,2128,买盘
1544,11:24:08,10.62,--,21,22302,卖盘
1545,11:24:05,10.62,--,63,66906,卖盘
1546,11:24:02,10.62,-0.01,42,44604,卖盘
1547,11:23:59,10.63,0.01,21,22323,卖盘
1548,11:23:56,10.62,-0.02,21,22302,卖盘
1549,11:23:50,10.64,0.01,196,208544,买盘
1550,11:23:41,10.63,-0.01,139,148798,卖盘
1551,11:23:35,10.64,--,1,1064,买盘
1552,11:23:32,10.64,0.01,61,64904,买盘
1553,11:23:23,10.63,--,1000,1063000,卖盘
1554,11:23:05,10.63,-0.01,4,4252,卖盘
1555,11:23:02,10.64,0.01,8,8512,买盘
1556,11:22:50,10.63,--,10,10630,卖盘
1557,11:22:41,10.63,-0.01,220,233860,卖盘
1558,11:22:38,10.64,--,4,4256,买盘
1559,11:22:35,10.64,--,2,2128,买盘
1560,11:22:26,10.64,0.01,100,106400,买盘
1561,11:22:17,10.63,-0.01,85,90355,卖盘
1562,11:22:08,10.64,0.01,2,2128,买盘
1563,11:22:05,10.63,--,97,103111,卖盘
1564,11:22:02,10.63,--,10,10630,卖盘
1565,11:21:56,10.63,-0.01,10,10630,卖盘
1566,11:21:53,10.64,--,2,2128,买盘
1567,11:21:41,10.64,0.01,9,9576,买盘
1568,11:21:05,10.63,--,10,10630,卖盘
1569,11:20:53,10.63,-0.01,17,18071,卖盘
1570,11:20:50,10.64,0.01,1,1064,买盘
1571,11:20:41,10.63,--,21,22323,卖盘
1572,11:20:35,10.63,--,10,10630,卖盘
1573,11:20:32,10.63,--,112,119056,卖盘
1574,11:20:29,10.63,--,200,212621,卖盘
1575,11:20:26,10.63,--,6,6378,卖盘
1576,11:20:17,10.63,-0.01,200,212600,卖盘
1577,11:19:59,10.64,0.01,1,1064,买盘
1578,11:19:53,10.63,--,10,10630,卖盘
1579,11:19:50,10.63,-0.01,60,63780,卖盘
1580,11:19:47,10.64,--,110,117040,买盘
1581,11:19:38,10.64,0.01,3,3192,买盘
1582,11:19:35,10.63,-0.01,13,13819,卖盘
1583,11:19:32,10.64,--,1,1064,买盘
1584,11:19:29,10.64,--,97,103208,买盘
1585,11:19:26,10.64,--,10,10640,买盘
1586,11:19:23,10.64,--,1,1064,买盘
1587,11:19:16,10.64,0.01,50,53200,买盘
1588,11:19:07,10.63,-0.01,6,6378,卖盘
1589,11:19:04,10.64,0.01,8,8512,买盘
1590,11:19:01,10.63,-0.01,2,2126,卖盘
1591,11:18:55,10.64,0.01,300,319200,买盘
1592,11:18:43,10.63,-0.01,112,119056,卖盘
1593,11:18:40,10.64,--,19,20216,买盘
1594,11:18:37,10.64,--,100,106400,买盘
1595,11:18:34,10.64,0.01,4,4256,买盘
1596,11:18:28,10.63,-0.01,1,1063,卖盘
1597,11:18:25,10.64,0.01,10,10640,买盘
1598,11:18:22,10.63,-0.01,60,63780,卖盘
1599,11:18:19,10.64,--,13,13832,买盘
1600,11:18:10,10.64,--,1,1064,买盘
1601,11:18:04,10.64,--,14,14896,买盘
1602,11:18:01,10.64,--,2,2128,买盘
1603,11:17:52,10.64,--,5,5320,买盘
1604,11:17:46,10.64,0.01,6,6384,买盘
1605,11:17:31,10.63,-0.01,44,46772,卖盘
1606,11:17:16,10.64,0.01,1,1064,买盘
1607,11:17:13,10.63,-0.01,164,174332,卖盘
1608,11:17:01,10.64,0.01,100,106400,买盘
1609,11:16:55,10.63,--,68,72284,卖盘
1610,11:16:52,10.63,-0.01,40,42520,卖盘
1611,11:16:46,10.64,--,28,29792,买盘
1612,11:16:43,10.64,--,18,19152,买盘
1613,11:16:37,10.64,--,10,10640,买盘
1614,11:16:34,10.64,--,3,3192,买盘
1615,11:16:28,10.64,--,106,112784,买盘
1616,11:16:25,10.64,0.01,66,70224,买盘
1617,11:16:16,10.63,--,20,21260,卖盘
1618,11:16:04,10.63,-0.01,31,32953,卖盘
1619,11:16:01,10.64,--,39,41496,买盘
1620,11:15:58,10.64,--,24,25536,买盘
1621,11:15:55,10.64,--,25,26600,买盘
1622,11:15:52,10.64,--,7,7448,买盘
1623,11:15:49,10.64,--,10,10640,买盘
1624,11:15:46,10.64,--,5,5320,买盘
1625,11:15:43,10.64,--,130,138320,买盘
1626,11:15:37,10.64,--,7,7448,买盘
1627,11:15:34,10.64,--,63,67032,买盘
1628,11:15:31,10.64,--,1006,1070384,买盘
1629,11:15:16,10.64,--,3,3192,买盘
1630,11:15:10,10.64,--,10,10640,买盘
1631,11:14:55,10.64,--,10,10640,买盘
1632,11:14:43,10.64,--,16,17024,买盘
1633,11:14:25,10.64,--,4,4256,买盘
1634,11:14:19,10.64,0.01,38,40432,买盘
1635,11:14:01,10.63,-0.01,35,37205,卖盘
1636,11:13:58,10.64,--,5,5320,买盘
1637,11:13:52,10.64,--,4,4256,买盘
1638,11:13:49,10.64,--,14,14896,买盘
1639,11:13:46,10.64,--,2,2128,买盘
1640,11:13:40,10.64,--,1,1064,买盘
1641,11:13:34,10.64,0.01,2,2128,买盘
1642,11:13:31,10.63,-0.01,16,17008,卖盘
1643,11:13:28,10.64,0.01,27,28728,买盘
1644,11:13:22,10.63,--,446,474098,买盘
1645,11:13:19,10.63,0.01,10,10630,买盘
1646,11:13:13,10.62,-0.01,1,1062,卖盘
1647,11:13:10,10.63,--,15,15945,买盘
1648,11:13:04,10.63,--,6,6378,买盘
1649,11:12:55,10.63,--,1,1063,买盘
1650,11:12:52,10.63,--,20,21260,买盘
1651,11:12:43,10.63,0.01,2,2126,买盘
1652,11:12:37,10.62,--,168,178416,卖盘
1653,11:12:25,10.62,--,13,13805,卖盘
1654,11:12:19,10.62,0.01,34,36108,卖盘
1655,11:12:10,10.61,-0.01,156,165516,卖盘
1656,11:12:07,10.62,--,174,184788,卖盘
1657,11:12:04,10.62,--,10,10620,卖盘
1658,11:12:01,10.62,--,50,53503,买盘
1659,11:11:58,10.62,--,21,22302,买盘
1660,11:11:55,10.62,--,60,63719,买盘
1661,11:11:52,10.62,0.01,56,59471,买盘
1662,11:11:49,10.61,-0.01,5,6153,卖盘
1663,11:11:46,10.62,--,423,449225,买盘
1664,11:11:43,10.62,--,35,37170,买盘
1665,11:11:40,10.62,--,338,358956,买盘
1666,11:11:34,10.62,--,66,70092,买盘
1667,11:11:28,10.62,--,1,1062,买盘
1668,11:11:22,10.62,--,14,14867,买盘
1669,11:11:16,10.62,--,121,128501,买盘
1670,11:11:13,10.62,--,1,1062,买盘
1671,11:11:10,10.62,--,157,166734,买盘
1672,11:11:07,10.62,--,26,27611,买盘
1673,11:11:04,10.62,--,29,30797,买盘
1674,11:11:01,10.62,--,849,901892,卖盘
1675,11:10:58,10.62,-0.01,3,3185,卖盘
1676,11:10:55,10.63,0.01,7,7441,买盘
1677,11:10:43,10.62,--,4,4248,卖盘
1678,11:10:40,10.62,--,205,218517,买盘
1679,11:10:34,10.62,--,60,63719,买盘
1680,11:10:31,10.62,--,40,42480,买盘
1681,11:10:25,10.62,--,25,26549,买盘
1682,11:10:19,10.62,--,130,138060,买盘
1683,11:10:16,10.62,--,51,54161,买盘
1684,11:10:13,10.62,0.01,10,10620,买盘
1685,11:10:10,10.61,--,156,165516,卖盘
1686,11:10:07,10.61,-0.01,21,22281,卖盘
1687,11:10:01,10.62,--,32,33984,买盘
1688,11:09:58,10.62,--,5,5310,买盘
1689,11:09:55,10.62,--,2,2124,买盘
1690,11:09:52,10.62,--,22,23364,买盘
1691,11:09:49,10.62,--,20,21240,买盘
1692,11:09:46,10.62,--,15,15929,买盘
1693,11:09:43,10.62,--,153,162486,买盘
1694,11:09:40,10.62,-0.01,224,238142,卖盘
1695,11:09:34,10.63,--,200,212600,买盘
1696,11:09:25,10.63,--,101,107363,买盘
1697,11:09:22,10.63,0.01,129,137127,买盘
1698,11:09:13,10.62,--,2454,2606148,卖盘
1699,11:09:10,10.62,--,6,6371,卖盘
1700,11:09:07,10.62,--,156,165672,卖盘
1701,11:08:43,10.62,--,241,255941,卖盘
1702,11:08:40,10.62,-0.01,196,208151,卖盘
1703,11:08:34,10.63,--,12,12756,买盘
1704,11:08:28,10.63,0.01,35,37205,买盘
1705,11:08:16,10.62,-0.01,6,6371,卖盘
1706,11:08:13,10.63,0.01,2,2126,买盘
1707,11:08:07,10.62,--,206,218771,卖盘
1708,11:07:58,10.62,-0.01,5,5310,卖盘
1709,11:07:55,10.63,--,11,11693,买盘
1710,11:07:49,10.63,0.01,61,64843,买盘
1711,11:07:43,10.62,--,71,75402,卖盘
1712,11:07:40,10.62,--,256,271872,卖盘
1713,11:07:37,10.62,-0.01,23,24468,卖盘
1714,11:07:34,10.63,0.01,11,11693,买盘
1715,11:07:19,10.62,-0.01,20,21240,卖盘
1716,11:07:13,10.63,0.01,1,1063,买盘
1717,11:07:10,10.62,--,156,165672,卖盘
1718,11:06:52,10.62,--,30,31859,卖盘
1719,11:06:49,10.62,--,38,40356,卖盘
1720,11:06:46,10.62,-0.01,36,38232,卖盘
1721,11:06:43,10.63,0.01,356,378428,买盘
1722,11:06:25,10.62,--,5,5310,卖盘
1723,11:06:22,10.62,-0.01,13,13805,卖盘
1724,11:06:19,10.63,0.01,10,10630,买盘
1725,11:06:10,10.62,--,156,165672,卖盘
1726,11:06:07,10.62,-0.01,206,218771,卖盘
1727,11:06:01,10.63,--,40,42520,买盘
1728,11:05:58,10.63,--,1,1063,买盘
1729,11:05:46,10.63,0.01,50,53150,买盘
1730,11:05:37,10.62,-0.01,156,165672,卖盘
1731,11:05:34,10.63,0.01,521,553823,买盘
1732,11:05:28,10.62,--,30,31859,卖盘
1733,11:05:25,10.62,-0.01,15,15929,卖盘
1734,11:05:22,10.63,0.01,18,19134,买盘
1735,11:05:10,10.62,-0.01,156,165672,卖盘
1736,11:05:07,10.63,0.01,1,1063,买盘
1737,11:05:04,10.62,--,30,31859,卖盘
1738,11:04:58,10.62,-0.01,5,5310,卖盘
1739,11:04:55,10.63,0.01,108,114804,买盘
1740,11:04:52,10.62,--,321,340902,卖盘
1741,11:04:49,10.62,--,30,31859,卖盘
1742,11:04:46,10.62,--,20,21240,卖盘
1743,11:04:40,10.62,--,111,117881,卖盘
1744,11:04:37,10.62,-0.01,156,165672,卖盘
1745,11:04:34,10.63,0.01,60,63780,买盘
1746,11:04:25,10.62,--,80,84960,卖盘
1747,11:04:22,10.62,--,3,3185,卖盘
1748,11:04:19,10.62,--,13,13805,卖盘
1749,11:04:16,10.62,--,31,32922,卖盘
1750,11:04:13,10.62,--,302,321488,买盘
1751,11:04:07,10.62,0.01,79,83898,买盘
1752,11:04:04,10.61,-0.01,11,11671,卖盘
1753,11:04:01,10.62,--,11,11682,买盘
1754,11:03:58,10.62,0.01,40,42480,买盘
1755,11:03:55,10.61,-0.01,4,4244,卖盘
1756,11:03:52,10.62,--,4,4248,买盘
1757,11:03:43,10.62,0.01,10,10620,买盘
1758,11:03:40,10.61,-0.01,171,181431,卖盘
1759,11:03:31,10.62,0.01,1,1062,买盘
1760,11:03:28,10.61,--,302,320422,卖盘
1761,11:03:25,10.61,-0.01,55,58355,卖盘
1762,11:03:22,10.62,0.01,1,1062,买盘
1763,11:03:19,10.61,-0.01,13,13793,卖盘
1764,11:03:13,10.62,--,42,44604,买盘
1765,11:03:01,10.62,--,105,112444,卖盘
1766,11:02:55,10.62,--,10,10620,卖盘
1767,11:02:52,10.62,--,103,109385,卖盘
1768,11:02:46,10.62,-0.01,23,24426,卖盘
1769,11:02:43,10.63,--,74,78662,买盘
1770,11:02:40,10.63,--,194,206222,买盘
1771,11:02:37,10.63,--,11,11693,买盘
1772,11:02:34,10.63,--,5,5315,买盘
1773,11:02:31,10.63,0.01,21,22323,买盘
1774,11:02:28,10.62,--,8,8496,卖盘
1775,11:02:22,10.62,--,15,15929,卖盘
1776,11:02:19,10.62,--,460,488519,卖盘
1777,11:02:16,10.62,--,12,12743,卖盘
1778,11:02:13,10.62,--,141,149742,卖盘
1779,11:02:10,10.62,--,287,304794,卖盘
1780,11:01:55,10.62,--,610,647820,卖盘
1781,11:01:52,10.62,--,50,53099,卖盘
1782,11:01:46,10.62,--,12,12743,卖盘
1783,11:01:43,10.62,-0.01,15,15929,卖盘
1784,11:01:40,10.63,0.01,160,170080,买盘
1785,11:01:37,10.62,--,308,327096,卖盘
1786,11:01:28,10.62,--,53,56285,卖盘
1787,11:01:22,10.62,--,13,13805,卖盘
1788,11:01:13,10.62,--,15,15929,卖盘
1789,11:01:10,10.62,--,281,298422,卖盘
1790,11:01:07,10.62,--,170,180540,卖盘
1791,11:01:04,10.62,-0.01,87,92394,卖盘
1792,11:00:58,10.63,--,8,8504,买盘
1793,11:00:52,10.63,--,14,14882,买盘
1794,11:00:49,10.63,--,11,11693,买盘
1795,11:00:46,10.63,0.01,10,10630,买盘
1796,11:00:43,10.62,--,3,3185,卖盘
1797,11:00:40,10.62,-0.01,317,336654,卖盘
1798,11:00:37,10.63,0.01,20,21260,买盘
1799,11:00:31,10.62,--,5,5310,卖盘
1800,11:00:25,10.62,--,58,61595,卖盘
1801,11:00:22,10.62,--,338,358956,卖盘
1802,11:00:16,10.62,--,106,112571,卖盘
1803,11:00:13,10.62,--,105,111509,卖盘
1804,11:00:10,10.62,--,303,321786,卖盘
1805,11:00:04,10.62,--,336,356832,卖盘
1806,11:00:01,10.62,--,286,303732,卖盘
1807,10:59:58,10.62,--,111,117881,卖盘
1808,10:59:55,10.62,-0.01,334,354708,卖盘
1809,10:59:52,10.63,0.01,22,23386,买盘
1810,10:59:49,10.62,--,45,47790,卖盘
1811,10:59:46,10.62,-0.01,252,267624,卖盘
1812,10:59:43,10.63,0.01,3,3189,买盘
1813,10:59:40,10.62,--,156,165672,卖盘
1814,10:59:37,10.62,--,11,11682,卖盘
1815,10:59:34,10.62,--,20,21240,卖盘
1816,10:59:22,10.62,--,13,13805,卖盘
1817,10:59:16,10.62,--,2,2124,卖盘
1818,10:59:13,10.62,--,40,42480,卖盘
1819,10:59:10,10.62,--,160,169920,卖盘
1820,10:59:07,10.62,-0.01,80,84960,卖盘
1821,10:59:04,10.63,0.01,18,19134,买盘
1822,10:59:01,10.62,--,1,1062,卖盘
1823,10:58:55,10.62,--,9,9558,卖盘
1824,10:58:52,10.62,-0.01,20,21240,卖盘
1825,10:58:43,10.63,0.01,31,32953,买盘
1826,10:58:40,10.62,-0.01,159,168858,卖盘
1827,10:58:33,10.63,0.01,3,3189,买盘
1828,10:58:30,10.62,--,331,351522,卖盘
1829,10:58:27,10.62,--,17,18054,卖盘
1830,10:58:24,10.62,--,487,517193,卖盘
1831,10:58:21,10.62,-0.01,13,13805,卖盘
1832,10:58:12,10.63,0.01,1,1063,买盘
1833,10:58:09,10.62,--,176,186912,卖盘
1834,10:58:06,10.62,--,4,4248,卖盘
1835,10:58:00,10.62,--,12,12743,卖盘
1836,10:57:54,10.62,-0.01,459,487457,卖盘
1837,10:57:51,10.63,--,53,56339,买盘
1838,10:57:45,10.63,--,27,28701,买盘
1839,10:57:39,10.63,0.01,7,7441,买盘
1840,10:57:36,10.62,--,161,170982,卖盘
1841,10:57:33,10.62,-0.01,10,10620,卖盘
1842,10:57:24,10.63,0.01,7,7441,买盘
1843,10:57:21,10.62,-0.01,31,32922,卖盘
1844,10:57:18,10.63,--,1055,1121465,卖盘
1845,10:57:15,10.63,--,10,10630,卖盘
1846,10:57:12,10.63,--,20,21260,卖盘
1847,10:57:09,10.63,-0.01,156,165828,卖盘
1848,10:56:57,10.64,--,80,85120,卖盘
1849,10:56:54,10.64,--,21,22344,卖盘
1850,10:56:51,10.64,--,17,18088,卖盘
1851,10:56:42,10.64,--,3,3192,卖盘
1852,10:56:39,10.64,--,163,173432,卖盘
1853,10:56:33,10.64,--,13,13832,卖盘
1854,10:56:30,10.64,--,10,10640,卖盘
1855,10:56:27,10.64,0.01,243,258552,买盘
1856,10:56:24,10.63,--,11,11693,卖盘
1857,10:56:21,10.63,--,155,164765,卖盘
1858,10:56:18,10.63,--,14,14882,卖盘
1859,10:56:15,10.63,--,36,38268,卖盘
1860,10:56:09,10.63,--,156,165828,卖盘
1861,10:56:03,10.63,--,539,572957,卖盘
1862,10:56:00,10.63,--,21,22323,卖盘
1863,10:55:57,10.63,-0.01,43,45709,卖盘
1864,10:55:54,10.64,0.01,52,55328,买盘
1865,10:55:51,10.63,--,39,41457,卖盘
1866,10:55:48,10.63,--,82,87166,卖盘
1867,10:55:45,10.63,--,150,159450,卖盘
1868,10:55:39,10.63,-0.01,232,246616,卖盘
1869,10:55:36,10.64,--,2,2128,买盘
1870,10:55:33,10.64,0.01,10,10640,买盘
1871,10:55:24,10.63,--,276,293388,卖盘
1872,10:55:21,10.63,--,30,31890,卖盘
1873,10:55:15,10.63,--,188,199844,卖盘
1874,10:55:12,10.63,--,34,36142,卖盘
1875,10:55:09,10.63,-0.01,318,338034,卖盘
1876,10:55:06,10.64,--,13,13832,卖盘
1877,10:54:54,10.64,--,10,10640,卖盘
1878,10:54:51,10.64,0.01,2,2128,中性盘
1879,10:54:48,10.63,-0.02,17,18071,卖盘
1880,10:54:42,10.65,0.01,1,1065,买盘
1881,10:54:39,10.64,--,156,165984,卖盘
1882,10:54:30,10.64,0.01,144,153216,买盘
1883,10:54:27,10.63,-0.01,16,17008,卖盘
1884,10:54:24,10.64,--,101,107464,买盘
1885,10:54:18,10.64,0.01,3,3192,买盘
1886,10:54:15,10.63,-0.01,116,123308,卖盘
1887,10:54:12,10.64,0.01,15,15960,买盘
1888,10:54:09,10.63,--,356,378428,卖盘
1889,10:54:03,10.63,--,28,29764,卖盘
1890,10:53:57,10.63,-0.01,303,322089,卖盘
1891,10:53:48,10.64,--,1,1064,买盘
1892,10:53:45,10.64,0.01,22,23408,买盘
1893,10:53:42,10.63,--,32,34016,卖盘
1894,10:53:39,10.63,-0.01,156,165828,卖盘
1895,10:53:36,10.64,0.01,20,21280,买盘
1896,10:53:33,10.63,--,36,38268,卖盘
1897,10:53:24,10.63,--,4,4252,卖盘
1898,10:53:21,10.63,--,24,25512,卖盘
1899,10:53:18,10.63,-0.01,103,109489,卖盘
1900,10:53:15,10.64,0.01,3,3192,买盘
1901,10:53:12,10.63,--,67,71221,卖盘
1902,10:53:06,10.63,--,155,164765,卖盘
1903,10:53:00,10.63,-0.01,17,18071,卖盘
1904,10:52:57,10.64,0.01,1,1064,买盘
1905,10:52:48,10.63,--,367,390121,买盘
1906,10:52:45,10.63,0.01,210,223230,买盘
1907,10:52:39,10.62,-0.01,316,335592,卖盘
1908,10:52:33,10.63,--,18,19134,买盘
1909,10:52:30,10.63,--,102,108426,买盘
1910,10:52:24,10.63,--,10,10630,买盘
1911,10:52:15,10.63,0.01,140,149819,买盘
1912,10:52:09,10.62,-0.01,241,255941,卖盘
1913,10:52:06,10.63,--,1,1063,买盘
1914,10:51:57,10.63,--,73,77599,买盘
1915,10:51:54,10.63,0.01,22,23386,买盘
1916,10:51:51,10.62,--,8,8496,卖盘
1917,10:51:42,10.62,--,30,31859,卖盘
1918,10:51:39,10.62,--,156,165672,卖盘
1919,10:51:27,10.62,--,1,1062,卖盘
1920,10:51:24,10.62,--,682,724485,买盘
1921,10:51:18,10.62,--,43,45666,买盘
1922,10:51:15,10.62,--,35,37170,买盘
1923,10:51:12,10.62,--,479,508697,买盘
1924,10:51:09,10.62,--,386,409931,买盘
1925,10:51:06,10.62,--,138,146556,买盘
1926,10:51:03,10.62,--,27,28673,买盘
1927,10:51:00,10.62,--,166,176292,买盘
1928,10:50:54,10.62,--,127,134874,买盘
1929,10:50:48,10.62,--,4156,4413672,买盘
1930,10:50:42,10.62,--,6,6371,买盘
1931,10:50:39,10.62,--,160,169920,买盘
1932,10:50:36,10.62,0.01,1,1062,买盘
1933,10:50:30,10.61,-0.01,50,53050,卖盘
1934,10:50:27,10.62,--,33,35046,买盘
1935,10:50:24,10.62,--,153,162486,买盘
1936,10:50:18,10.62,--,20,21240,买盘
1937,10:50:15,10.62,-0.02,3333,3540506,卖盘
1938,10:50:12,10.64,0.01,22,23408,买盘
1939,10:50:09,10.63,--,157,166891,卖盘
1940,10:50:06,10.63,--,7,7441,卖盘
1941,10:50:00,10.63,--,7,7653,卖盘
1942,10:49:54,10.63,-0.01,100,106300,卖盘
1943,10:49:51,10.64,--,32,34048,买盘
1944,10:49:45,10.64,0.01,1,1064,买盘
1945,10:49:39,10.63,-0.01,205,217915,卖盘
1946,10:49:36,10.64,--,30,31920,买盘
1947,10:49:33,10.64,--,40,42560,买盘
1948,10:49:30,10.64,--,2,2128,买盘
1949,10:49:27,10.64,--,102,108528,买盘
1950,10:49:24,10.64,--,10,10640,买盘
1951,10:49:21,10.64,0.01,16,17024,买盘
1952,10:49:15,10.63,-0.01,2,2126,卖盘
1953,10:49:12,10.64,0.01,1,1064,买盘
1954,10:49:09,10.63,-0.01,156,165828,卖盘
1955,10:49:03,10.64,--,13,13832,买盘
1956,10:48:57,10.64,--,2,2128,买盘
1957,10:48:54,10.64,--,24,25536,买盘
1958,10:48:51,10.64,--,10,10640,买盘
1959,10:48:42,10.64,--,1,1064,买盘
1960,10:48:39,10.64,-0.01,3,3192,卖盘
1961,10:48:30,10.65,0.02,34,36210,买盘
1962,10:48:27,10.63,-0.01,106,112678,卖盘
1963,10:48:21,10.64,0.01,749,796936,买盘
1964,10:48:15,10.63,-0.01,6,6378,卖盘
1965,10:48:12,10.64,--,1,1064,买盘
1966,10:48:09,10.64,--,365,388360,买盘
1967,10:48:03,10.64,--,4,4256,买盘
1968,10:48:00,10.64,--,5,5320,买盘
1969,10:47:57,10.64,--,20,21280,买盘
1970,10:47:51,10.64,--,1017,1082088,买盘
1971,10:47:48,10.64,0.01,1,1064,买盘
1972,10:47:39,10.63,--,166,176458,卖盘
1973,10:47:36,10.63,--,63,66969,卖盘
1974,10:47:33,10.63,-0.01,132,140316,卖盘
1975,10:47:27,10.64,0.01,15,15960,买盘
1976,10:47:21,10.63,--,847,900361,卖盘
1977,10:47:15,10.63,-0.01,19,20197,卖盘
1978,10:47:09,10.64,--,74,79161,卖盘
1979,10:47:00,10.64,--,40,42560,卖盘
1980,10:46:57,10.64,--,186,198542,买盘
1981,10:46:54,10.64,0.01,1,1064,买盘
1982,10:46:42,10.63,--,12,12756,卖盘
1983,10:46:39,10.63,-0.01,155,164765,卖盘
1984,10:46:33,10.64,--,2,2128,买盘
1985,10:46:30,10.64,--,2,2128,买盘
1986,10:46:27,10.64,--,19,20216,买盘
1987,10:46:24,10.64,--,30,32345,卖盘
1988,10:46:21,10.64,-0.01,20,21280,卖盘
1989,10:46:18,10.65,0.01,10,10650,买盘
1990,10:46:12,10.64,--,3,3192,卖盘
1991,10:46:09,10.64,-0.01,167,177688,卖盘
1992,10:46:06,10.65,0.01,120,127800,买盘
1993,10:46:03,10.64,--,39,41496,卖盘
1994,10:46:00,10.64,--,4,4256,卖盘
1995,10:45:57,10.64,--,18,19152,卖盘
1996,10:45:54,10.64,--,1279,1361494,买盘
1997,10:45:51,10.64,--,24,25961,卖盘
1998,10:45:48,10.64,-0.01,3,3192,卖盘
1999,10:45:45,10.65,0.01,1,1065,买盘
2000,10:45:42,10.64,--,18,19152,卖盘
2001,10:45:39,10.64,--,395,420280,卖盘
2002,10:45:33,10.64,--,12,12768,卖盘
2003,10:45:30,10.64,--,150,159600,卖盘
2004,10:45:27,10.64,--,32,34048,卖盘
2005,10:45:24,10.64,--,2,2128,卖盘
2006,10:45:21,10.64,--,279,297494,买盘
2007,10:45:15,10.64,0.01,1050,1117200,买盘
2008,10:45:12,10.63,--,203,215789,卖盘
2009,10:45:03,10.63,--,10,10630,卖盘
2010,10:45:00,10.63,--,9,9567,卖盘
2011,10:44:51,10.63,-0.01,53,56339,卖盘
2012,10:44:48,10.64,0.01,22,23408,买盘
2013,10:44:45,10.63,0.01,4,4252,买盘
2014,10:44:39,10.62,-0.01,162,172044,卖盘
2015,10:44:33,10.63,0.01,4,4252,中性盘
2016,10:44:30,10.62,--,43,45666,卖盘
2017,10:44:27,10.62,--,10,10620,卖盘
2018,10:44:24,10.62,--,1216,1291392,卖盘
2019,10:44:21,10.62,--,30,31859,卖盘
2020,10:44:12,10.62,--,20,21240,卖盘
2021,10:44:09,10.62,--,156,165672,卖盘
2022,10:44:06,10.62,--,2,2124,卖盘
2023,10:44:03,10.62,--,1,1062,卖盘
2024,10:43:54,10.62,--,28,29735,卖盘
2025,10:43:51,10.62,--,10,10620,卖盘
2026,10:43:48,10.62,--,30,31859,卖盘
2027,10:43:45,10.62,--,43,45666,卖盘
2028,10:43:42,10.62,--,109,115757,卖盘
2029,10:43:39,10.62,--,261,277182,卖盘
2030,10:43:36,10.62,-0.01,30,31859,卖盘
2031,10:43:33,10.63,--,52,55276,买盘
2032,10:43:30,10.63,0.01,2,2126,买盘
2033,10:43:27,10.62,--,95,100889,卖盘
2034,10:43:24,10.62,--,39,41418,卖盘
2035,10:43:21,10.62,--,69,73278,卖盘
2036,10:43:18,10.62,--,70,74340,卖盘
2037,10:43:12,10.62,--,10,10620,卖盘
2038,10:43:09,10.62,--,231,245321,卖盘
2039,10:43:03,10.62,--,2,2124,卖盘
2040,10:43:00,10.62,-0.01,5,5310,卖盘
2041,10:42:57,10.63,0.01,12,12756,买盘
2042,10:42:51,10.62,--,55,58409,卖盘
2043,10:42:45,10.62,-0.01,5,5310,卖盘
2044,10:42:39,10.63,-0.01,5,5315,中性盘
2045,10:42:33,10.64,0.01,257,273448,买盘
2046,10:42:27,10.63,--,34,36142,卖盘
2047,10:42:24,10.63,--,101,107363,卖盘
2048,10:42:21,10.63,--,171,181773,卖盘
2049,10:42:12,10.63,--,205,217915,卖盘
2050,10:42:06,10.63,--,4038,4292394,卖盘
2051,10:42:03,10.63,--,20,21260,卖盘
2052,10:42:00,10.63,-0.01,1,1063,卖盘
2053,10:41:54,10.64,--,10,10640,买盘
2054,10:41:48,10.64,--,3,3192,买盘
2055,10:41:45,10.64,--,174,185561,卖盘
2056,10:41:36,10.64,--,301,320264,卖盘
2057,10:41:33,10.64,--,26,27664,卖盘
2058,10:41:27,10.64,--,34,36814,买盘
2059,10:41:24,10.64,--,327,348353,卖盘
2060,10:41:21,10.64,--,30,31920,卖盘
2061,10:41:18,10.64,--,304,323456,卖盘
2062,10:41:12,10.64,--,110,117040,卖盘
2063,10:41:09,10.64,--,333,354312,卖盘
2064,10:41:06,10.64,--,21,22344,卖盘
2065,10:41:00,10.64,--,9,9576,卖盘
2066,10:40:57,10.64,--,56,59584,卖盘
2067,10:40:54,10.64,-0.01,14,14896,卖盘
2068,10:40:51,10.65,0.01,26,27690,买盘
2069,10:40:48,10.64,--,10,10640,卖盘
2070,10:40:45,10.64,--,212,225568,卖盘
2071,10:40:42,10.64,--,10,10640,卖盘
2072,10:40:39,10.64,--,219,233016,卖盘
2073,10:40:36,10.64,--,103,109592,卖盘
2074,10:40:33,10.64,-0.01,26,27664,卖盘
2075,10:40:27,10.65,0.01,125,133125,买盘
2076,10:40:24,10.64,--,70,74480,卖盘
2077,10:40:21,10.64,--,1,1064,卖盘
2078,10:40:18,10.64,--,21,22344,卖盘
2079,10:40:15,10.64,--,120,127680,卖盘
2080,10:40:12,10.64,--,19,20216,卖盘
2081,10:40:09,10.64,0.01,379,403894,买盘
2082,10:40:06,10.63,--,1151,1223513,卖盘
2083,10:40:03,10.63,--,149,158387,卖盘
2084,10:40:00,10.63,-0.01,71,75473,卖盘
2085,10:39:57,10.64,0.01,5,5320,买盘
2086,10:39:54,10.63,--,22,23386,卖盘
2087,10:39:51,10.63,--,5,5315,卖盘
2088,10:39:48,10.63,-0.01,9,9567,卖盘
2089,10:39:42,10.64,0.01,78,82992,买盘
2090,10:39:39,10.63,--,1155,1227765,卖盘
2091,10:39:36,10.63,-0.01,6,6378,卖盘
2092,10:39:33,10.64,--,18,19152,买盘
2093,10:39:24,10.64,--,23,24472,买盘
2094,10:39:15,10.64,0.01,4,4256,买盘
2095,10:39:12,10.63,--,77,81851,卖盘
2096,10:39:09,10.63,-0.01,156,165828,卖盘
2097,10:39:06,10.64,--,41,43624,买盘
2098,10:39:03,10.64,--,18,19152,买盘
2099,10:39:00,10.64,0.01,19,20216,买盘
2100,10:38:54,10.63,-0.01,8,8504,卖盘
2101,10:38:42,10.64,--,174,185136,买盘
2102,10:38:36,10.64,--,62,65968,买盘
2103,10:38:33,10.64,--,66,70649,卖盘
2104,10:38:27,10.64,--,128,136830,买盘
2105,10:38:24,10.64,--,210,223440,买盘
2106,10:38:21,10.64,0.01,6,6384,买盘
2107,10:38:18,10.63,--,48,51024,卖盘
2108,10:38:08,10.63,-0.01,167,177521,卖盘
2109,10:38:05,10.64,--,101,107464,买盘
2110,10:38:02,10.64,0.01,20,21280,买盘
2111,10:37:59,10.63,-0.01,54,57402,卖盘
2112,10:37:56,10.64,--,3,3192,买盘
2113,10:37:53,10.64,--,45,47880,买盘
2114,10:37:47,10.64,--,28,29792,买盘
2115,10:37:44,10.64,0.01,97,103208,买盘
2116,10:37:38,10.63,-0.01,167,177521,卖盘
2117,10:37:35,10.64,--,175,186200,买盘
2118,10:37:32,10.64,--,39,41496,买盘
2119,10:37:26,10.64,--,20,21280,买盘
2120,10:37:23,10.64,--,1,1064,买盘
2121,10:37:20,10.64,0.01,311,330904,买盘
2122,10:37:17,10.63,-0.01,178,189214,卖盘
2123,10:37:14,10.64,--,16,17024,买盘
2124,10:37:11,10.64,0.01,79,84056,买盘
2125,10:37:08,10.63,-0.01,156,165828,卖盘
2126,10:37:05,10.64,--,151,160664,买盘
2127,10:36:56,10.64,--,51,54264,买盘
2128,10:36:50,10.64,--,55,58520,买盘
2129,10:36:44,10.64,--,87,92568,买盘
2130,10:36:41,10.64,0.01,50,53200,买盘
2131,10:36:38,10.63,-0.01,156,165828,卖盘
2132,10:36:35,10.64,--,38,40432,买盘
2133,10:36:32,10.64,--,31,32984,买盘
2134,10:36:29,10.64,--,21,22344,买盘
2135,10:36:26,10.64,--,53,56392,买盘
2136,10:36:23,10.64,--,23,24472,买盘
2137,10:36:20,10.64,--,5,5320,买盘
2138,10:36:17,10.64,--,190,202160,买盘
2139,10:36:11,10.64,--,218,231952,买盘
2140,10:36:05,10.64,--,78,82992,买盘
2141,10:36:02,10.64,--,5,5320,买盘
2142,10:35:59,10.64,--,25,26600,买盘
2143,10:35:56,10.64,--,3,3192,买盘
2144,10:35:50,10.64,0.01,6,6384,买盘
2145,10:35:47,10.63,-0.01,7,7441,卖盘
2146,10:35:44,10.64,--,39,41496,买盘
2147,10:35:41,10.64,0.01,5,5320,买盘
2148,10:35:38,10.63,-0.01,166,176458,卖盘
2149,10:35:35,10.64,--,66,70224,买盘
2150,10:35:32,10.64,--,15,15960,买盘
2151,10:35:29,10.64,0.01,31,32984,买盘
2152,10:35:26,10.63,-0.01,80,85040,卖盘
2153,10:35:23,10.64,--,5,5320,买盘
2154,10:35:20,10.64,--,30,31920,买盘
2155,10:35:17,10.64,--,136,144704,买盘
2156,10:35:14,10.64,0.01,198,210672,买盘
2157,10:35:11,10.63,-0.01,197,209411,卖盘
2158,10:35:05,10.64,--,9,9576,买盘
2159,10:35:02,10.64,0.01,40,42560,买盘
2160,10:34:59,10.63,--,153,162639,卖盘
2161,10:34:56,10.63,--,8,8504,卖盘
2162,10:34:53,10.63,-0.01,17,18071,卖盘
2163,10:34:50,10.64,--,15,15960,买盘
2164,10:34:47,10.64,--,11,11704,买盘
2165,10:34:44,10.64,0.01,12,12768,买盘
2166,10:34:38,10.63,-0.01,195,207285,卖盘
2167,10:34:35,10.64,--,10,10640,买盘
2168,10:34:32,10.64,--,5,5320,买盘
2169,10:34:29,10.64,0.01,120,127680,买盘
2170,10:34:23,10.63,-0.01,23,24449,卖盘
2171,10:34:20,10.64,--,100,106400,买盘
2172,10:34:17,10.64,0.01,65,69160,买盘
2173,10:34:14,10.63,-0.01,13,14424,卖盘
2174,10:34:08,10.64,--,182,193648,买盘
2175,10:34:05,10.64,0.01,36,38304,买盘
2176,10:34:02,10.63,--,90,95670,卖盘
2177,10:33:56,10.63,-0.01,105,111615,卖盘
2178,10:33:53,10.64,0.01,37,39676,买盘
2179,10:33:47,10.63,--,38,40394,卖盘
2180,10:33:44,10.63,-0.01,10,10630,卖盘
2181,10:33:41,10.64,--,208,221312,买盘
2182,10:33:38,10.64,0.01,48,51072,买盘
2183,10:33:35,10.63,--,110,116930,卖盘
2184,10:33:29,10.63,--,60,63780,卖盘
2185,10:33:23,10.63,--,100,106300,卖盘
2186,10:33:20,10.63,--,498,529374,卖盘
2187,10:33:17,10.63,--,20,21260,卖盘
2188,10:33:14,10.63,--,26,27638,卖盘
2189,10:33:11,10.63,--,245,260435,卖盘
2190,10:33:05,10.63,--,31,32953,卖盘
2191,10:33:02,10.63,-0.01,22,23386,卖盘
2192,10:32:59,10.64,0.01,55,58520,买盘
2193,10:32:56,10.63,--,20,21260,卖盘
2194,10:32:53,10.63,--,118,125434,卖盘
2195,10:32:47,10.63,--,524,557012,卖盘
2196,10:32:44,10.63,0.01,1460,1552926,买盘
2197,10:32:38,10.62,-0.01,159,168858,卖盘
2198,10:32:32,10.63,0.01,60,63780,买盘
2199,10:32:29,10.62,--,93,98766,卖盘
2200,10:32:23,10.62,--,45,47790,卖盘
2201,10:32:17,10.62,-0.01,105,111509,卖盘
2202,10:32:14,10.63,0.01,23,24449,买盘
2203,10:32:11,10.62,-0.01,42,44604,卖盘
2204,10:32:08,10.63,0.01,174,184962,买盘
2205,10:32:05,10.62,--,11,11682,卖盘
2206,10:32:02,10.62,-0.01,4,4248,卖盘
2207,10:31:59,10.63,0.01,21,22323,买盘
2208,10:31:56,10.62,--,37,39294,卖盘
2209,10:31:53,10.62,-0.01,95,101144,卖盘
2210,10:31:50,10.63,0.01,20,21260,买盘
2211,10:31:47,10.62,-0.01,44,47524,卖盘
2212,10:31:41,10.63,--,20,21260,买盘
2213,10:31:38,10.63,--,1,1063,买盘
2214,10:31:35,10.63,--,778,827332,卖盘
2215,10:31:29,10.63,--,202,214726,卖盘
2216,10:31:26,10.63,--,31,32953,卖盘
2217,10:31:20,10.63,--,82,87166,卖盘
2218,10:31:17,10.63,--,86,91418,卖盘
2219,10:31:14,10.63,-0.01,9,9567,卖盘
2220,10:31:08,10.64,0.01,295,313880,买盘
2221,10:31:05,10.63,-0.01,5,5315,卖盘
2222,10:31:02,10.64,0.01,1,1064,买盘
2223,10:30:59,10.63,--,607,645241,卖盘
2224,10:30:53,10.63,--,72,76536,卖盘
2225,10:30:50,10.63,--,35,37205,卖盘
2226,10:30:47,10.63,--,122,129686,卖盘
2227,10:30:44,10.63,-0.01,12,12756,卖盘
2228,10:30:38,10.64,0.01,30,31920,买盘
2229,10:30:32,10.63,-0.01,197,209411,卖盘
2230,10:30:29,10.64,--,20,21280,卖盘
2231,10:30:26,10.64,0.01,25,26600,卖盘
2232,10:30:23,10.63,--,33,35079,卖盘
2233,10:30:20,10.63,--,225,239175,卖盘
2234,10:30:17,10.63,--,137,145631,卖盘
2235,10:30:14,10.63,--,101,107363,卖盘
2236,10:30:11,10.63,-0.01,189,200928,卖盘
2237,10:30:08,10.64,--,116,123424,卖盘
2238,10:30:02,10.64,--,119,126616,卖盘
2239,10:29:59,10.64,--,41,43624,卖盘
2240,10:29:56,10.64,--,54,57456,卖盘
2241,10:29:53,10.64,--,551,586817,卖盘
2242,10:29:50,10.64,-0.01,488,519732,卖盘
2243,10:29:47,10.65,0.01,10,10650,买盘
2244,10:29:38,10.64,-0.02,30,31920,卖盘
2245,10:29:32,10.66,0.02,1,1066,买盘
2246,10:29:29,10.64,-0.01,486,517104,卖盘
2247,10:29:26,10.65,--,1028,1094820,买盘
2248,10:29:23,10.65,--,5,5325,买盘
2249,10:29:17,10.65,--,979,1042635,买盘
2250,10:29:11,10.65,0.01,9,9585,买盘
2251,10:29:08,10.64,-0.01,156,165984,卖盘
2252,10:29:02,10.65,--,127,135255,买盘
2253,10:28:53,10.65,--,100,106500,买盘
2254,10:28:41,10.65,0.01,26,27690,买盘
2255,10:28:38,10.64,--,176,187264,卖盘
2256,10:28:35,10.64,-0.01,19,20216,卖盘
2257,10:28:32,10.65,--,2,2130,买盘
2258,10:28:29,10.65,--,2,2130,买盘
2259,10:28:26,10.65,--,107,113955,卖盘
2260,10:28:23,10.65,--,40,42600,卖盘
2261,10:28:20,10.65,--,1257,1338705,卖盘
2262,10:28:17,10.65,--,17,18105,卖盘
2263,10:28:14,10.65,0.01,129,137385,买盘
2264,10:28:11,10.64,--,21,22344,卖盘
2265,10:28:08,10.64,-0.01,157,167048,卖盘
2266,10:28:05,10.65,0.01,2,2130,买盘
2267,10:28:02,10.64,--,13,13832,卖盘
2268,10:27:56,10.64,-0.01,9,9576,卖盘
2269,10:27:53,10.65,--,37,40235,买盘
2270,10:27:50,10.65,0.01,103,109695,买盘
2271,10:27:44,10.64,--,40,42783,卖盘
2272,10:27:41,10.64,--,153,162792,卖盘
2273,10:27:38,10.64,--,188,200032,卖盘
2274,10:27:32,10.64,--,134,142576,卖盘
2275,10:27:29,10.64,--,12,12768,卖盘
2276,10:27:26,10.64,-0.01,58,61712,卖盘
2277,10:27:23,10.65,--,110,117150,买盘
2278,10:27:17,10.65,--,23,24495,买盘
2279,10:27:14,10.65,0.01,20,21300,买盘
2280,10:27:11,10.64,--,42,44688,卖盘
2281,10:27:08,10.64,-0.01,155,164920,卖盘
2282,10:27:02,10.65,--,3,3195,买盘
2283,10:26:59,10.65,--,11,11715,买盘
2284,10:26:56,10.65,0.01,3,3195,买盘
2285,10:26:53,10.64,-0.01,20,21280,卖盘
2286,10:26:50,10.65,--,40,42600,买盘
2287,10:26:47,10.65,0.01,7,7455,买盘
2288,10:26:41,10.64,--,156,165984,卖盘
2289,10:26:35,10.64,-0.01,4,4256,卖盘
2290,10:26:26,10.65,--,191,203415,买盘
2291,10:26:23,10.65,--,6,6390,买盘
2292,10:26:11,10.65,0.01,200,213000,买盘
2293,10:26:08,10.64,-0.01,256,272384,卖盘
2294,10:26:05,10.65,--,1,1065,买盘
2295,10:25:56,10.65,--,2163,2303595,买盘
2296,10:25:53,10.65,0.01,71,75615,买盘
2297,10:25:50,10.64,-0.01,138,147470,卖盘
2298,10:25:47,10.65,0.01,1,1065,买盘
2299,10:25:41,10.64,--,233,248326,卖盘
2300,10:25:38,10.64,-0.01,10,10640,卖盘
2301,10:25:35,10.65,--,46,48990,买盘
2302,10:25:32,10.65,--,13,13845,买盘
2303,10:25:20,10.65,0.01,71,75615,买盘
2304,10:25:14,10.64,-0.01,20,21280,卖盘
2305,10:25:11,10.65,0.01,73,77745,买盘
2306,10:25:08,10.64,--,156,165984,卖盘
2307,10:25:05,10.64,--,126,134064,买盘
2308,10:25:02,10.64,--,114,121296,买盘
2309,10:24:59,10.64,--,30,31920,买盘
2310,10:24:53,10.64,--,220,234080,买盘
2311,10:24:50,10.64,--,1,1064,买盘
2312,10:24:47,10.64,0.01,49,52136,中性盘
2313,10:24:44,10.63,-0.01,699,743037,卖盘
2314,10:24:38,10.64,--,155,164920,卖盘
2315,10:24:35,10.64,-0.01,6,6384,卖盘
2316,10:24:32,10.65,0.01,25,26625,买盘
2317,10:24:29,10.64,--,1160,1234240,卖盘
2318,10:24:26,10.64,--,151,160664,卖盘
2319,10:24:23,10.64,-0.01,60,63840,卖盘
2320,10:24:17,10.65,--,8,8520,买盘
2321,10:24:14,10.65,0.01,155,165075,买盘
2322,10:24:11,10.64,--,5,5320,卖盘
2323,10:24:08,10.64,--,164,174496,卖盘
2324,10:24:05,10.64,--,20,21280,卖盘
2325,10:24:02,10.64,--,20,21280,卖盘
2326,10:23:59,10.64,--,107,113848,买盘
2327,10:23:56,10.64,--,50,53200,买盘
2328,10:23:53,10.64,--,46,48944,买盘
2329,10:23:50,10.64,--,3,3192,买盘
2330,10:23:47,10.64,--,55,58711,买盘
2331,10:23:44,10.64,0.01,36,38304,中性盘
2332,10:23:38,10.63,--,157,166891,卖盘
2333,10:23:35,10.63,-0.01,47,50822,卖盘
2334,10:23:32,10.64,--,95,101846,买盘
2335,10:23:29,10.64,--,4,4256,买盘
2336,10:23:20,10.64,--,543,577752,买盘
2337,10:23:17,10.64,--,168,178752,买盘
2338,10:23:14,10.64,-0.01,3089,3286993,卖盘
2339,10:23:08,10.65,-0.01,190,202350,卖盘
2340,10:23:05,10.66,0.01,3,3198,买盘
2341,10:23:02,10.65,--,53,56445,卖盘
2342,10:22:59,10.65,-0.01,35,37275,卖盘
2343,10:22:56,10.66,--,7,7462,买盘
2344,10:22:50,10.66,--,105,111930,买盘
2345,10:22:47,10.66,0.01,10,10660,买盘
2346,10:22:44,10.65,--,10,10650,卖盘
2347,10:22:38,10.65,--,156,166140,卖盘
2348,10:22:35,10.65,-0.01,12,12780,卖盘
2349,10:22:32,10.66,0.01,13,13858,买盘
2350,10:22:26,10.65,-0.01,7,7455,卖盘
2351,10:22:14,10.66,0.01,10,10660,买盘
2352,10:22:11,10.65,--,165,175725,卖盘
2353,10:22:05,10.65,-0.01,4,4260,卖盘
2354,10:21:59,10.66,0.01,1,1066,买盘
2355,10:21:56,10.65,--,20,21300,卖盘
2356,10:21:53,10.65,-0.01,10,10650,卖盘
2357,10:21:50,10.66,--,15,15990,买盘
2358,10:21:47,10.66,0.01,37,40444,买盘
2359,10:21:44,10.65,-0.01,141,150218,卖盘
2360,10:21:41,10.66,0.01,2,2132,买盘
2361,10:21:38,10.65,-0.01,182,193830,卖盘
2362,10:21:35,10.66,0.01,18,19188,买盘
2363,10:21:23,10.65,--,211,224715,卖盘
2364,10:21:17,10.65,--,14,14910,卖盘
2365,10:21:14,10.65,--,15,15975,卖盘
2366,10:21:11,10.65,-0.01,156,166140,卖盘
2367,10:21:02,10.66,0.01,230,245180,买盘
2368,10:20:56,10.65,-0.01,10,10650,卖盘
2369,10:20:53,10.66,0.01,11,11726,买盘
2370,10:20:47,10.65,--,3,3195,卖盘
2371,10:20:44,10.65,-0.01,0,489,卖盘
2372,10:20:41,10.66,0.01,22,23452,买盘
2373,10:20:38,10.65,--,162,172530,卖盘
2374,10:20:35,10.65,-0.01,63,67095,卖盘
2375,10:20:32,10.66,0.01,5,5330,买盘
2376,10:20:29,10.65,--,2,2130,卖盘
2377,10:20:26,10.65,--,153,162945,卖盘
2378,10:20:23,10.65,-0.01,24,25560,卖盘
2379,10:20:20,10.66,0.01,78,83148,买盘
2380,10:20:17,10.65,--,50,53250,卖盘
2381,10:20:14,10.65,--,122,129930,卖盘
2382,10:20:11,10.65,--,30,31950,卖盘
2383,10:20:08,10.65,-0.01,167,177855,卖盘
2384,10:20:02,10.66,--,5,5330,买盘
2385,10:19:59,10.66,0.01,4,4264,买盘
2386,10:19:50,10.65,--,41,43665,卖盘
2387,10:19:47,10.65,--,53,57222,卖盘
2388,10:19:38,10.65,-0.01,248,264396,卖盘
2389,10:19:35,10.66,--,50,53300,卖盘
2390,10:19:32,10.66,--,23,24518,卖盘
2391,10:19:29,10.66,--,38,40508,卖盘
2392,10:19:20,10.66,--,54,57564,卖盘
2393,10:19:17,10.66,0.01,32,34112,买盘
2394,10:19:08,10.65,-0.01,220,234300,卖盘
2395,10:19:05,10.66,--,15,15990,卖盘
2396,10:19:02,10.66,--,199,212134,买盘
2397,10:18:50,10.66,--,66,70356,卖盘
2398,10:18:47,10.66,-0.01,55,58630,卖盘
2399,10:18:41,10.67,--,164,174988,买盘
2400,10:18:37,10.67,0.02,89,94963,买盘
2401,10:18:31,10.65,-0.01,6,6390,卖盘
2402,10:18:28,10.66,--,15,15990,卖盘
2403,10:18:25,10.66,-0.01,231,246246,卖盘
2404,10:18:16,10.67,--,1,1067,买盘
2405,10:18:13,10.67,0.01,130,138710,买盘
2406,10:18:07,10.66,--,268,285688,买盘
2407,10:18:01,10.66,--,1,1066,买盘
2408,10:17:58,10.66,-0.01,5,5330,买盘
2409,10:17:55,10.67,0.02,64,68288,买盘
2410,10:17:52,10.65,--,105,111825,卖盘
2411,10:17:49,10.65,-0.02,63,67095,卖盘
2412,10:17:43,10.67,0.01,136,145112,买盘
2413,10:17:40,10.66,--,235,250563,卖盘
2414,10:17:37,10.66,-0.01,173,185420,卖盘
2415,10:17:28,10.67,0.01,10,10670,买盘
2416,10:17:19,10.66,-0.01,14,14924,卖盘
2417,10:17:13,10.67,--,46,49316,卖盘
2418,10:17:10,10.67,--,10,10670,卖盘
2419,10:17:07,10.67,--,228,243276,卖盘
2420,10:17:04,10.67,0.01,215,230237,买盘
2421,10:17:01,10.66,0.01,20,21320,中性盘
2422,10:16:55,10.65,--,276,293940,卖盘
2423,10:16:52,10.65,--,3,3195,卖盘
2424,10:16:49,10.65,-0.01,143,152295,卖盘
2425,10:16:46,10.66,0.01,10,10660,买盘
2426,10:16:40,10.65,--,27,28755,卖盘
2427,10:16:34,10.65,--,203,216195,卖盘
2428,10:16:25,10.65,--,1,1065,卖盘
2429,10:16:22,10.65,-0.01,880,937200,卖盘
2430,10:16:19,10.66,0.01,10,10660,中性盘
2431,10:16:07,10.65,-0.01,218,232170,卖盘
2432,10:16:04,10.66,--,33,35178,买盘
2433,10:15:55,10.66,0.01,19,20254,中性盘
2434,10:15:43,10.65,--,2,2130,卖盘
2435,10:15:40,10.65,-0.01,104,111356,卖盘
2436,10:15:37,10.66,--,175,186550,卖盘
2437,10:15:34,10.66,--,39,41574,卖盘
2438,10:15:31,10.66,--,39,42032,卖盘
2439,10:15:25,10.66,-0.01,15,15990,卖盘
2440,10:15:22,10.67,0.01,2,2134,买盘
2441,10:15:19,10.66,--,15,15990,卖盘
2442,10:15:16,10.66,--,52,55432,卖盘
2443,10:15:13,10.66,--,59,62894,卖盘
2444,10:15:10,10.66,--,155,165230,卖盘
2445,10:15:01,10.66,0.01,10,10660,中性盘
2446,10:14:58,10.65,0.01,22,23430,中性盘
2447,10:14:55,10.64,-0.02,397,422408,卖盘
2448,10:14:52,10.66,--,54,57564,买盘
2449,10:14:49,10.66,--,55,58630,买盘
2450,10:14:46,10.66,0.01,1,1066,买盘
2451,10:14:43,10.65,-0.01,1137,1211331,卖盘
2452,10:14:40,10.66,--,5,5330,买盘
2453,10:14:37,10.66,--,26,28355,卖盘
2454,10:14:34,10.66,--,8,8528,卖盘
2455,10:14:31,10.66,--,32,34538,卖盘
2456,10:14:28,10.66,-0.01,105,111930,卖盘
2457,10:14:25,10.67,0.01,241,257147,买盘
2458,10:14:22,10.66,-0.01,256,272896,中性盘
2459,10:14:10,10.67,0.01,236,251812,买盘
2460,10:14:07,10.66,--,40,42640,卖盘
2461,10:14:01,10.66,--,6,6396,卖盘
2462,10:13:52,10.66,--,103,109798,卖盘
2463,10:13:40,10.66,0.01,549,585234,买盘
2464,10:13:37,10.65,--,43,46412,卖盘
2465,10:13:34,10.65,-0.02,247,263491,卖盘
2466,10:13:31,10.67,--,3,3201,买盘
2467,10:13:28,10.67,0.02,30,32010,买盘
2468,10:13:22,10.65,--,19,20235,卖盘
2469,10:13:19,10.65,--,634,675210,卖盘
2470,10:13:16,10.65,--,210,223650,卖盘
2471,10:13:13,10.65,-0.01,282,301299,卖盘
2472,10:13:10,10.66,--,1311,1397621,卖盘
2473,10:13:07,10.66,-0.01,700,746200,卖盘
2474,10:13:04,10.67,--,82,87494,卖盘
2475,10:13:01,10.67,--,214,228338,买盘
2476,10:12:58,10.67,--,211,225137,买盘
2477,10:12:55,10.67,0.01,10,10670,买盘
2478,10:12:52,10.66,--,504,537264,卖盘
2479,10:12:46,10.66,-0.01,42,44772,卖盘
2480,10:12:43,10.67,--,10,10670,买盘
2481,10:12:40,10.67,--,211,225137,买盘
2482,10:12:37,10.67,--,377,402259,买盘
2483,10:12:34,10.67,--,18,19206,买盘
2484,10:12:22,10.67,0.01,398,424666,买盘
2485,10:12:19,10.66,--,19,20254,卖盘
2486,10:12:13,10.66,--,2,2132,卖盘
2487,10:12:10,10.66,--,156,166296,卖盘
2488,10:12:04,10.66,-0.01,91,97006,卖盘
2489,10:11:58,10.67,--,30,32010,买盘
2490,10:11:55,10.67,0.01,3,3201,买盘
2491,10:11:52,10.66,-0.02,212,225992,卖盘
2492,10:11:49,10.68,0.01,1,1068,买盘
2493,10:11:46,10.67,--,28,29876,卖盘
2494,10:11:43,10.67,0.01,10,10670,卖盘
2495,10:11:37,10.66,--,155,165230,卖盘
2496,10:11:31,10.66,-0.02,1037,1105633,卖盘
2497,10:11:28,10.68,0.02,6,6408,买盘
2498,10:11:25,10.66,-0.02,45,48758,卖盘
2499,10:11:19,10.68,0.02,20,21360,买盘
2500,10:11:13,10.66,--,5,5330,卖盘
2501,10:11:10,10.66,--,25,26650,卖盘
2502,10:11:07,10.66,--,311,331526,卖盘
2503,10:11:04,10.66,-0.01,5,5330,卖盘
2504,10:10:58,10.67,--,6,6402,买盘
2505,10:10:52,10.67,--,15,16005,买盘
2506,10:10:49,10.67,0.01,55,58685,买盘
2507,10:10:40,10.66,-0.01,386,411476,卖盘
2508,10:10:34,10.67,--,10,10670,卖盘
2509,10:10:31,10.67,--,75,80025,卖盘
2510,10:10:25,10.67,--,3,3201,卖盘
2511,10:10:22,10.67,--,402,428934,卖盘
2512,10:10:19,10.67,--,1,1067,卖盘
2513,10:10:16,10.67,0.01,195,208065,买盘
2514,10:10:10,10.66,--,438,466908,卖盘
2515,10:10:07,10.66,--,156,166296,卖盘
2516,10:10:04,10.66,-0.01,2,2132,卖盘
2517,10:09:55,10.67,--,101,107767,买盘
2518,10:09:52,10.67,0.01,3,3201,买盘
2519,10:09:46,10.66,-0.01,10,10660,卖盘
2520,10:09:43,10.67,--,2,2134,买盘
2521,10:09:40,10.67,0.01,255,272085,买盘
2522,10:09:37,10.66,--,397,423202,卖盘
2523,10:09:34,10.66,--,35,38333,卖盘
2524,10:09:31,10.66,--,28,29848,卖盘
2525,10:09:28,10.66,--,175,186550,卖盘
2526,10:09:25,10.66,-0.01,253,269729,卖盘
2527,10:09:19,10.67,0.01,5,5335,买盘
2528,10:09:16,10.66,-0.01,5,5330,卖盘
2529,10:09:10,10.67,0.01,62,66154,买盘
2530,10:09:07,10.66,--,155,165230,卖盘
2531,10:09:04,10.66,--,88,93808,卖盘
2532,10:08:52,10.66,--,100,106600,卖盘
2533,10:08:49,10.66,--,24,25584,卖盘
2534,10:08:40,10.66,0.01,230,245180,买盘
2535,10:08:37,10.65,-0.01,189,201285,卖盘
2536,10:08:31,10.66,0.01,229,244114,买盘
2537,10:08:25,10.65,--,5,5325,卖盘
2538,10:08:22,10.65,--,48,51120,卖盘
2539,10:08:19,10.65,--,22,23430,卖盘
2540,10:08:16,10.65,--,41,43665,卖盘
2541,10:08:10,10.65,--,22,23430,卖盘
2542,10:08:07,10.65,--,31,33015,卖盘
2543,10:08:04,10.65,-0.02,21,22365,卖盘
2544,10:08:01,10.67,-0.01,1,1067,中性盘
2545,10:07:49,10.68,--,414,442152,买盘
2546,10:07:43,10.68,0.02,100,106800,买盘
2547,10:07:40,10.66,-0.01,1391,1483690,卖盘
2548,10:07:37,10.67,--,155,165385,卖盘
2549,10:07:34,10.67,-0.01,35,37345,卖盘
2550,10:07:28,10.68,0.01,1,1068,买盘
2551,10:07:25,10.67,--,75,81081,卖盘
2552,10:07:16,10.67,-0.01,78,83226,卖盘
2553,10:07:13,10.68,0.01,493,526524,买盘
2554,10:07:10,10.67,--,155,165385,卖盘
2555,10:07:07,10.67,-0.01,5,5335,卖盘
2556,10:07:01,10.68,0.01,3,3204,买盘
2557,10:06:55,10.67,--,39,41613,卖盘
2558,10:06:52,10.67,--,119,127271,卖盘
2559,10:06:40,10.67,--,50,54032,卖盘
2560,10:06:37,10.67,--,157,167519,卖盘
2561,10:06:34,10.67,0.01,562,600315,买盘
2562,10:06:31,10.66,--,109,116194,卖盘
2563,10:06:28,10.66,-0.01,21,22386,卖盘
2564,10:06:25,10.67,0.01,3,3201,买盘
2565,10:06:19,10.66,0.01,9,10276,买盘
2566,10:06:16,10.65,-0.01,29,31268,卖盘
2567,10:06:13,10.66,0.01,54,58246,买盘
2568,10:06:10,10.65,--,155,165075,卖盘
2569,10:06:04,10.65,-0.01,50,53931,卖盘
2570,10:06:01,10.66,--,52,56124,卖盘
2571,10:05:52,10.66,0.01,5,5788,买盘
2572,10:05:49,10.65,-0.01,450,479484,卖盘
2573,10:05:46,10.66,--,31,33046,卖盘
2574,10:05:43,10.66,--,50,53992,卖盘
2575,10:05:40,10.66,--,101,107804,买盘
2576,10:05:37,10.66,--,107,114616,卖盘
2577,10:05:31,10.66,--,86,92240,卖盘
2578,10:05:28,10.66,--,50,54312,买盘
2579,10:05:25,10.66,0.01,19,20254,买盘
2580,10:05:22,10.65,-0.01,90,96659,卖盘
2581,10:05:19,10.66,--,1,1066,买盘
2582,10:05:16,10.66,--,3,3198,买盘
2583,10:05:13,10.66,--,19,21000,卖盘
2584,10:05:10,10.66,--,206,220288,卖盘
2585,10:05:07,10.66,--,81,87038,买盘
2586,10:05:01,10.66,--,5,5330,买盘
2587,10:04:58,10.66,--,412,439192,卖盘
2588,10:04:55,10.66,--,5,5330,卖盘
2589,10:04:52,10.66,--,13,13858,卖盘
2590,10:04:49,10.66,--,50,53992,卖盘
2591,10:04:43,10.66,--,50,53992,卖盘
2592,10:04:37,10.66,-0.01,205,218530,卖盘
2593,10:04:34,10.67,--,10,10670,买盘
2594,10:04:31,10.67,--,22,23474,买盘
2595,10:04:28,10.67,--,5,5335,买盘
2596,10:04:25,10.67,--,10,10670,买盘
2597,10:04:16,10.67,0.01,2,2134,买盘
2598,10:04:13,10.66,--,20,21320,卖盘
2599,10:04:10,10.66,--,11,11726,卖盘
2600,10:04:07,10.66,-0.01,247,263302,卖盘
2601,10:04:04,10.67,0.01,10,10670,买盘
2602,10:03:58,10.66,-0.01,9,9594,卖盘
2603,10:03:55,10.67,0.02,78,83226,买盘
2604,10:03:43,10.65,-0.01,449,479068,卖盘
2605,10:03:40,10.66,--,156,166296,卖盘
2606,10:03:34,10.66,--,25,26650,卖盘
2607,10:03:25,10.66,--,130,138761,卖盘
2608,10:03:22,10.66,--,47,50102,买盘
2609,10:03:19,10.66,--,151,161840,买盘
2610,10:03:16,10.66,0.01,20,21320,买盘
2611,10:03:13,10.65,--,9,9585,卖盘
2612,10:03:10,10.65,--,92,97980,卖盘
2613,10:03:07,10.65,--,155,165075,卖盘
2614,10:03:01,10.65,-0.01,10,10650,卖盘
2615,10:02:58,10.66,--,7,8218,买盘
2616,10:02:55,10.66,0.01,106,112996,买盘
2617,10:02:49,10.65,-0.01,221,235365,卖盘
2618,10:02:46,10.66,0.01,60,63960,买盘
2619,10:02:43,10.65,-0.01,50,53250,卖盘
2620,10:02:40,10.66,-0.01,75,79950,卖盘
2621,10:02:37,10.67,0.01,55,58685,买盘
2622,10:02:34,10.66,-0.01,228,243048,卖盘
2623,10:02:25,10.67,0.01,200,213400,买盘
2624,10:02:19,10.66,--,176,187616,买盘
2625,10:02:16,10.66,--,10,10660,买盘
2626,10:02:13,10.66,0.01,16,17056,买盘
2627,10:02:04,10.65,-0.01,33,35145,卖盘
2628,10:02:01,10.66,--,235,250510,卖盘
2629,10:01:58,10.66,--,27,28782,卖盘
2630,10:01:55,10.66,0.01,42,45656,卖盘
2631,10:01:46,10.65,--,40,42600,卖盘
2632,10:01:43,10.65,--,491,523777,卖盘
2633,10:01:40,10.65,-0.01,160,170400,卖盘
2634,10:01:37,10.66,--,410,437060,买盘
2635,10:01:34,10.66,0.01,42,45326,买盘
2636,10:01:31,10.65,--,20,21300,卖盘
2637,10:01:28,10.65,--,1,1065,卖盘
2638,10:01:25,10.65,--,126,134317,卖盘
2639,10:01:22,10.65,--,100,107192,卖盘
2640,10:01:16,10.65,--,10,10650,卖盘
2641,10:01:13,10.65,-0.01,65,69225,卖盘
2642,10:01:10,10.66,0.01,5,5330,买盘
2643,10:01:07,10.65,-0.01,181,192765,卖盘
2644,10:01:04,10.66,--,349,372726,买盘
2645,10:01:01,10.66,0.01,18,20072,买盘
2646,10:00:58,10.65,-0.01,11,11715,卖盘
2647,10:00:55,10.66,0.01,57,60762,买盘
2648,10:00:49,10.65,-0.01,150,159750,卖盘
2649,10:00:43,10.66,0.01,188,200408,买盘
2650,10:00:40,10.65,--,229,244098,卖盘
2651,10:00:37,10.65,-0.01,25,26625,卖盘
2652,10:00:28,10.66,0.01,99,105534,买盘
2653,10:00:25,10.65,--,12,12780,卖盘
2654,10:00:22,10.65,-0.01,69,74177,卖盘
2655,10:00:19,10.66,0.01,102,108732,买盘
2656,10:00:16,10.65,--,110,117150,卖盘
2657,10:00:13,10.65,-0.01,29,30885,卖盘
2658,10:00:07,10.66,--,4,4264,买盘
2659,10:00:04,10.66,-0.01,204,218018,卖盘
2660,10:00:01,10.67,0.01,6,6402,买盘
2661,09:59:58,10.66,--,27,29666,卖盘
2662,09:59:55,10.66,--,131,140338,卖盘
2663,09:59:52,10.66,0.01,45,47970,中性盘
2664,09:59:49,10.65,-0.01,210,223650,卖盘
2665,09:59:46,10.66,--,2,2132,卖盘
2666,09:59:37,10.66,--,216,230256,卖盘
2667,09:59:34,10.66,--,30,32619,卖盘
2668,09:59:28,10.66,-0.01,85,91302,卖盘
2669,09:59:25,10.67,--,300,320100,买盘
2670,09:59:22,10.67,0.01,75,80718,买盘
2671,09:59:19,10.66,--,203,217453,卖盘
2672,09:59:16,10.66,--,399,425334,卖盘
2673,09:59:13,10.66,--,218,233080,卖盘
2674,09:59:10,10.66,--,155,165230,卖盘
2675,09:59:04,10.66,--,52,56124,卖盘
2676,09:58:58,10.66,-0.01,5,5330,卖盘
2677,09:58:55,10.67,--,6,6402,买盘
2678,09:58:52,10.67,0.01,33,35211,买盘
2679,09:58:49,10.66,-0.01,217,231322,卖盘
2680,09:58:40,10.67,--,30,32010,卖盘
2681,09:58:37,10.67,--,155,165385,卖盘
2682,09:58:34,10.67,-0.01,233,249304,卖盘
2683,09:58:31,10.68,0.01,1,1068,中性盘
2684,09:58:25,10.67,--,59,62953,卖盘
2685,09:58:22,10.67,--,1145,1221981,卖盘
2686,09:58:19,10.67,--,1006,1073402,卖盘
2687,09:58:16,10.67,--,100,107393,卖盘
2688,09:58:09,10.67,-0.01,176,187792,卖盘
2689,09:58:06,10.68,--,2,2136,买盘
2690,09:58:03,10.68,0.01,50,53400,买盘
2691,09:58:00,10.67,--,82,87984,卖盘
2692,09:57:57,10.67,-0.01,12,12804,卖盘
2693,09:57:48,10.68,0.01,180,192240,买盘
2694,09:57:45,10.67,--,16,17072,卖盘
2695,09:57:42,10.67,--,38,40546,卖盘
2696,09:57:36,10.67,--,155,165385,卖盘
2697,09:57:33,10.67,--,50,54043,卖盘
2698,09:57:30,10.67,0.01,513,547829,买盘
2699,09:57:27,10.66,--,33,35178,卖盘
2700,09:57:24,10.66,--,38,41424,卖盘
2701,09:57:18,10.66,--,96,102336,卖盘
2702,09:57:15,10.66,-0.01,69,73554,卖盘
2703,09:57:09,10.67,0.01,176,187792,买盘
2704,09:57:06,10.66,-0.01,28,29848,卖盘
2705,09:57:00,10.67,--,410,437470,买盘
2706,09:56:57,10.67,0.01,26,27742,买盘
2707,09:56:54,10.66,-0.01,46,49899,卖盘
2708,09:56:48,10.67,--,11,11737,买盘
2709,09:56:45,10.67,--,6,6402,买盘
2710,09:56:36,10.67,-0.01,52,55484,卖盘
2711,09:56:33,10.68,--,357,381276,卖盘
2712,09:56:30,10.68,0.01,143,152724,买盘
2713,09:56:27,10.67,-0.01,2,2134,卖盘
2714,09:56:24,10.68,0.02,2,2136,中性盘
2715,09:56:18,10.66,-0.02,449,478634,卖盘
2716,09:56:12,10.68,--,30,32040,卖盘
2717,09:56:09,10.68,--,155,165540,卖盘
2718,09:56:06,10.68,--,196,209328,买盘
2719,09:56:00,10.68,0.01,16,17088,买盘
2720,09:55:57,10.67,-0.01,13,14735,卖盘
2721,09:55:51,10.68,0.01,10,10680,买盘
2722,09:55:39,10.67,--,167,178189,卖盘
2723,09:55:36,10.67,--,5,5335,卖盘
2724,09:55:27,10.67,0.01,236,251812,买盘
2725,09:55:24,10.66,-0.01,237,252833,卖盘
2726,09:55:18,10.67,--,10,10670,买盘
2727,09:55:15,10.67,0.01,10,10670,买盘
2728,09:55:12,10.66,--,48,52031,卖盘
2729,09:55:03,10.66,-0.01,70,74620,卖盘
2730,09:55:00,10.67,--,410,438323,卖盘
2731,09:54:57,10.67,--,35,37345,卖盘
2732,09:54:54,10.67,-0.01,3,3201,卖盘
2733,09:54:51,10.68,0.01,58,61944,买盘
2734,09:54:48,10.67,--,55,59378,卖盘
2735,09:54:39,10.67,--,157,167519,卖盘
2736,09:54:36,10.67,0.01,157,167956,买盘
2737,09:54:33,10.66,--,100,106600,卖盘
2738,09:54:30,10.66,-0.01,13,13858,卖盘
2739,09:54:27,10.67,0.01,7,7469,买盘
2740,09:54:15,10.66,0.01,200,213200,中性盘
2741,09:54:12,10.65,--,71,75615,卖盘
2742,09:54:06,10.65,-0.01,174,185310,卖盘
2743,09:54:03,10.66,-0.01,51,54366,卖盘
2744,09:54:00,10.67,0.02,5,5335,买盘
2745,09:53:57,10.65,-0.01,1351,1439688,卖盘
2746,09:53:48,10.66,--,27,28782,卖盘
2747,09:53:45,10.66,--,4,4264,卖盘
2748,09:53:42,10.66,0.01,22,23452,卖盘
2749,09:53:39,10.65,--,211,224715,卖盘
2750,09:53:33,10.65,-0.01,399,424935,卖盘
2751,09:53:30,10.66,--,3,3198,买盘
2752,09:53:27,10.66,--,51,54366,买盘
2753,09:53:24,10.66,-0.01,210,224233,卖盘
2754,09:53:21,10.67,--,93,100031,买盘
2755,09:53:15,10.67,0.01,5,5335,买盘
2756,09:53:12,10.66,-0.01,223,238293,卖盘
2757,09:53:09,10.67,0.01,103,109901,买盘
2758,09:53:06,10.66,--,166,176956,卖盘
2759,09:53:03,10.66,-0.01,317,337922,卖盘
2760,09:53:00,10.67,0.01,617,658659,买盘
2761,09:52:57,10.66,--,82,88286,卖盘
2762,09:52:54,10.66,--,6,6396,卖盘
2763,09:52:51,10.66,--,190,202540,卖盘
2764,09:52:48,10.66,-0.01,354,377683,卖盘
2765,09:52:42,10.67,0.01,18,19206,买盘
2766,09:52:39,10.66,--,275,293150,卖盘
2767,09:52:36,10.66,--,18,19188,卖盘
2768,09:52:33,10.66,--,32,34112,卖盘
2769,09:52:30,10.66,--,20,21320,卖盘
2770,09:52:27,10.66,--,104,111546,卖盘
2771,09:52:21,10.66,--,101,107666,卖盘
2772,09:52:18,10.66,-0.01,117,124722,卖盘
2773,09:52:15,10.67,0.01,14,14938,买盘
2774,09:52:12,10.66,-0.01,182,194331,卖盘
2775,09:52:09,10.67,--,675,720225,买盘
2776,09:52:03,10.67,--,20,21340,买盘
2777,09:51:54,10.67,0.01,17,18139,买盘
2778,09:51:51,10.66,-0.01,456,486213,卖盘
2779,09:51:48,10.67,-0.01,151,161437,卖盘
2780,09:51:45,10.68,0.01,20,21360,买盘
2781,09:51:42,10.67,--,24,25608,卖盘
2782,09:51:39,10.67,--,233,248611,卖盘
2783,09:51:36,10.67,--,295,314765,卖盘
2784,09:51:33,10.67,-0.01,524,559108,卖盘
2785,09:51:30,10.68,0.01,19,20292,买盘
2786,09:51:27,10.67,--,13,13871,卖盘
2787,09:51:24,10.67,-0.01,101,108087,卖盘
2788,09:51:21,10.68,0.01,28,29904,买盘
2789,09:51:18,10.67,--,81,87397,卖盘
2790,09:51:15,10.67,-0.01,2,2134,卖盘
2791,09:51:12,10.68,0.01,64,69131,买盘
2792,09:51:09,10.67,--,212,226204,卖盘
2793,09:51:03,10.67,-0.01,51,55110,卖盘
2794,09:50:57,10.68,--,23,24564,买盘
2795,09:50:54,10.68,--,445,475687,卖盘
2796,09:50:51,10.68,--,68,73318,卖盘
2797,09:50:48,10.68,--,114,122446,卖盘
