,time,price,change,volume,amount,type
0,15:00:18,24.2,0.04,2612,6321040,买盘
1,14:57:21,24.16,--,0,0,买盘
2,14:57:00,24.16,-0.02,17,41072,卖盘
3,14:56:57,24.18,-0.02,230,556140,卖盘
4,14:56:54,24.2,--,161,389620,买盘
5,14:56:51,24.2,--,111,268620,买盘
6,14:56:48,24.2,--,127,307340,买盘
7,14:56:45,24.2,--,12,29040,买盘
8,14:56:42,24.2,-0.03,52,125840,卖盘
9,14:56:39,24.23,-0.02,25,60575,中性盘
10,14:56:36,24.25,0.06,28,67900,买盘
11,14:56:33,24.19,-0.01,165,399135,卖盘
12,14:56:30,24.2,--,69,166980,买盘
13,14:56:27,24.2,--,13,31460,买盘
14,14:56:24,24.2,--,146,353320,买盘
15,14:56:21,24.2,-0.05,77,186340,卖盘
16,14:56:18,24.25,0.05,11,26675,买盘
17,14:56:15,24.2,-0.05,227,549340,卖盘
18,14:56:12,24.25,--,12,29100,买盘
19,14:56:09,24.25,--,51,123675,买盘
20,14:56:06,24.25,--,40,97000,买盘
21,14:56:03,24.25,--,10,24250,买盘
22,14:55:57,24.25,-0.01,114,276450,卖盘
23,14:55:54,24.26,--,10,24260,买盘
24,14:55:51,24.26,--,16,38816,买盘
25,14:55:48,24.26,--,9,21834,买盘
26,14:55:45,24.26,-0.04,429,1040754,卖盘
27,14:55:39,24.3,--,18,43740,买盘
28,14:55:36,24.3,--,5,12150,买盘
29,14:55:33,24.3,-0.01,236,573480,卖盘
30,14:55:30,24.31,--,9,21879,卖盘
31,14:55:24,24.31,--,4,9724,卖盘
32,14:55:21,24.31,0.01,3,7293,买盘
33,14:55:18,24.3,--,8,19440,卖盘
34,14:55:15,24.3,-0.01,216,524880,卖盘
35,14:55:12,24.31,0.01,20,48620,买盘
36,14:55:09,24.3,-0.01,70,170100,卖盘
37,14:55:06,24.31,--,4,9724,买盘
38,14:55:03,24.31,--,16,38896,买盘
39,14:55:00,24.31,--,76,184756,卖盘
40,14:54:57,24.31,--,25,60775,卖盘
41,14:54:54,24.31,-0.02,56,136136,卖盘
42,14:54:48,24.33,--,7,17031,买盘
43,14:54:45,24.33,--,6,14597,买盘
44,14:54:42,24.33,--,7,17031,买盘
45,14:54:39,24.33,0.02,71,172743,卖盘
46,14:54:36,24.31,-0.03,165,401115,卖盘
47,14:54:33,24.34,0.01,8,19472,买盘
48,14:54:30,24.33,-0.01,30,72990,卖盘
49,14:54:27,24.34,--,71,172814,买盘
50,14:54:21,24.34,--,31,75454,买盘
51,14:54:18,24.34,--,3,7302,买盘
52,14:54:15,24.34,--,2,4868,买盘
53,14:54:12,24.34,0.01,9,21906,买盘
54,14:54:09,24.33,-0.01,5,12165,卖盘
55,14:54:06,24.34,-0.02,216,525744,卖盘
56,14:54:03,24.36,0.01,34,82824,买盘
57,14:53:57,24.35,--,21,51135,卖盘
58,14:53:54,24.35,-0.01,165,401775,卖盘
59,14:53:51,24.36,0.01,16,38976,买盘
60,14:53:48,24.35,-0.01,12,29220,卖盘
61,14:53:42,24.36,--,8,19488,买盘
62,14:53:39,24.36,--,20,48720,买盘
63,14:53:36,24.36,--,100,243600,卖盘
64,14:53:33,24.36,-0.04,35,85260,卖盘
65,14:53:30,24.4,--,5,12200,买盘
66,14:53:27,24.4,--,170,414800,买盘
67,14:53:24,24.4,--,8,19520,买盘
68,14:53:21,24.4,--,9,21960,买盘
69,14:53:18,24.4,--,63,153720,买盘
70,14:53:15,24.4,--,311,758840,买盘
71,14:53:09,24.4,--,74,182072,卖盘
72,14:53:06,24.4,--,5,12200,卖盘
73,14:53:03,24.4,--,9,24156,卖盘
74,14:53:00,24.4,-0.01,5,12200,卖盘
75,14:52:57,24.41,0.01,5,12205,买盘
76,14:52:54,24.4,--,72,175680,卖盘
77,14:52:51,24.4,--,57,139080,卖盘
78,14:52:42,24.4,-0.02,810,1976400,卖盘
79,14:52:33,24.42,--,57,139194,买盘
80,14:52:21,24.42,--,46,112332,买盘
81,14:52:18,24.42,--,56,136752,买盘
82,14:52:15,24.42,--,13,31746,买盘
83,14:52:12,24.42,--,9,21978,买盘
84,14:52:03,24.42,--,3,7326,买盘
85,14:52:00,24.42,0.01,11,26862,买盘
86,14:51:57,24.41,--,10,24410,卖盘
87,14:51:54,24.41,-0.01,35,86606,卖盘
88,14:51:51,24.42,--,3,7326,买盘
89,14:51:48,24.42,--,15,36630,买盘
90,14:51:45,24.42,--,11,26862,卖盘
91,14:51:36,24.42,0.01,1,2442,买盘
92,14:51:33,24.41,--,25,61025,卖盘
93,14:51:30,24.41,--,48,117168,买盘
94,14:51:24,24.41,0.01,41,100081,买盘
95,14:51:21,24.4,-0.01,13,31719,卖盘
96,14:51:18,24.41,--,1,2441,买盘
97,14:51:15,24.41,-0.01,161,393001,卖盘
98,14:51:09,24.42,--,7,17094,买盘
99,14:51:06,24.42,0.01,3,7326,买盘
100,14:51:03,24.41,--,7,17087,卖盘
101,14:51:00,24.41,--,56,136696,卖盘
102,14:50:57,24.41,-0.01,7,17087,卖盘
103,14:50:54,24.42,0.01,16,39072,买盘
104,14:50:51,24.41,--,41,100081,卖盘
105,14:50:48,24.41,--,40,97640,卖盘
106,14:50:45,24.41,-0.01,21,51261,卖盘
107,14:50:42,24.42,0.01,101,246642,买盘
108,14:50:39,24.41,-0.01,6,14646,卖盘
109,14:50:36,24.42,--,12,29304,买盘
110,14:50:33,24.42,--,2,4884,买盘
111,14:50:30,24.42,--,39,95238,卖盘
112,14:50:27,24.42,-0.01,24,58608,卖盘
113,14:50:24,24.43,--,48,117264,买盘
114,14:50:18,24.43,0.01,13,31759,买盘
115,14:50:15,24.42,-0.01,9,21978,卖盘
116,14:50:12,24.43,0.01,4,9772,卖盘
117,14:50:09,24.42,-0.02,2,4884,卖盘
118,14:50:06,24.44,0.02,26,63544,中性盘
119,14:50:03,24.42,-0.01,20,48840,卖盘
120,14:50:00,24.43,--,13,31759,买盘
121,14:49:57,24.43,--,5,12215,买盘
122,14:49:54,24.43,--,5,12215,买盘
123,14:49:51,24.43,0.01,19,46417,中性盘
124,14:49:48,24.42,-0.01,14,34188,卖盘
125,14:49:42,24.43,-0.02,113,276059,卖盘
126,14:49:39,24.45,--,12,29340,买盘
127,14:49:33,24.45,--,4,9780,买盘
128,14:49:30,24.45,-0.01,7,17115,卖盘
129,14:49:27,24.46,0.01,9,22014,买盘
130,14:49:24,24.45,-0.01,4,9780,卖盘
131,14:49:15,24.46,--,15,36690,买盘
132,14:49:03,24.46,0.01,8,19568,买盘
133,14:49:00,24.45,-0.03,4,9780,卖盘
134,14:48:57,24.48,0.01,102,249696,买盘
135,14:48:51,24.47,0.02,1,2447,买盘
136,14:48:48,24.45,-0.02,37,90465,卖盘
137,14:48:45,24.47,-0.02,22,53834,中性盘
138,14:48:39,24.49,0.03,18,44082,买盘
139,14:48:36,24.46,--,10,24460,卖盘
140,14:48:33,24.46,-0.01,12,29352,卖盘
141,14:48:30,24.47,--,7,17129,买盘
142,14:48:27,24.47,--,10,24470,买盘
143,14:48:24,24.47,0.01,2,4894,买盘
144,14:48:15,24.46,0.01,10,24460,卖盘
145,14:48:12,24.45,--,1,2445,卖盘
146,14:48:09,24.45,-0.01,140,342300,卖盘
147,14:48:03,24.46,0.01,4,9784,买盘
148,14:48:00,24.45,--,4,9780,卖盘
149,14:47:51,24.45,--,112,273840,买盘
150,14:47:48,24.45,--,32,78240,买盘
151,14:47:45,24.45,--,10,24450,买盘
152,14:47:42,24.45,--,19,46455,买盘
153,14:47:39,24.45,--,2,4890,买盘
154,14:47:36,24.45,--,18,44010,卖盘
155,14:47:33,24.45,--,54,132030,卖盘
156,14:47:30,24.45,-0.01,14,34230,卖盘
157,14:47:18,24.46,--,11,26906,卖盘
158,14:47:15,24.46,0.01,14,34244,卖盘
159,14:47:09,24.45,-0.01,307,750615,卖盘
160,14:46:45,24.46,--,7,17122,卖盘
161,14:46:36,24.46,--,6,14676,卖盘
162,14:46:30,24.46,--,1,2446,卖盘
163,14:46:24,24.46,-0.03,87,212802,卖盘
164,14:46:12,24.49,0.03,5,12245,买盘
165,14:46:09,24.46,--,30,73380,卖盘
166,14:46:06,24.46,--,20,48920,卖盘
167,14:45:57,24.46,--,9,22014,卖盘
168,14:45:51,24.46,--,29,70934,买盘
169,14:45:42,24.46,--,9,22014,买盘
170,14:45:39,24.46,-0.02,229,560134,卖盘
171,14:45:30,24.48,--,70,171360,卖盘
172,14:45:21,24.48,--,4,9792,卖盘
173,14:45:18,24.48,-0.03,100,244800,卖盘
174,14:45:12,24.51,0.02,3,7353,买盘
175,14:44:57,24.49,--,2,4898,卖盘
176,14:44:54,24.49,0.01,19,46531,中性盘
177,14:44:51,24.48,-0.01,5,12240,卖盘
178,14:44:48,24.49,--,3,7346,卖盘
179,14:44:45,24.49,--,7,17143,买盘
180,14:44:36,24.49,--,2,4898,买盘
181,14:44:33,24.49,--,1,2449,买盘
182,14:44:30,24.49,--,1,2449,买盘
183,14:44:24,24.49,-0.05,261,639189,卖盘
184,14:44:21,24.54,0.02,1,2454,买盘
185,14:44:15,24.52,-0.02,5,12260,卖盘
186,14:44:12,24.54,0.02,17,41718,买盘
187,14:44:03,24.52,--,6,14712,买盘
188,14:43:57,24.52,-0.01,4,9808,卖盘
189,14:43:54,24.53,--,3,7359,卖盘
190,14:43:48,24.53,-0.01,4,9812,卖盘
191,14:43:39,24.54,--,18,44172,买盘
192,14:43:30,24.54,0.01,5,12270,买盘
193,14:43:09,24.53,0.02,1,2453,买盘
194,14:43:03,24.51,0.01,1,2451,中性盘
195,14:42:51,24.5,--,3,7350,卖盘
196,14:42:45,24.5,-0.04,17,41650,卖盘
197,14:42:30,24.54,0.04,2,4908,买盘
198,14:42:09,24.5,--,5,12250,卖盘
199,14:42:06,24.5,--,2,4900,买盘
200,14:42:03,24.5,--,20,49000,买盘
201,14:41:48,24.5,0.02,3,7350,买盘
202,14:41:45,24.48,--,1,2448,卖盘
203,14:41:42,24.48,--,17,41616,卖盘
204,14:41:39,24.48,0.01,5,12240,中性盘
205,14:41:27,24.47,-0.01,176,430672,卖盘
206,14:41:24,24.48,--,55,134640,卖盘
207,14:41:21,24.48,0.01,1,2448,中性盘
208,14:41:12,24.47,--,25,61175,卖盘
209,14:41:03,24.47,--,104,254488,卖盘
210,14:40:48,24.47,--,1,2447,卖盘
211,14:40:45,24.47,-0.09,10,24470,卖盘
212,14:40:42,24.56,0.1,1,2456,买盘
213,14:40:38,24.46,-0.1,10,24460,卖盘
214,14:40:29,24.56,0.1,1,2456,买盘
215,14:40:17,24.46,--,30,73380,卖盘
216,14:40:14,24.46,--,42,102732,中性盘
217,14:39:59,24.46,-0.01,49,119854,卖盘
218,14:39:50,24.47,--,30,73410,买盘
219,14:39:47,24.47,-0.05,130,318354,卖盘
220,14:39:38,24.52,-0.01,101,247652,卖盘
221,14:39:26,24.53,0.03,36,88308,买盘
222,14:39:23,24.5,-0.03,117,286650,卖盘
223,14:39:08,24.53,0.01,1,2453,买盘
224,14:39:05,24.52,--,18,44136,卖盘
225,14:38:56,24.52,--,3,7356,卖盘
226,14:38:53,24.52,0.02,49,120148,买盘
227,14:38:50,24.5,--,222,543900,卖盘
228,14:38:44,24.5,-0.01,200,490000,卖盘
229,14:38:32,24.51,0.01,36,88236,中性盘
230,14:38:26,24.5,-0.01,408,1001315,卖盘
231,14:38:23,24.51,--,45,110295,卖盘
232,14:38:20,24.51,--,7,17157,卖盘
233,14:38:14,24.51,-0.01,12,29412,卖盘
234,14:38:11,24.52,0.01,20,49040,买盘
235,14:38:05,24.51,--,5,12255,卖盘
236,14:37:59,24.51,-0.01,44,107844,卖盘
237,14:37:53,24.52,0.01,1,2452,买盘
238,14:37:47,24.51,--,34,83334,卖盘
239,14:37:44,24.51,--,201,492651,卖盘
240,14:37:41,24.51,--,5,12255,卖盘
241,14:37:35,24.51,--,3,7353,卖盘
242,14:37:29,24.51,--,7,17157,卖盘
243,14:37:23,24.51,-0.01,306,750006,卖盘
244,14:37:20,24.52,0.01,2,4904,中性盘
245,14:37:14,24.51,-0.02,178,436278,卖盘
246,14:37:11,24.53,--,1,2453,买盘
247,14:37:02,24.53,--,10,24530,买盘
248,14:36:50,24.53,-0.03,427,1047431,卖盘
249,14:36:47,24.56,0.02,34,83504,买盘
250,14:36:35,24.54,-0.02,10,24540,卖盘
251,14:36:32,24.56,0.02,1,2456,买盘
252,14:36:26,24.54,--,2,4908,卖盘
253,14:36:23,24.54,--,2,4908,卖盘
254,14:36:17,24.54,0.01,9,22086,买盘
255,14:36:14,24.53,--,2,4906,卖盘
256,14:36:08,24.53,-0.01,5,12265,卖盘
257,14:36:05,24.54,0.01,10,24540,买盘
258,14:36:02,24.53,-0.01,2,4906,卖盘
259,14:35:59,24.54,0.01,4,9816,买盘
260,14:35:56,24.53,-0.01,85,208505,卖盘
261,14:35:53,24.54,--,15,36810,买盘
262,14:35:50,24.54,0.01,7,17178,买盘
263,14:35:44,24.53,-0.01,15,36795,卖盘
264,14:35:41,24.54,0.01,25,61350,卖盘
265,14:35:38,24.53,-0.01,2,4906,卖盘
266,14:35:32,24.54,--,4,9816,卖盘
267,14:35:29,24.54,-0.02,2,4908,卖盘
268,14:35:26,24.56,0.02,15,36840,买盘
269,14:35:23,24.54,0.01,4,9816,中性盘
270,14:35:17,24.53,-0.03,2,4906,卖盘
271,14:35:14,24.56,-0.01,1,2456,卖盘
272,14:35:11,24.57,0.01,1,2457,买盘
273,14:35:05,24.56,--,6,14736,卖盘
274,14:34:41,24.56,0.03,7,17192,买盘
275,14:34:38,24.53,-0.03,11,26983,卖盘
276,14:34:35,24.56,0.03,1,2456,买盘
277,14:34:32,24.53,--,10,24530,卖盘
278,14:34:29,24.53,0.02,2,4906,中性盘
279,14:33:53,24.51,-0.07,306,750006,卖盘
280,14:33:29,24.58,--,71,174518,卖盘
281,14:33:26,24.58,0.03,5,12290,买盘
282,14:33:14,24.55,-0.03,24,58920,卖盘
283,14:33:11,24.58,0.03,5,12290,买盘
284,14:33:02,24.55,--,10,24550,卖盘
285,14:32:53,24.55,0.01,5,12275,中性盘
286,14:32:47,24.54,--,2,4908,买盘
287,14:32:41,24.54,--,5,12270,买盘
288,14:32:32,24.54,--,1,2454,买盘
289,14:32:29,24.54,--,12,29448,买盘
290,14:32:20,24.54,-0.01,20,49080,卖盘
291,14:32:17,24.55,0.04,4,9820,中性盘
292,14:32:08,24.51,-0.04,300,735300,卖盘
293,14:32:02,24.55,0.01,10,24550,买盘
294,14:31:56,24.54,--,4,9816,卖盘
295,14:31:53,24.54,--,58,142332,买盘
296,14:31:35,24.54,0.02,1,2454,买盘
297,14:31:23,24.52,--,11,29129,卖盘
298,14:31:20,24.52,-0.06,35,85820,卖盘
299,14:31:17,24.58,0.03,1,2458,买盘
300,14:31:14,24.55,0.03,1,2455,买盘
301,14:31:11,24.52,-0.01,1,2452,卖盘
302,14:31:08,24.53,-0.01,71,174163,卖盘
303,14:31:05,24.54,-0.02,5,12270,中性盘
304,14:30:44,24.56,--,9,22104,卖盘
305,14:30:41,24.56,0.05,26,63856,卖盘
306,14:30:35,24.51,--,220,539220,卖盘
307,14:30:32,24.51,--,4,9804,卖盘
308,14:30:29,24.51,-0.07,274,671574,卖盘
309,14:30:26,24.58,0.03,30,73740,买盘
310,14:30:23,24.55,-0.01,200,491000,卖盘
311,14:30:11,24.56,--,4,9824,卖盘
312,14:30:08,24.56,-0.02,4,9824,卖盘
313,14:29:59,24.58,0.02,6,14747,买盘
314,14:29:56,24.56,-0.02,114,279984,卖盘
315,14:29:44,24.58,-0.01,9,22122,卖盘
316,14:29:26,24.59,-0.01,2,4918,卖盘
317,14:29:23,24.6,0.01,4,9840,买盘
318,14:29:20,24.59,--,7,17213,卖盘
319,14:29:11,24.59,0.03,2,6147,买盘
320,14:29:08,24.56,-0.02,102,250512,卖盘
321,14:29:02,24.58,0.01,2,4916,中性盘
322,14:28:41,24.57,-0.02,4,9828,卖盘
323,14:28:38,24.59,0.01,1,2459,买盘
324,14:28:32,24.58,--,7,17206,买盘
325,14:28:29,24.58,--,17,43015,卖盘
326,14:28:26,24.58,-0.02,32,79885,卖盘
327,14:28:08,24.6,0.02,15,36900,买盘
328,14:27:59,24.58,--,16,39328,卖盘
329,14:27:47,24.58,-0.02,5,12290,卖盘
330,14:27:44,24.6,--,49,120909,卖盘
331,14:27:41,24.6,-0.04,50,123000,卖盘
332,14:27:32,24.64,--,1,2464,买盘
333,14:27:29,24.64,--,23,56672,买盘
334,14:27:26,24.64,-0.01,15,36960,卖盘
335,14:27:17,24.65,0.01,27,66555,买盘
336,14:27:11,24.64,-0.01,4,9856,卖盘
337,14:27:05,24.65,-0.03,3,7395,卖盘
338,14:26:41,24.68,-0.02,31,76804,卖盘
339,14:26:35,24.7,--,2,4940,卖盘
340,14:26:26,24.7,--,35,86450,卖盘
341,14:26:23,24.7,--,3,7410,卖盘
342,14:26:20,24.7,0.02,6,16993,买盘
343,14:26:05,24.68,-0.02,1,2468,卖盘
344,14:26:02,24.7,--,60,148496,卖盘
345,14:25:59,24.7,--,5,12350,卖盘
346,14:25:50,24.7,--,3,7410,卖盘
347,14:25:47,24.7,--,7,17290,卖盘
348,14:25:44,24.7,0.02,85,212123,买盘
349,14:25:41,24.68,-0.02,2,4936,卖盘
350,14:25:38,24.7,0.02,18,44460,买盘
351,14:25:35,24.68,--,537,1325316,卖盘
352,14:25:23,24.68,-0.02,10,24680,卖盘
353,14:25:20,24.7,0.02,26,64220,买盘
354,14:25:11,24.68,--,15,37020,卖盘
355,14:25:02,24.68,--,30,74040,买盘
356,14:24:47,24.68,-0.01,30,74040,卖盘
357,14:24:44,24.69,--,6,14814,买盘
358,14:24:41,24.69,--,2,4938,买盘
359,14:24:32,24.69,-0.01,170,420026,卖盘
360,14:24:26,24.7,0.01,25,63923,买盘
361,14:24:23,24.69,-0.01,1,2469,卖盘
362,14:24:20,24.7,--,5,12350,买盘
363,14:24:17,24.7,--,31,76866,卖盘
364,14:24:11,24.7,--,4,9880,卖盘
365,14:24:05,24.7,-0.01,18,44460,卖盘
366,14:24:02,24.71,0.01,43,106253,买盘
367,14:23:59,24.7,-0.01,39,97169,卖盘
368,14:23:47,24.71,0.02,82,203956,买盘
369,14:23:44,24.69,--,4,9876,卖盘
370,14:23:35,24.69,--,20,49380,卖盘
371,14:23:23,24.69,-0.01,26,64194,卖盘
372,14:23:20,24.7,--,19,46930,卖盘
373,14:23:11,24.7,0.01,11,27170,买盘
374,14:22:59,24.69,-0.02,11,27159,卖盘
375,14:22:47,24.71,--,64,160392,卖盘
376,14:22:41,24.71,--,6,14826,卖盘
377,14:22:35,24.71,--,39,98444,卖盘
378,14:22:32,24.71,0.02,50,124167,买盘
379,14:22:29,24.69,-0.02,4,9876,卖盘
380,14:22:17,24.71,0.01,69,170499,买盘
381,14:22:11,24.7,-0.01,4,11979,卖盘
382,14:22:08,24.71,0.01,1,2471,买盘
383,14:22:02,24.7,--,4,9880,卖盘
384,14:21:56,24.7,--,169,417800,卖盘
385,14:21:35,24.7,-0.02,7,17290,卖盘
386,14:21:32,24.72,0.02,14,34608,买盘
387,14:21:26,24.7,--,80,197600,卖盘
388,14:21:17,24.7,--,14,34580,卖盘
389,14:21:14,24.7,0.06,40,100405,买盘
390,14:21:11,24.64,-0.06,20,49280,中性盘
391,14:21:05,24.7,0.02,33,81510,买盘
392,14:20:59,24.68,--,4,9872,卖盘
393,14:20:53,24.68,-0.02,4,9872,卖盘
394,14:20:41,24.7,--,1,2470,买盘
395,14:20:38,24.7,-0.03,191,471770,卖盘
396,14:20:32,24.73,--,1,2473,买盘
397,14:20:26,24.73,--,5,13280,卖盘
398,14:20:08,24.73,-0.04,37,93058,卖盘
399,14:20:05,24.77,--,13,33687,卖盘
400,14:20:02,24.77,--,100,247700,卖盘
401,14:19:58,24.77,0.04,46,114932,买盘
402,14:19:55,24.73,-0.04,11,27203,卖盘
403,14:19:43,24.77,0.04,11,27247,买盘
404,14:19:34,24.73,-0.03,17,42041,卖盘
405,14:19:25,24.76,--,91,225316,卖盘
406,14:19:19,24.76,-0.01,73,180748,中性盘
407,14:19:16,24.77,--,5,12385,买盘
408,14:19:13,24.77,--,28,69356,买盘
409,14:19:07,24.77,--,59,147158,卖盘
410,14:19:01,24.77,-0.01,3,8892,卖盘
411,14:18:58,24.78,0.01,12,29736,买盘
412,14:18:55,24.77,-0.01,312,772824,卖盘
413,14:18:49,24.78,--,27,66906,卖盘
414,14:18:46,24.78,--,5,12390,卖盘
415,14:18:43,24.78,0.02,113,280014,买盘
416,14:18:37,24.76,--,7,17332,卖盘
417,14:18:28,24.76,0.01,15,37140,卖盘
418,14:18:25,24.75,--,10,24750,卖盘
419,14:18:10,24.75,-0.05,10,24750,卖盘
420,14:18:07,24.8,0.05,1,2480,买盘
421,14:18:04,24.75,--,19,47025,卖盘
422,14:18:01,24.75,0.02,299,740025,买盘
423,14:17:58,24.73,0.01,7,17311,卖盘
424,14:17:52,24.72,--,148,365856,买盘
425,14:17:46,24.72,-0.04,172,425184,卖盘
426,14:17:43,24.76,0.04,478,1183528,买盘
427,14:17:25,24.72,--,17,42024,买盘
428,14:17:13,24.72,0.02,34,84048,买盘
429,14:17:10,24.7,--,2,4940,卖盘
430,14:17:07,24.7,--,3,7410,卖盘
431,14:17:01,24.7,--,10,24700,卖盘
432,14:16:49,24.7,0.1,84,207480,买盘
433,14:16:37,24.6,-0.01,204,501840,卖盘
434,14:16:34,24.61,0.01,17,41837,中性盘
435,14:16:07,24.6,--,88,218571,买盘
436,14:16:04,24.6,--,10,24600,买盘
437,14:15:58,24.6,--,99,243540,买盘
438,14:15:55,24.6,--,95,233700,买盘
439,14:15:49,24.6,--,20,49200,买盘
440,14:15:43,24.6,--,46,113160,买盘
441,14:15:40,24.6,--,30,73800,买盘
442,14:15:37,24.6,-0.1,632,1554720,卖盘
443,14:15:34,24.7,--,1,2470,卖盘
444,14:15:31,24.7,--,128,316160,买盘
445,14:15:28,24.7,--,1,2470,买盘
446,14:15:19,24.7,0.04,26,64220,买盘
447,14:15:16,24.66,-0.01,26,64116,卖盘
448,14:15:07,24.67,-0.03,6,14802,卖盘
449,14:15:01,24.7,--,3,7410,买盘
450,14:14:49,24.7,--,179,442130,买盘
451,14:14:46,24.7,--,4,9880,买盘
452,14:14:40,24.7,0.02,33,81510,中性盘
453,14:14:37,24.68,-0.07,23,56764,卖盘
454,14:14:34,24.75,-0.02,6,14850,卖盘
455,14:14:28,24.77,0.01,12,29724,买盘
456,14:14:25,24.76,--,1,2476,卖盘
457,14:14:22,24.76,--,102,252552,卖盘
458,14:14:16,24.76,--,5,12380,卖盘
459,14:14:13,24.76,--,44,108944,买盘
460,14:14:07,24.76,0.01,1,2476,买盘
461,14:14:01,24.75,-0.01,10,24750,卖盘
462,14:13:52,24.76,--,5,12380,买盘
463,14:13:46,24.76,0.01,1,2476,买盘
464,14:13:43,24.75,--,4,9900,卖盘
465,14:13:37,24.75,-0.01,30,74250,卖盘
466,14:13:34,24.76,0.02,91,225316,买盘
467,14:13:28,24.74,--,10,24740,卖盘
468,14:13:25,24.74,0.01,69,173155,买盘
469,14:13:19,24.73,0.02,1,2473,买盘
470,14:13:16,24.71,--,1,2471,买盘
471,14:13:13,24.71,0.02,27,66717,买盘
472,14:13:07,24.69,-0.01,4,9876,卖盘
473,14:13:04,24.7,0.01,8,19760,买盘
474,14:13:01,24.69,0.02,1,2469,中性盘
475,14:12:55,24.67,-0.03,10,24670,卖盘
476,14:12:52,24.7,0.03,6,14820,买盘
477,14:12:34,24.67,-0.03,4,9868,卖盘
478,14:12:19,24.7,--,163,402610,买盘
479,14:12:16,24.7,--,49,121696,卖盘
480,14:12:13,24.7,--,8,22032,卖盘
481,14:12:07,24.7,--,163,402610,卖盘
482,14:12:04,24.7,--,7,17290,卖盘
483,14:11:34,24.7,0.03,8,21760,买盘
484,14:11:31,24.67,-0.06,17,41939,卖盘
485,14:11:28,24.73,-0.01,11,28538,卖盘
486,14:11:25,24.74,--,20,49480,卖盘
487,14:11:19,24.74,0.01,115,284510,买盘
488,14:11:16,24.73,-0.01,30,74190,卖盘
489,14:11:10,24.74,0.01,58,144630,买盘
490,14:11:07,24.73,--,14,34622,卖盘
491,14:11:01,24.73,0.03,64,158272,买盘
492,14:10:58,24.7,--,10,24700,卖盘
493,14:10:55,24.7,-0.03,160,395200,卖盘
494,14:10:52,24.73,--,4,9892,买盘
495,14:10:43,24.73,--,8,19784,买盘
496,14:10:37,24.73,--,64,158272,卖盘
497,14:10:31,24.73,--,13,32149,卖盘
498,14:10:25,24.73,--,2,4946,卖盘
499,14:10:22,24.73,0.01,128,316544,买盘
500,14:10:19,24.72,-0.01,10,24720,卖盘
501,14:10:13,24.73,0.01,1,2473,买盘
502,14:10:10,24.72,0.02,4,9888,买盘
503,14:09:52,24.7,-0.02,5,12350,卖盘
504,14:09:46,24.72,--,157,388104,买盘
505,14:09:34,24.72,0.01,13,32136,买盘
506,14:09:19,24.71,--,54,133434,卖盘
507,14:09:07,24.71,0.01,4,9884,买盘
508,14:09:04,24.7,--,18,44460,卖盘
509,14:09:01,24.7,--,32,79040,卖盘
510,14:08:52,24.7,-0.01,5,12350,卖盘
511,14:08:34,24.71,--,2,4942,买盘
512,14:08:04,24.71,--,83,205093,卖盘
513,14:07:52,24.71,--,20,49420,卖盘
514,14:07:49,24.71,--,62,153202,买盘
515,14:07:34,24.71,--,1,2471,买盘
516,14:07:31,24.71,-0.02,44,108724,卖盘
517,14:07:25,24.73,--,14,34622,买盘
518,14:07:19,24.73,0.01,25,61825,买盘
519,14:07:13,24.72,-0.01,100,247200,中性盘
520,14:07:01,24.73,--,25,61825,买盘
521,14:06:46,24.73,--,28,69244,卖盘
522,14:06:43,24.73,--,59,145907,卖盘
523,14:06:34,24.73,0.01,69,170637,买盘
524,14:06:31,24.72,-0.01,4,9888,卖盘
525,14:06:19,24.73,--,1,2473,买盘
526,14:06:16,24.73,-0.01,1,2473,卖盘
527,14:06:10,24.74,--,4,9896,买盘
528,14:06:04,24.74,-0.01,45,111330,卖盘
529,14:06:01,24.75,--,130,321750,卖盘
530,14:05:55,24.75,0.01,264,653400,买盘
531,14:05:52,24.74,-0.01,6,14843,卖盘
532,14:05:46,24.75,-0.02,205,507375,卖盘
533,14:05:40,24.77,0.01,14,34678,买盘
534,14:05:37,24.76,0.01,2,4952,中性盘
535,14:05:34,24.75,-0.01,25,61875,卖盘
536,14:05:31,24.76,0.01,31,76756,买盘
537,14:05:28,24.75,--,2,4950,卖盘
538,14:05:25,24.75,--,30,74250,卖盘
539,14:05:22,24.75,--,5,12375,卖盘
540,14:05:19,24.75,--,20,49500,买盘
541,14:05:16,24.75,0.01,25,61875,买盘
542,14:05:13,24.74,--,45,111330,卖盘
543,14:05:10,24.74,--,34,84116,卖盘
544,14:05:04,24.74,--,69,170706,买盘
545,14:04:58,24.74,0.01,1,2474,买盘
546,14:04:55,24.73,--,22,54406,卖盘
547,14:04:43,24.73,0.02,8,19784,卖盘
548,14:04:34,24.71,--,19,46949,卖盘
549,14:04:31,24.71,-0.04,5,12355,卖盘
550,14:04:25,24.75,0.04,110,272250,买盘
551,14:04:16,24.71,--,5,12355,卖盘
552,14:04:13,24.71,--,6,14826,中性盘
553,14:04:10,24.71,0.01,3,7413,买盘
554,14:04:01,24.7,--,4,9880,卖盘
555,14:03:58,24.7,0.05,2514,6210568,买盘
556,14:03:55,24.65,-0.01,16,39440,卖盘
557,14:03:37,24.66,--,18,44388,买盘
558,14:03:31,24.66,0.01,14,34524,买盘
559,14:03:19,24.65,0.02,1,2465,卖盘
560,14:03:10,24.63,-0.02,56,137928,中性盘
561,14:03:04,24.65,--,18,44370,卖盘
562,14:02:58,24.65,0.01,304,749360,买盘
563,14:02:55,24.64,0.03,29,71456,买盘
564,14:02:37,24.61,0.01,7,17227,买盘
565,14:02:31,24.6,-0.01,1,2460,卖盘
566,14:02:25,24.61,0.01,5,12305,买盘
567,14:02:22,24.6,-0.01,10,24600,卖盘
568,14:02:16,24.61,0.01,10,24610,买盘
569,14:02:04,24.6,--,40,98400,卖盘
570,14:02:01,24.6,--,1,2460,卖盘
571,14:01:55,24.6,-0.01,1,2460,卖盘
572,14:01:49,24.61,0.01,20,49220,买盘
573,14:01:46,24.6,-0.01,4,9840,卖盘
574,14:01:37,24.61,0.01,2,4922,中性盘
575,14:01:34,24.6,-0.01,28,68880,卖盘
576,14:01:28,24.61,-0.04,24,59064,卖盘
577,14:01:19,24.65,0.04,12,29580,买盘
578,14:01:16,24.61,--,26,63986,卖盘
579,14:01:13,24.61,--,6,14766,卖盘
580,14:01:10,24.61,--,20,49220,卖盘
581,14:01:07,24.61,-0.04,45,110745,卖盘
582,14:01:04,24.65,-0.01,5,12325,卖盘
583,14:00:58,24.66,0.05,1,2466,买盘
584,14:00:55,24.61,-0.05,12,29532,卖盘
585,14:00:52,24.66,0.02,29,71514,买盘
586,14:00:40,24.64,0.04,3,7392,买盘
587,14:00:36,24.6,-0.01,20,49200,卖盘
588,14:00:30,24.61,0.01,4,9844,中性盘
589,14:00:12,24.6,-0.06,6,14760,中性盘
590,14:00:06,24.66,0.06,9,22194,买盘
591,14:00:03,24.6,--,14,34440,卖盘
592,14:00:00,24.6,--,20,49200,卖盘
593,13:59:57,24.6,-0.07,36,88560,卖盘
594,13:59:51,24.67,--,12,29604,买盘
595,13:59:42,24.67,--,1,2467,买盘
596,13:59:33,24.67,--,5,12335,买盘
597,13:59:30,24.67,-0.02,61,150487,卖盘
598,13:59:27,24.69,--,7,17283,买盘
599,13:59:21,24.69,0.01,12,29628,买盘
600,13:59:18,24.68,--,20,49360,买盘
601,13:59:15,24.68,--,45,111060,买盘
602,13:59:06,24.68,-0.01,37,91316,卖盘
603,13:59:00,24.69,0.01,5,12345,买盘
604,13:58:54,24.68,-0.01,5,12340,卖盘
605,13:58:45,24.69,0.01,8,19752,买盘
606,13:58:39,24.68,-0.01,2,4936,中性盘
607,13:58:33,24.69,0.02,20,49380,买盘
608,13:58:30,24.67,-0.02,4,9868,卖盘
609,13:58:27,24.69,0.01,95,234555,买盘
610,13:58:21,24.68,0.01,2,4936,买盘
611,13:58:15,24.67,-0.01,20,49340,卖盘
612,13:58:12,24.68,-0.01,8,19744,买盘
613,13:58:06,24.69,0.02,100,246900,买盘
614,13:57:54,24.67,--,30,74010,买盘
615,13:57:51,24.67,0.01,3,7401,买盘
616,13:57:36,24.66,--,13,32058,买盘
617,13:57:33,24.66,--,2,4932,买盘
618,13:57:27,24.66,0.03,2,4932,买盘
619,13:57:24,24.63,-0.02,2,4926,卖盘
620,13:57:21,24.65,0.01,16,39440,买盘
621,13:57:18,24.64,--,4,9856,买盘
622,13:57:12,24.64,0.01,3,7392,买盘
623,13:57:09,24.63,0.06,30,75121,买盘
624,13:57:06,24.57,-0.03,2,4914,卖盘
625,13:57:03,24.6,--,1,2460,买盘
626,13:57:00,24.6,0.04,3,7380,买盘
627,13:56:51,24.56,--,380,933280,卖盘
628,13:56:36,24.56,--,2,4912,卖盘
629,13:56:33,24.56,--,7,17192,买盘
630,13:56:30,24.56,--,25,61400,买盘
631,13:56:27,24.56,0.01,171,419976,买盘
632,13:56:24,24.55,-0.01,5,12275,卖盘
633,13:56:12,24.56,--,4,9824,买盘
634,13:56:09,24.56,--,5,12280,买盘
635,13:56:03,24.56,--,59,144904,买盘
636,13:55:48,24.56,-0.07,128,314368,卖盘
637,13:55:42,24.63,0.04,2,4926,买盘
638,13:55:39,24.59,-0.01,6,14754,中性盘
639,13:55:36,24.6,--,15,36900,买盘
640,13:55:30,24.6,-0.03,97,238620,卖盘
641,13:55:27,24.63,--,2,4926,买盘
642,13:55:21,24.63,--,14,34482,买盘
643,13:55:18,24.63,0.03,64,157632,买盘
644,13:55:15,24.6,-0.03,2,4920,卖盘
645,13:55:12,24.63,0.03,2,4926,买盘
646,13:55:06,24.6,-0.03,3,7380,卖盘
647,13:54:54,24.63,--,302,743826,买盘
648,13:54:51,24.63,-0.02,102,251226,卖盘
649,13:54:48,24.65,0.02,19,46835,买盘
650,13:54:45,24.63,-0.01,12,29556,卖盘
651,13:54:42,24.64,0.01,51,125664,买盘
652,13:54:36,24.63,--,3,7389,卖盘
653,13:54:30,24.63,--,2,4926,卖盘
654,13:54:21,24.63,--,7,17241,卖盘
655,13:54:18,24.63,--,5,12315,卖盘
656,13:54:09,24.63,-0.01,25,61575,卖盘
657,13:54:03,24.64,--,52,128128,卖盘
658,13:54:00,24.64,--,6,14784,卖盘
659,13:53:54,24.64,-0.01,30,73920,卖盘
660,13:53:48,24.65,--,20,49300,买盘
661,13:53:45,24.65,0.01,1,2465,买盘
662,13:53:39,24.64,--,21,51744,卖盘
663,13:53:36,24.64,--,50,123200,卖盘
664,13:53:24,24.64,--,16,39424,买盘
665,13:53:21,24.64,--,12,29568,买盘
666,13:53:18,24.64,--,7,17248,买盘
667,13:53:09,24.64,--,10,24640,买盘
668,13:53:06,24.64,--,28,68992,买盘
669,13:53:03,24.64,0.01,1,2464,买盘
670,13:52:54,24.63,--,1,2463,卖盘
671,13:52:51,24.63,-0.01,15,36945,卖盘
672,13:52:36,24.64,-0.01,15,36960,卖盘
673,13:52:30,24.65,--,10,24650,买盘
674,13:52:15,24.65,--,7,17255,买盘
675,13:52:09,24.65,--,2,4930,买盘
676,13:52:03,24.65,0.02,14,34510,中性盘
677,13:52:00,24.63,--,10,24630,卖盘
678,13:51:51,24.63,-0.02,38,93594,卖盘
679,13:51:48,24.65,0.02,7,17255,买盘
680,13:51:42,24.63,0.01,6,14778,买盘
681,13:51:39,24.62,-0.01,14,34468,卖盘
682,13:51:33,24.63,--,17,41871,买盘
683,13:51:30,24.63,0.01,10,24630,买盘
684,13:51:24,24.62,-0.03,4,9848,中性盘
685,13:51:15,24.65,0.04,14,34510,买盘
686,13:51:09,24.61,-0.04,4,9844,卖盘
687,13:51:06,24.65,0.04,10,24650,买盘
688,13:51:03,24.61,-0.01,17,41837,卖盘
689,13:50:57,24.62,0.01,29,71398,买盘
690,13:50:54,24.61,-0.02,1,2461,卖盘
691,13:50:51,24.63,--,13,32019,买盘
692,13:50:42,24.63,0.01,16,39408,买盘
693,13:50:39,24.62,0.01,6,14772,买盘
694,13:50:33,24.61,-0.01,29,71369,卖盘
695,13:50:27,24.62,0.02,54,132948,买盘
696,13:50:12,24.6,--,4,9840,卖盘
697,13:50:09,24.6,-0.02,4,9840,卖盘
698,13:50:06,24.62,0.02,14,34468,买盘
699,13:50:00,24.6,--,60,148780,买盘
700,13:49:57,24.6,--,11,27060,买盘
701,13:49:51,24.6,--,16,39360,买盘
702,13:49:48,24.6,--,1,2460,买盘
703,13:49:45,24.6,-0.02,581,1430539,卖盘
704,13:49:42,24.62,0.02,56,138536,买盘
705,13:49:39,24.6,-0.02,8,20196,卖盘
706,13:49:36,24.62,0.01,101,248662,买盘
707,13:49:33,24.61,-0.01,21,51681,中性盘
708,13:49:27,24.62,0.02,2,4924,买盘
709,13:49:18,24.6,0.04,120,295200,买盘
710,13:49:12,24.56,--,53,130168,买盘
711,13:49:09,24.56,--,6,14736,买盘
712,13:49:06,24.56,--,25,61400,买盘
713,13:49:03,24.56,--,81,198936,买盘
714,13:49:00,24.56,--,4,9824,买盘
715,13:48:54,24.56,0.01,130,319280,买盘
716,13:48:51,24.55,-0.01,1,2455,卖盘
717,13:48:48,24.56,--,4,9824,买盘
718,13:48:42,24.56,0.01,2,4912,买盘
719,13:48:39,24.55,-0.01,7,17185,卖盘
720,13:48:36,24.56,0.01,23,56488,买盘
721,13:48:18,24.55,0.03,60,147300,买盘
722,13:48:12,24.52,--,2,4904,卖盘
723,13:48:09,24.52,--,79,193708,买盘
724,13:48:06,24.52,--,118,289336,买盘
725,13:48:03,24.52,--,33,80916,买盘
726,13:48:00,24.52,--,5,12260,买盘
727,13:47:57,24.52,--,169,414388,买盘
728,13:47:54,24.52,--,94,230488,买盘
729,13:47:45,24.52,0.01,23,56396,买盘
730,13:47:42,24.51,-0.01,2,4902,卖盘
731,13:47:36,24.52,--,27,66204,买盘
732,13:47:33,24.52,--,14,34328,买盘
733,13:47:27,24.52,-0.03,67,164284,卖盘
734,13:47:18,24.55,0.03,4,9820,买盘
735,13:47:15,24.52,-0.03,9,22068,卖盘
736,13:47:09,24.55,--,23,56465,买盘
737,13:47:06,24.55,--,3,7365,买盘
738,13:47:00,24.55,--,8,19640,买盘
739,13:46:57,24.55,--,9,22095,买盘
740,13:46:48,24.55,--,12,29460,买盘
741,13:46:39,24.55,0.04,2,4910,买盘
742,13:46:36,24.51,--,13,31863,卖盘
743,13:46:33,24.51,-0.04,17,41667,卖盘
744,13:46:30,24.55,--,1,2455,买盘
745,13:46:27,24.55,--,21,51555,买盘
746,13:46:21,24.55,--,5,12275,买盘
747,13:46:15,24.55,0.05,53,130115,中性盘
748,13:46:00,24.5,-0.06,6,14700,卖盘
749,13:45:57,24.56,0.06,129,316824,买盘
750,13:45:51,24.5,--,6,14700,卖盘
751,13:45:48,24.5,--,4,9800,卖盘
752,13:45:42,24.5,-0.06,310,759500,卖盘
753,13:45:39,24.56,--,26,63856,买盘
754,13:45:27,24.56,0.03,11,27016,买盘
755,13:45:18,24.53,-0.03,4,9812,卖盘
756,13:45:15,24.56,--,14,34384,买盘
757,13:45:12,24.56,0.01,25,61400,买盘
758,13:45:06,24.55,0.02,20,49100,买盘
759,13:45:03,24.53,-0.02,18,44154,卖盘
760,13:44:57,24.55,--,51,125205,买盘
761,13:44:54,24.55,0.02,2,4910,买盘
762,13:44:45,24.53,-0.02,15,36795,卖盘
763,13:44:42,24.55,-0.03,112,274960,卖盘
764,13:44:39,24.58,--,5,12290,买盘
765,13:44:15,24.58,0.02,9,22122,买盘
766,13:44:12,24.56,-0.01,4,9824,卖盘
767,13:44:06,24.57,0.01,1,2457,买盘
768,13:43:57,24.56,0.01,47,115432,买盘
769,13:43:54,24.55,0.02,1,2455,买盘
770,13:43:48,24.53,--,129,316437,卖盘
771,13:43:45,24.53,--,2,4906,卖盘
772,13:43:42,24.53,0.01,99,242847,中性盘
773,13:43:36,24.52,-0.01,32,78464,卖盘
774,13:43:33,24.53,-0.02,32,78496,中性盘
775,13:43:27,24.55,0.02,241,591655,买盘
776,13:43:24,24.53,--,14,34342,买盘
777,13:43:15,24.53,--,122,299266,买盘
778,13:43:09,24.53,--,455,1116115,买盘
779,13:43:06,24.53,--,45,110385,买盘
780,13:43:03,24.53,-0.02,277,679481,卖盘
781,13:42:57,24.55,--,39,95745,买盘
782,13:42:54,24.55,--,19,46645,买盘
783,13:42:51,24.55,--,2,4910,买盘
784,13:42:48,24.55,--,2,4910,买盘
785,13:42:45,24.55,--,3,7365,买盘
786,13:42:42,24.55,--,58,142390,卖盘
787,13:42:33,24.55,-0.01,7,17185,卖盘
788,13:42:18,24.56,--,3,7368,买盘
789,13:42:12,24.56,0.01,10,24560,买盘
790,13:42:06,24.55,-0.01,6,14730,卖盘
791,13:42:03,24.56,-0.01,3,7368,卖盘
792,13:42:00,24.57,0.01,5,12285,买盘
793,13:41:51,24.56,--,48,117888,买盘
794,13:41:45,24.56,--,2,4912,买盘
795,13:41:36,24.56,--,3,7368,买盘
796,13:41:33,24.56,--,15,36840,买盘
797,13:41:18,24.56,--,1,2456,买盘
798,13:41:15,24.56,--,2,4912,买盘
799,13:41:12,24.56,0.01,22,54032,买盘
800,13:41:09,24.55,--,7,17185,卖盘
801,13:40:57,24.55,-0.01,4,9820,卖盘
802,13:40:54,24.56,--,2,4912,买盘
803,13:40:48,24.56,0.01,5,12280,买盘
804,13:40:42,24.55,-0.01,4,9820,中性盘
805,13:40:36,24.56,--,12,29472,卖盘
806,13:40:29,24.56,0.04,5,12280,买盘
807,13:40:26,24.52,-0.04,4,9808,卖盘
808,13:40:08,24.56,--,11,27016,买盘
809,13:39:56,24.56,0.05,422,1036432,买盘
810,13:39:53,24.51,--,8,19608,卖盘
811,13:39:47,24.51,-0.01,5,12255,卖盘
812,13:39:35,24.52,--,7,17164,买盘
813,13:39:32,24.52,--,6,14712,买盘
814,13:39:26,24.52,0.01,2,4904,买盘
815,13:39:23,24.51,-0.01,14,34314,中性盘
816,13:39:17,24.52,--,10,24520,买盘
817,13:39:14,24.52,0.02,47,115244,中性盘
818,13:39:08,24.5,-0.06,259,635162,卖盘
819,13:39:05,24.56,0.01,48,117888,买盘
820,13:38:56,24.55,0.03,36,88380,买盘
821,13:38:50,24.52,--,5,12260,卖盘
822,13:38:38,24.52,--,147,361841,买盘
823,13:38:29,24.52,--,5,12260,买盘
824,13:38:23,24.52,--,49,120148,买盘
825,13:38:14,24.52,--,33,80916,买盘
826,13:38:02,24.52,--,64,156928,买盘
827,13:37:56,24.52,--,6,14712,买盘
828,13:37:53,24.52,--,5,12260,买盘
829,13:37:50,24.52,0.02,10,24520,买盘
830,13:37:44,24.5,-0.02,4,9800,卖盘
831,13:37:38,24.52,0.01,14,34328,买盘
832,13:37:32,24.51,--,9,22059,卖盘
833,13:37:29,24.51,-0.01,6,14706,卖盘
834,13:37:26,24.52,0.01,33,80916,买盘
835,13:37:23,24.51,0.01,3,7353,中性盘
836,13:37:14,24.5,-0.01,19,46550,卖盘
837,13:37:11,24.51,--,20,49020,买盘
838,13:37:08,24.51,--,10,24510,买盘
839,13:36:59,24.51,--,20,49020,买盘
840,13:36:56,24.51,0.02,18,44118,买盘
841,13:36:53,24.49,--,2,4898,卖盘
842,13:36:47,24.49,--,1,2449,卖盘
843,13:36:41,24.49,--,4,9796,卖盘
844,13:36:38,24.49,--,28,69796,买盘
845,13:36:35,24.49,--,123,301227,买盘
846,13:36:32,24.49,-0.01,187,459187,卖盘
847,13:36:29,24.5,--,6,14700,买盘
848,13:36:17,24.5,--,5,12250,买盘
849,13:36:14,24.5,--,14,34300,买盘
850,13:36:11,24.5,0.01,3,7350,买盘
851,13:36:08,24.49,--,18,44082,卖盘
852,13:36:02,24.49,-0.01,5,12245,卖盘
853,13:35:56,24.5,--,43,105350,买盘
854,13:35:53,24.5,--,24,58800,买盘
855,13:35:50,24.5,--,8,19600,买盘
856,13:35:38,24.5,0.01,111,271950,买盘
857,13:35:32,24.49,-0.01,50,122449,卖盘
858,13:35:29,24.5,--,2,4900,买盘
859,13:35:26,24.5,--,7,17150,买盘
860,13:35:14,24.5,--,26,63700,买盘
861,13:35:05,24.5,--,6,14700,买盘
862,13:35:02,24.5,--,1,2450,买盘
863,13:34:59,24.5,0.01,28,68600,买盘
864,13:34:56,24.49,-0.01,10,24490,卖盘
865,13:34:50,24.5,0.01,17,41650,买盘
866,13:34:47,24.49,-0.01,10,25714,卖盘
867,13:34:41,24.5,0.01,3,7350,买盘
868,13:34:35,24.49,-0.01,26,63673,卖盘
869,13:34:32,24.5,0.01,1,2450,买盘
870,13:34:26,24.49,--,20,48980,卖盘
871,13:34:23,24.49,-0.01,4,9796,卖盘
872,13:34:17,24.5,--,65,159250,买盘
873,13:34:08,24.5,--,11,26950,买盘
874,13:34:02,24.5,--,22,53900,买盘
875,13:33:59,24.5,--,86,210700,买盘
876,13:33:56,24.5,0.01,28,68600,买盘
877,13:33:53,24.49,--,5,12245,卖盘
878,13:33:47,24.49,-0.01,74,181226,卖盘
879,13:33:35,24.5,-0.01,139,340550,卖盘
880,13:33:32,24.51,--,3,7353,卖盘
881,13:33:26,24.51,--,29,71079,买盘
882,13:33:23,24.51,--,1,2451,买盘
883,13:33:17,24.51,0.01,74,181374,买盘
884,13:33:14,24.5,-0.01,5,12250,卖盘
885,13:33:11,24.51,0.01,13,31863,买盘
886,13:33:08,24.5,--,23,56350,卖盘
887,13:32:59,24.5,0.01,110,269500,买盘
888,13:32:56,24.49,--,8,19592,买盘
889,13:32:53,24.49,0.01,9,22041,买盘
890,13:32:50,24.48,--,3,7344,卖盘
891,13:32:44,24.48,--,25,61200,卖盘
892,13:32:38,24.48,--,3,7344,卖盘
893,13:32:35,24.48,--,24,58752,卖盘
894,13:32:32,24.48,--,3,7344,卖盘
895,13:32:29,24.48,--,6,14688,卖盘
896,13:32:17,24.48,0.08,15,36720,买盘
897,13:32:08,24.4,--,20,48800,卖盘
898,13:32:02,24.4,--,101,247830,卖盘
899,13:31:56,24.4,0.01,1,2440,买盘
900,13:31:50,24.39,-0.01,5,12195,卖盘
901,13:31:47,24.4,0.02,32,78080,买盘
902,13:31:44,24.38,-0.01,303,738714,卖盘
903,13:31:41,24.39,-0.01,5,12195,卖盘
904,13:31:38,24.4,--,18,43920,买盘
905,13:31:35,24.4,-0.09,480,1171200,卖盘
906,13:31:26,24.49,-0.01,44,107756,买盘
907,13:31:20,24.5,-0.01,4,9800,卖盘
908,13:31:17,24.51,0.01,89,218139,买盘
909,13:31:14,24.5,--,10,24500,卖盘
910,13:31:11,24.5,--,13,31850,卖盘
911,13:31:08,24.5,0.05,4,9800,中性盘
912,13:31:02,24.45,-0.05,230,562350,卖盘
913,13:30:59,24.5,--,33,80850,买盘
914,13:30:53,24.5,0.01,3,7350,买盘
915,13:30:50,24.49,-0.01,17,41633,卖盘
916,13:30:44,24.5,--,7,17150,卖盘
917,13:30:41,24.5,-0.01,135,330750,卖盘
918,13:30:35,24.51,--,4,9804,买盘
919,13:30:26,24.51,--,10,24510,买盘
920,13:30:17,24.51,--,16,39216,买盘
921,13:30:14,24.51,--,50,122550,买盘
922,13:30:11,24.51,--,4,9804,卖盘
923,13:30:08,24.51,--,26,63726,卖盘
924,13:30:02,24.51,--,6,14706,卖盘
925,13:29:56,24.51,--,10,24510,卖盘
926,13:29:38,24.51,-0.01,4,9804,中性盘
927,13:29:35,24.52,0.02,8,19616,买盘
928,13:29:29,24.5,-0.02,69,169050,卖盘
929,13:29:26,24.52,--,20,49040,买盘
930,13:29:20,24.52,0.01,1,2452,买盘
931,13:29:14,24.51,0.01,33,80883,买盘
932,13:29:11,24.5,--,30,73500,卖盘
933,13:29:05,24.5,--,87,213150,买盘
934,13:28:59,24.5,0.01,32,78400,买盘
935,13:28:56,24.49,0.04,19,46531,买盘
936,13:28:53,24.45,-0.04,300,733500,卖盘
937,13:28:47,24.49,--,52,127347,卖盘
938,13:28:44,24.49,--,1,2449,卖盘
939,13:28:41,24.49,-0.01,37,90613,卖盘
940,13:28:35,24.5,--,317,776723,卖盘
941,13:28:23,24.5,-0.01,80,196000,卖盘
942,13:28:17,24.51,--,57,139707,买盘
943,13:28:05,24.51,--,10,24510,买盘
944,13:28:02,24.51,--,108,264708,卖盘
945,13:27:59,24.51,-0.01,9,22059,卖盘
946,13:27:53,24.52,0.01,26,63752,买盘
947,13:27:47,24.51,--,18,44118,卖盘
948,13:27:41,24.51,--,10,24510,卖盘
949,13:27:35,24.51,-0.01,40,98040,卖盘
950,13:27:29,24.52,--,6,14712,买盘
951,13:27:26,24.52,--,1,2452,买盘
952,13:27:17,24.52,--,120,294240,卖盘
953,13:27:05,24.52,-0.02,35,85820,卖盘
954,13:27:02,24.54,0.02,23,56442,买盘
955,13:26:59,24.52,-0.01,7,17164,卖盘
956,13:26:56,24.53,--,17,41701,买盘
957,13:26:47,24.53,0.01,1,2453,买盘
958,13:26:41,24.52,-0.01,4,11696,卖盘
959,13:26:38,24.53,-0.02,40,98684,中性盘
960,13:26:35,24.55,--,13,31915,买盘
961,13:26:32,24.55,0.02,21,51555,买盘
962,13:26:26,24.53,--,10,24530,卖盘
963,13:26:23,24.53,-0.02,15,36795,卖盘
964,13:26:20,24.55,--,2,4910,卖盘
965,13:26:17,24.55,0.03,6,14730,买盘
966,13:25:59,24.52,-0.03,20,49040,卖盘
967,13:25:53,24.55,--,8,19640,买盘
968,13:25:35,24.55,--,12,29460,卖盘
969,13:25:26,24.55,0.04,6,14730,中性盘
970,13:25:17,24.51,-0.06,52,127452,卖盘
971,13:25:11,24.57,--,12,29484,买盘
972,13:25:08,24.57,--,67,164619,卖盘
973,13:24:59,24.57,--,39,95823,卖盘
974,13:24:53,24.57,--,2,4914,卖盘
975,13:24:47,24.57,--,31,76167,卖盘
976,13:24:41,24.57,-0.01,1,2457,卖盘
977,13:24:38,24.58,--,8,19664,买盘
978,13:24:35,24.58,--,38,93404,买盘
979,13:24:26,24.58,--,8,19664,买盘
980,13:24:23,24.58,--,1,2458,买盘
981,13:24:17,24.58,--,22,54075,买盘
982,13:24:08,24.58,--,1,2458,买盘
983,13:24:05,24.58,0.01,40,98320,买盘
984,13:24:02,24.57,--,17,41769,卖盘
985,13:23:56,24.57,-0.01,51,126535,卖盘
986,13:23:53,24.58,0.01,24,58991,买盘
987,13:23:47,24.57,--,4,9828,卖盘
988,13:23:41,24.57,-0.01,60,147420,卖盘
989,13:23:35,24.58,0.01,33,81114,买盘
990,13:23:26,24.57,--,4,9828,卖盘
991,13:23:23,24.57,--,13,31941,卖盘
992,13:23:20,24.57,--,23,56511,卖盘
993,13:23:17,24.57,--,310,761670,卖盘
994,13:23:14,24.57,0.07,9,24250,买盘
995,13:23:11,24.5,-0.06,200,490000,卖盘
996,13:23:05,24.56,0.06,199,488744,买盘
997,13:22:59,24.5,-0.07,797,1952650,卖盘
998,13:22:56,24.57,0.07,31,76167,买盘
999,13:22:47,24.5,-0.06,733,1795850,卖盘
1000,13:22:44,24.56,0.01,1,2456,买盘
1001,13:22:38,24.55,0.02,10,24550,卖盘
1002,13:22:35,24.53,-0.03,17,41701,中性盘
1003,13:22:29,24.56,0.03,340,835040,买盘
1004,13:22:26,24.53,-0.02,305,748165,卖盘
1005,13:22:23,24.55,--,4,9820,卖盘
1006,13:22:20,24.55,--,20,50523,卖盘
1007,13:22:17,24.55,--,67,166522,卖盘
1008,13:22:14,24.55,-0.01,51,125205,卖盘
1009,13:22:08,24.56,0.01,2,4912,买盘
1010,13:22:05,24.55,--,70,171850,卖盘
1011,13:22:02,24.55,--,10,24550,卖盘
1012,13:21:56,24.55,--,24,58920,卖盘
1013,13:21:47,24.55,-0.01,2,4910,卖盘
1014,13:21:38,24.56,--,5,12280,买盘
1015,13:21:29,24.56,0.01,1,2456,买盘
1016,13:21:26,24.55,--,1,2455,卖盘
1017,13:21:23,24.55,-0.01,9,22095,卖盘
1018,13:21:20,24.56,--,5,12280,买盘
1019,13:21:17,24.56,--,6,14736,买盘
1020,13:21:14,24.56,--,31,76136,买盘
1021,13:21:11,24.56,0.01,9,22104,买盘
1022,13:21:08,24.55,-0.01,75,184125,卖盘
1023,13:20:56,24.56,--,4,9824,买盘
1024,13:20:53,24.56,0.01,21,51576,买盘
1025,13:20:47,24.55,--,5,12275,卖盘
1026,13:20:41,24.55,-0.01,7,17185,卖盘
1027,13:20:35,24.56,-0.01,104,257388,卖盘
1028,13:20:29,24.57,0.01,2,4914,买盘
1029,13:20:20,24.56,-0.02,1,2456,卖盘
1030,13:20:17,24.58,--,35,86030,买盘
1031,13:20:14,24.58,0.02,15,36870,买盘
1032,13:20:11,24.56,--,16,39296,卖盘
1033,13:20:08,24.56,--,20,49120,卖盘
1034,13:19:59,24.56,-0.02,7,17192,卖盘
1035,13:19:56,24.58,--,50,122899,买盘
1036,13:19:53,24.58,--,3,7373,买盘
1037,13:19:37,24.58,0.02,155,380990,卖盘
1038,13:19:25,24.56,-0.04,20,49120,卖盘
1039,13:19:16,24.6,--,20,49200,买盘
1040,13:19:07,24.6,--,306,752760,卖盘
1041,13:19:04,24.6,--,4,9840,卖盘
1042,13:19:01,24.6,-0.01,8,19680,卖盘
1043,13:18:55,24.61,-0.01,30,73830,卖盘
1044,13:18:52,24.62,--,67,164954,买盘
1045,13:18:49,24.62,--,1,2462,买盘
1046,13:18:46,24.62,0.01,8,19696,买盘
1047,13:18:40,24.61,-0.02,9,22149,卖盘
1048,13:18:37,24.63,0.02,1,2463,买盘
1049,13:18:34,24.61,--,9,22149,卖盘
1050,13:18:28,24.61,--,4,9844,卖盘
1051,13:18:22,24.61,--,2,4922,卖盘
1052,13:18:19,24.61,-0.01,2,4922,卖盘
1053,13:18:13,24.62,--,1,2462,买盘
1054,13:18:10,24.62,--,4,9848,卖盘
1055,13:18:07,24.62,--,4,9848,卖盘
1056,13:18:04,24.62,-0.01,22,54164,卖盘
1057,13:18:01,24.63,0.02,6,14778,买盘
1058,13:17:55,24.61,-0.01,49,120589,卖盘
1059,13:17:49,24.62,-0.01,24,59088,卖盘
1060,13:17:40,24.63,--,2,4926,买盘
1061,13:17:37,24.63,--,21,51723,卖盘
1062,13:17:34,24.63,-0.03,55,135465,卖盘
1063,13:17:31,24.66,0.01,1,2466,买盘
1064,13:17:28,24.65,-0.01,34,83810,中性盘
1065,13:17:25,24.66,--,13,32058,买盘
1066,13:17:19,24.66,0.01,4,9864,买盘
1067,13:17:16,24.65,-0.01,2,4930,卖盘
1068,13:17:04,24.66,0.01,1,2466,买盘
1069,13:16:58,24.65,--,7,17255,卖盘
1070,13:16:52,24.65,--,13,32044,卖盘
1071,13:16:49,24.65,0.02,3,7395,买盘
1072,13:16:43,24.63,--,4,9852,卖盘
1073,13:16:40,24.63,--,10,24630,卖盘
1074,13:16:34,24.63,--,17,41871,卖盘
1075,13:16:28,24.63,--,33,81279,买盘
1076,13:16:25,24.63,--,8,19704,买盘
1077,13:16:22,24.63,--,5,12315,买盘
1078,13:16:19,24.63,--,2,4926,买盘
1079,13:16:13,24.63,--,3,7389,买盘
1080,13:16:10,24.63,--,1,2463,买盘
1081,13:16:07,24.63,0.03,5,12315,买盘
1082,13:16:01,24.6,-0.01,10,24600,卖盘
1083,13:15:55,24.61,0.01,6,14766,买盘
1084,13:15:49,24.6,--,4,9840,卖盘
1085,13:15:31,24.6,0.02,11,27060,买盘
1086,13:15:16,24.58,--,8,20893,买盘
1087,13:15:10,24.58,0.02,51,125357,买盘
1088,13:15:04,24.56,--,20,49120,卖盘
1089,13:15:01,24.56,-0.02,36,88416,卖盘
1090,13:14:58,24.58,--,1,2458,买盘
1091,13:14:55,24.58,--,31,76198,买盘
1092,13:14:52,24.58,0.02,30,73740,买盘
1093,13:14:46,24.56,-0.01,29,71224,卖盘
1094,13:14:43,24.57,--,20,50098,买盘
1095,13:14:37,24.57,--,9,22113,买盘
1096,13:14:34,24.57,--,4,9828,买盘
1097,13:14:25,24.57,0.01,6,14742,买盘
1098,13:14:19,24.56,-0.01,4,9824,卖盘
1099,13:14:16,24.57,--,2,4914,买盘
1100,13:14:13,24.57,--,18,45700,卖盘
1101,13:14:10,24.57,-0.01,8,19656,卖盘
1102,13:14:07,24.58,0.01,7,17206,买盘
1103,13:13:58,24.57,--,48,119778,卖盘
1104,13:13:55,24.57,--,20,49140,卖盘
1105,13:13:37,24.57,--,17,41769,卖盘
1106,13:13:28,24.57,--,2,6511,买盘
1107,13:13:25,24.57,--,27,68329,买盘
1108,13:13:19,24.57,--,10,24570,买盘
1109,13:13:16,24.57,0.01,18,44226,买盘
1110,13:13:10,24.56,--,3,7368,卖盘
1111,13:12:58,24.56,-0.01,50,122800,卖盘
1112,13:12:40,24.57,--,10,24570,买盘
1113,13:12:37,24.57,0.01,12,29484,买盘
1114,13:12:31,24.56,--,11,27016,卖盘
1115,13:12:25,24.56,--,15,36840,买盘
1116,13:12:22,24.56,-0.01,13,31928,卖盘
1117,13:12:19,24.57,--,7,17199,买盘
1118,13:12:04,24.57,--,19,46683,买盘
1119,13:12:01,24.57,0.01,55,135135,买盘
1120,13:11:58,24.56,--,4,11199,买盘
1121,13:11:55,24.56,--,1,2456,买盘
1122,13:11:46,24.56,--,6,14736,买盘
1123,13:11:34,24.56,--,65,159640,买盘
1124,13:11:31,24.56,--,20,49120,买盘
1125,13:11:28,24.56,0.01,9,22104,买盘
1126,13:11:22,24.55,-0.01,1,2455,卖盘
1127,13:11:19,24.56,0.01,6,14736,买盘
1128,13:11:16,24.55,--,47,115385,买盘
1129,13:11:13,24.55,-0.02,159,391425,卖盘
1130,13:11:07,24.57,--,10,24570,买盘
1131,13:10:55,24.57,--,1,2457,买盘
1132,13:10:49,24.57,--,10,24570,买盘
1133,13:10:43,24.57,0.01,2,4914,买盘
1134,13:10:40,24.56,-0.01,21,51576,卖盘
1135,13:10:34,24.57,--,24,58968,买盘
1136,13:10:28,24.57,--,50,122850,买盘
1137,13:10:25,24.57,--,101,248157,买盘
1138,13:10:22,24.57,--,10,24570,买盘
1139,13:10:10,24.57,--,5,12285,买盘
1140,13:10:07,24.57,--,2,4914,买盘
1141,13:09:55,24.57,--,15,36855,买盘
1142,13:09:40,24.57,--,1,2457,买盘
1143,13:09:22,24.57,--,1,2457,买盘
1144,13:09:19,24.57,--,5,12285,买盘
1145,13:09:10,24.57,0.01,20,49140,买盘
1146,13:09:04,24.56,-0.01,18,44208,卖盘
1147,13:08:58,24.57,--,5,12285,买盘
1148,13:08:55,24.57,--,10,24570,买盘
1149,13:08:52,24.57,--,51,127223,卖盘
1150,13:08:49,24.57,--,15,36855,卖盘
1151,13:08:37,24.57,-0.01,12,29484,卖盘
1152,13:08:25,24.58,--,10,24580,买盘
1153,13:08:22,24.58,--,1,2458,买盘
1154,13:08:19,24.58,--,6,14747,买盘
1155,13:08:13,24.58,0.01,12,29495,买盘
1156,13:08:10,24.57,-0.01,1,2457,卖盘
1157,13:08:07,24.58,0.01,53,130273,买盘
1158,13:08:01,24.57,-0.01,8,20884,卖盘
1159,13:07:49,24.58,--,32,78656,买盘
1160,13:07:46,24.58,--,12,29495,买盘
1161,13:07:43,24.58,0.01,10,24580,买盘
1162,13:07:34,24.57,--,17,41769,卖盘
1163,13:07:25,24.57,-0.01,43,105651,卖盘
1164,13:07:22,24.58,--,1,2458,买盘
1165,13:07:19,24.58,--,54,132732,买盘
1166,13:07:07,24.58,0.01,12,29495,买盘
1167,13:07:04,24.57,--,8,19705,卖盘
1168,13:07:01,24.57,--,16,40442,卖盘
1169,13:06:55,24.57,--,6,15331,买盘
1170,13:06:46,24.57,0.01,12,29484,买盘
1171,13:06:43,24.56,-0.01,6,14736,卖盘
1172,13:06:40,24.57,--,12,29484,买盘
1173,13:06:31,24.57,--,5,12285,买盘
1174,13:06:28,24.57,--,5,12285,买盘
1175,13:06:22,24.57,0.01,1,2457,买盘
1176,13:06:19,24.56,-0.01,7,17192,卖盘
1177,13:06:16,24.57,--,5,12285,买盘
1178,13:06:13,24.57,0.01,10,24570,买盘
1179,13:06:07,24.56,--,2,4912,卖盘
1180,13:06:01,24.56,-0.01,3,7368,卖盘
1181,13:05:58,24.57,--,1,2457,卖盘
1182,13:05:52,24.57,--,48,119311,买盘
1183,13:05:40,24.57,--,1,2457,买盘
1184,13:05:22,24.57,--,6,14742,买盘
1185,13:05:10,24.57,0.01,2,4914,买盘
1186,13:05:07,24.56,--,15,36840,卖盘
1187,13:05:01,24.56,-0.01,23,56488,卖盘
1188,13:04:55,24.57,-0.01,27,66339,卖盘
1189,13:04:49,24.58,0.01,44,108151,买盘
1190,13:04:37,24.57,--,24,58968,卖盘
1191,13:04:25,24.57,-0.01,9,22113,卖盘
1192,13:04:19,24.58,--,1,2458,买盘
1193,13:04:16,24.58,-0.02,122,299876,卖盘
1194,13:04:10,24.6,--,2,4920,买盘
1195,13:04:04,24.6,--,142,349320,卖盘
1196,13:03:58,24.6,-0.01,3,7380,卖盘
1197,13:03:46,24.61,--,12,29532,卖盘
1198,13:03:34,24.61,--,4,9844,买盘
1199,13:03:22,24.61,--,1,2461,买盘
1200,13:03:16,24.61,--,2,4922,买盘
1201,13:03:04,24.61,-0.01,11,27071,卖盘
1202,13:02:55,24.62,--,2,4924,买盘
1203,13:02:46,24.62,--,3,7386,买盘
1204,13:02:43,24.62,-0.01,24,59088,卖盘
1205,13:02:34,24.63,0.01,2,4926,买盘
1206,13:02:25,24.62,-0.01,53,130486,卖盘
1207,13:02:04,24.63,--,3,7389,卖盘
1208,13:01:55,24.63,--,6,14778,卖盘
1209,13:01:52,24.63,0.01,12,29556,买盘
1210,13:01:49,24.62,--,4,9848,卖盘
1211,13:01:46,24.62,--,5,12310,卖盘
1212,13:01:43,24.62,--,6,14772,卖盘
1213,13:01:40,24.62,-0.02,4,9848,卖盘
1214,13:01:34,24.64,--,27,66528,卖盘
1215,13:01:31,24.64,--,5,12320,卖盘
1216,13:01:28,24.64,--,2,4928,卖盘
1217,13:01:25,24.64,--,6,14784,卖盘
1218,13:01:22,24.64,--,4,9856,卖盘
1219,13:01:16,24.64,--,2,4928,卖盘
1220,13:01:13,24.64,--,4,9856,卖盘
1221,13:01:04,24.64,-0.01,2,4928,卖盘
1222,13:00:58,24.65,--,7,17255,买盘
1223,13:00:52,24.65,-0.01,1,2465,卖盘
1224,13:00:49,24.66,--,1,2466,买盘
1225,13:00:46,24.66,0.01,12,29592,买盘
1226,13:00:28,24.65,--,12,29580,买盘
1227,13:00:25,24.65,--,1,2465,买盘
1228,13:00:19,24.65,--,24,59160,买盘
1229,13:00:13,24.65,--,4,9860,买盘
1230,13:00:10,24.65,--,30,73950,买盘
1231,13:00:07,24.65,0.01,283,697595,买盘
1232,13:00:04,24.64,-0.01,137,337568,卖盘
1233,11:29:23,24.65,--,4,9860,买盘
1234,11:29:20,24.65,--,10,24650,买盘
1235,11:29:17,24.65,--,10,24650,买盘
1236,11:29:14,24.65,--,3,7395,买盘
1237,11:29:08,24.65,--,20,49300,买盘
1238,11:29:02,24.65,--,33,81345,买盘
1239,11:28:56,24.65,--,1,2465,买盘
1240,11:28:53,24.65,0.01,12,29580,买盘
1241,11:28:50,24.64,--,8,19712,买盘
1242,11:28:47,24.64,-0.01,38,93632,卖盘
1243,11:28:38,24.65,0.01,15,36975,买盘
1244,11:28:35,24.64,-0.01,18,44352,卖盘
1245,11:28:26,24.65,--,3,7395,买盘
1246,11:28:20,24.65,--,5,12325,买盘
1247,11:28:17,24.65,0.01,6,14790,买盘
1248,11:28:14,24.64,-0.01,2,4928,卖盘
1249,11:28:05,24.65,--,10,24650,买盘
1250,11:27:56,24.65,--,5,12325,买盘
1251,11:27:53,24.65,--,4,9860,买盘
1252,11:27:47,24.65,--,20,49300,买盘
1253,11:27:44,24.65,--,3,7395,买盘
1254,11:27:41,24.65,--,5,12325,买盘
1255,11:27:35,24.65,--,1,2465,买盘
1256,11:27:32,24.65,-0.03,14,34510,卖盘
1257,11:27:26,24.68,--,3,7404,买盘
1258,11:27:05,24.68,0.02,50,123400,买盘
1259,11:26:59,24.66,--,6,14796,卖盘
1260,11:26:53,24.66,--,29,71514,卖盘
1261,11:26:32,24.66,--,35,86310,卖盘
1262,11:26:29,24.66,-0.01,80,197280,中性盘
1263,11:26:20,24.67,0.01,128,315776,买盘
1264,11:26:17,24.66,0.01,1,2466,买盘
1265,11:25:56,24.65,0.01,1,2465,买盘
1266,11:25:53,24.64,--,3,7392,卖盘
1267,11:25:47,24.64,--,8,19712,卖盘
1268,11:25:35,24.64,-0.01,18,44352,卖盘
1269,11:25:29,24.65,-0.01,1,2465,买盘
1270,11:25:26,24.66,0.01,3,7398,中性盘
1271,11:25:05,24.65,-0.02,10,24650,卖盘
1272,11:24:59,24.67,0.02,1,2467,买盘
1273,11:24:56,24.65,--,6,14790,卖盘
1274,11:24:53,24.65,--,33,81345,卖盘
1275,11:24:35,24.65,0.03,37,91205,买盘
1276,11:24:32,24.62,--,4,9848,卖盘
1277,11:24:26,24.62,--,2,4924,卖盘
1278,11:24:17,24.62,0.01,5,12310,买盘
1279,11:24:14,24.61,-0.01,7,17227,卖盘
1280,11:24:11,24.62,0.01,22,54164,买盘
1281,11:24:08,24.61,-0.01,4,9844,卖盘
1282,11:24:05,24.62,0.01,71,174802,买盘
1283,11:24:02,24.61,-0.01,113,278093,卖盘
1284,11:23:59,24.62,--,2,4924,卖盘
1285,11:23:53,24.62,--,2,4924,卖盘
1286,11:23:47,24.62,--,11,27082,买盘
1287,11:23:41,24.62,--,3,7386,买盘
1288,11:23:38,24.62,0.01,1,2462,买盘
1289,11:23:32,24.61,0.01,5,12305,中性盘
1290,11:23:26,24.6,-0.02,8,19680,卖盘
1291,11:23:14,24.62,0.02,5,12310,买盘
1292,11:23:02,24.6,0.01,9,22140,买盘
1293,11:22:59,24.59,-0.03,188,462292,卖盘
1294,11:22:53,24.62,--,20,49240,买盘
1295,11:22:41,24.62,0.01,10,24620,买盘
1296,11:22:35,24.61,-0.01,18,44298,卖盘
1297,11:22:23,24.62,--,27,66474,买盘
1298,11:22:20,24.62,0.01,10,24620,买盘
1299,11:22:17,24.61,--,49,120589,买盘
1300,11:22:08,24.61,-0.01,21,51681,卖盘
1301,11:21:59,24.62,-0.01,95,233890,卖盘
1302,11:21:53,24.63,0.01,25,61575,买盘
1303,11:21:50,24.62,--,4,9848,卖盘
1304,11:21:35,24.62,--,51,125562,买盘
1305,11:21:08,24.62,0.02,9,22158,买盘
1306,11:21:05,24.6,-0.02,19,46740,卖盘
1307,11:20:59,24.62,--,5,12310,买盘
1308,11:20:56,24.62,0.02,33,81246,买盘
1309,11:20:53,24.6,--,16,39360,卖盘
1310,11:20:44,24.6,--,2,4920,中性盘
1311,11:20:35,24.6,-0.02,10,24600,卖盘
1312,11:20:32,24.62,--,24,59088,买盘
1313,11:20:26,24.62,0.02,5,12310,买盘
1314,11:20:23,24.6,--,5,12300,卖盘
1315,11:20:14,24.6,-0.02,50,123000,卖盘
1316,11:20:08,24.62,--,5,12310,买盘
1317,11:20:05,24.62,0.01,10,24620,买盘
1318,11:20:02,24.61,--,3,7383,卖盘
1319,11:19:53,24.61,--,4,9844,卖盘
1320,11:19:47,24.61,--,6,14766,买盘
1321,11:19:41,24.61,--,1,2461,买盘
1322,11:19:38,24.61,--,2,4922,买盘
1323,11:19:35,24.61,--,8,19688,卖盘
1324,11:19:29,24.61,-0.01,21,51681,卖盘
1325,11:19:23,24.62,--,6,14772,买盘
1326,11:19:16,24.62,0.01,15,36930,买盘
1327,11:19:07,24.61,--,20,49220,卖盘
1328,11:18:52,24.61,-0.01,3,7383,中性盘
1329,11:18:49,24.62,0.02,10,24620,买盘
1330,11:18:46,24.6,-0.02,4,9840,卖盘
1331,11:18:40,24.62,--,21,51702,买盘
1332,11:18:37,24.62,--,1,2462,买盘
1333,11:18:31,24.62,--,10,24620,买盘
1334,11:18:28,24.62,-0.01,2,4924,卖盘
1335,11:18:25,24.63,0.01,1,2463,买盘
1336,11:18:22,24.62,-0.01,2,4924,中性盘
1337,11:18:10,24.63,0.01,226,556638,买盘
1338,11:18:07,24.62,-0.02,4,9848,中性盘
1339,11:18:01,24.64,0.02,23,56672,买盘
1340,11:17:52,24.62,--,32,78784,买盘
1341,11:17:40,24.62,-0.01,62,152644,卖盘
1342,11:17:37,24.63,--,17,41871,买盘
1343,11:17:34,24.63,0.01,8,19704,买盘
1344,11:17:31,24.62,--,34,83708,卖盘
1345,11:17:19,24.62,--,65,160030,卖盘
1346,11:17:16,24.62,-0.02,2,4924,卖盘
1347,11:17:07,24.64,0.02,3,7392,买盘
1348,11:16:58,24.62,0.01,1,2462,中性盘
1349,11:16:55,24.61,--,2,4922,卖盘
1350,11:16:52,24.61,-0.02,30,73830,卖盘
1351,11:16:49,24.63,-0.01,71,174873,卖盘
1352,11:16:46,24.64,0.01,44,108416,买盘
1353,11:16:43,24.63,--,3,7389,卖盘
1354,11:16:34,24.63,--,17,41871,卖盘
1355,11:16:25,24.63,--,40,98520,买盘
1356,11:16:19,24.63,--,26,64038,买盘
1357,11:16:16,24.63,0.01,116,285708,买盘
1358,11:16:04,24.62,-0.02,2,4924,中性盘
1359,11:16:01,24.64,0.02,111,273504,买盘
1360,11:15:58,24.62,--,13,32006,买盘
1361,11:15:52,24.62,--,6,14772,买盘
1362,11:15:49,24.62,-0.01,26,64012,卖盘
1363,11:15:43,24.63,--,28,68964,买盘
1364,11:15:37,24.63,0.01,27,66501,买盘
1365,11:15:31,24.62,--,5,12310,卖盘
1366,11:15:25,24.62,--,2,4924,卖盘
1367,11:15:22,24.62,--,3,7386,买盘
1368,11:15:19,24.62,--,27,66474,买盘
1369,11:15:16,24.62,--,31,76322,买盘
1370,11:15:10,24.62,--,1,2462,买盘
1371,11:15:07,24.62,-0.01,133,327446,卖盘
1372,11:15:04,24.63,0.01,46,113298,买盘
1373,11:15:01,24.62,-0.01,4,9848,卖盘
1374,11:14:58,24.63,--,8,19704,买盘
1375,11:14:55,24.63,--,10,24630,买盘
1376,11:14:52,24.63,0.01,8,19704,买盘
1377,11:14:49,24.62,-0.01,90,221580,卖盘
1378,11:14:43,24.63,--,42,103446,买盘
1379,11:14:37,24.63,--,13,32019,买盘
1380,11:14:34,24.63,--,19,46797,买盘
1381,11:14:31,24.63,-0.01,38,93594,卖盘
1382,11:14:28,24.64,--,6,14784,买盘
1383,11:14:25,24.64,--,1,2464,买盘
1384,11:14:19,24.64,--,36,88704,卖盘
1385,11:14:07,24.64,0.01,96,236544,买盘
1386,11:14:04,24.63,--,109,268467,卖盘
1387,11:13:58,24.63,--,4,9852,卖盘
1388,11:13:55,24.63,--,15,36945,买盘
1389,11:13:52,24.63,0.01,2,4926,买盘
1390,11:13:46,24.62,--,3,7386,买盘
1391,11:13:34,24.62,--,2,4924,买盘
1392,11:13:31,24.62,-0.02,30,73860,中性盘
1393,11:13:25,24.64,0.02,104,256256,买盘
1394,11:13:22,24.62,-0.01,31,76322,卖盘
1395,11:13:19,24.63,0.01,22,54186,买盘
1396,11:13:16,24.62,--,22,54164,卖盘
1397,11:13:10,24.62,0.02,11,27082,买盘
1398,11:13:07,24.6,-0.02,2,4920,卖盘
1399,11:13:04,24.62,0.02,4,9848,买盘
1400,11:13:01,24.6,--,16,39360,卖盘
1401,11:12:52,24.6,0.01,11,27060,买盘
1402,11:12:49,24.59,-0.01,4,9836,卖盘
1403,11:12:46,24.6,0.01,20,49200,买盘
1404,11:12:43,24.59,--,29,71311,买盘
1405,11:12:37,24.59,--,1,2459,买盘
1406,11:12:34,24.59,--,13,31967,买盘
1407,11:12:28,24.59,--,2,4918,买盘
1408,11:12:25,24.59,--,23,56557,买盘
1409,11:12:22,24.59,-0.01,85,209015,买盘
1410,11:12:16,24.6,--,127,312420,买盘
1411,11:12:13,24.6,0.01,37,91020,买盘
1412,11:12:04,24.59,--,17,41803,中性盘
1413,11:12:01,24.59,--,1,2459,卖盘
1414,11:11:58,24.59,--,25,61475,买盘
1415,11:11:52,24.59,--,1,2459,买盘
1416,11:11:49,24.59,0.01,1,2459,买盘
1417,11:11:46,24.58,--,4,9832,卖盘
1418,11:11:43,24.58,--,3,7373,卖盘
1419,11:11:40,24.58,0.06,21,51618,买盘
1420,11:11:37,24.52,-0.06,245,600740,卖盘
1421,11:11:34,24.58,0.02,31,76198,买盘
1422,11:11:25,24.56,-0.01,21,51576,卖盘
1423,11:11:19,24.57,0.01,1,2457,买盘
1424,11:11:16,24.56,--,20,49120,卖盘
1425,11:11:13,24.56,--,30,73680,买盘
1426,11:11:10,24.56,--,23,56488,买盘
1427,11:11:01,24.56,-0.01,6,14736,卖盘
1428,11:10:55,24.57,0.04,5,12285,买盘
1429,11:10:43,24.53,-0.04,6,14718,中性盘
1430,11:10:40,24.57,0.04,121,297297,买盘
1431,11:10:34,24.53,-0.03,15,36795,卖盘
1432,11:10:31,24.56,0.03,14,34384,中性盘
1433,11:10:22,24.53,-0.06,140,343420,卖盘
1434,11:10:19,24.59,0.06,2,4918,中性盘
1435,11:10:10,24.53,-0.07,4,9812,卖盘
1436,11:10:07,24.6,0.03,151,371460,买盘
1437,11:09:55,24.57,--,8,19656,买盘
1438,11:09:52,24.57,--,117,287469,卖盘
1439,11:09:40,24.57,0.01,6,14742,买盘
1440,11:09:34,24.56,-0.01,15,36840,卖盘
1441,11:09:19,24.57,--,9,22113,买盘
1442,11:09:10,24.57,--,3,7371,买盘
1443,11:09:04,24.57,-0.05,169,415233,卖盘
1444,11:09:01,24.62,--,2,4924,买盘
1445,11:08:49,24.62,--,16,39392,买盘
1446,11:08:37,24.62,0.02,21,51702,买盘
1447,11:08:34,24.6,--,18,44280,卖盘
1448,11:08:28,24.6,-0.02,14,34440,卖盘
1449,11:08:25,24.62,--,2,4924,买盘
1450,11:08:19,24.62,--,5,12310,买盘
1451,11:08:16,24.62,--,1,2462,买盘
1452,11:08:13,24.62,-0.01,5,12310,卖盘
1453,11:08:10,24.63,0.01,36,88668,买盘
1454,11:08:01,24.62,--,46,113252,买盘
1455,11:07:55,24.62,0.02,24,59088,买盘
1456,11:07:52,24.6,-0.02,1,2460,卖盘
1457,11:07:49,24.62,--,51,125562,买盘
1458,11:07:46,24.62,0.02,3,7386,买盘
1459,11:07:34,24.6,0.02,45,110700,买盘
1460,11:07:28,24.58,-0.01,7,17206,卖盘
1461,11:07:25,24.59,-0.01,15,36885,卖盘
1462,11:07:22,24.6,0.01,10,24600,买盘
1463,11:07:13,24.59,--,20,49180,卖盘
1464,11:07:10,24.59,--,7,17213,买盘
1465,11:07:01,24.59,0.01,3,7377,买盘
1466,11:06:52,24.58,-0.01,6,14747,卖盘
1467,11:06:43,24.59,0.01,9,22131,买盘
1468,11:06:37,24.58,--,8,19664,卖盘
1469,11:06:34,24.58,--,35,86030,卖盘
1470,11:06:31,24.58,0.01,13,31953,中性盘
1471,11:06:25,24.57,-0.01,30,73710,卖盘
1472,11:06:22,24.58,--,3,7373,卖盘
1473,11:06:19,24.58,-0.01,7,17206,卖盘
1474,11:06:16,24.59,0.01,5,12295,买盘
1475,11:06:07,24.58,-0.02,40,98320,卖盘
1476,11:06:01,24.6,0.02,6,14760,买盘
1477,11:05:46,24.58,-0.02,5,12290,卖盘
1478,11:05:43,24.6,--,20,49200,卖盘
1479,11:05:37,24.6,-0.02,9,22140,卖盘
1480,11:05:34,24.62,-0.01,10,24620,中性盘
1481,11:05:13,24.63,0.03,5,12315,买盘
1482,11:05:10,24.6,-0.05,3,7380,中性盘
1483,11:04:49,24.65,0.04,19,46835,买盘
1484,11:04:46,24.61,0.04,3,7383,买盘
1485,11:04:43,24.57,--,4,9828,卖盘
1486,11:04:37,24.57,-0.03,17,41769,卖盘
1487,11:04:34,24.6,0.03,13,31980,中性盘
1488,11:04:25,24.57,-0.04,20,49140,卖盘
1489,11:04:19,24.61,0.04,29,71369,买盘
1490,11:04:13,24.57,0.01,24,58968,买盘
1491,11:04:04,24.56,-0.01,6,14736,卖盘
1492,11:04:01,24.57,--,7,17199,买盘
1493,11:03:55,24.57,--,1,2457,买盘
1494,11:03:49,24.57,-0.02,16,39312,卖盘
1495,11:03:43,24.59,0.02,1,2459,买盘
1496,11:03:28,24.57,0.04,14,34398,中性盘
1497,11:03:22,24.53,-0.03,46,112838,卖盘
1498,11:03:19,24.56,--,4,9824,卖盘
1499,11:03:13,24.56,0.03,3,7368,买盘
1500,11:03:10,24.53,-0.03,60,147180,卖盘
1501,11:03:07,24.56,0.01,62,152272,买盘
1502,11:03:04,24.55,--,19,46645,卖盘
1503,11:03:01,24.55,--,9,22095,卖盘
1504,11:02:55,24.55,--,8,19640,卖盘
1505,11:02:52,24.55,--,35,85925,买盘
1506,11:02:43,24.55,--,10,24550,买盘
1507,11:02:40,24.55,--,10,24550,买盘
1508,11:02:37,24.55,--,1,2455,买盘
1509,11:02:31,24.55,--,7,17185,卖盘
1510,11:02:28,24.55,--,13,31915,卖盘
1511,11:02:25,24.55,0.03,4,9820,买盘
1512,11:02:19,24.52,-0.03,5,12260,卖盘
1513,11:02:13,24.55,-0.02,50,122750,卖盘
1514,11:02:10,24.57,0.02,38,93366,买盘
1515,11:02:07,24.55,-0.01,10,24550,卖盘
1516,11:01:58,24.56,--,5,12280,卖盘
1517,11:01:49,24.56,0.01,8,19648,买盘
1518,11:01:46,24.55,-0.03,4,9820,卖盘
1519,11:01:40,24.58,--,2,4916,卖盘
1520,11:01:37,24.58,--,136,334288,买盘
1521,11:01:31,24.58,0.02,5,12290,买盘
1522,11:01:25,24.56,--,28,68768,卖盘
1523,11:01:22,24.56,-0.02,15,36840,卖盘
1524,11:01:16,24.58,0.08,6,14747,买盘
1525,11:01:13,24.5,-0.09,540,1323000,卖盘
1526,11:01:04,24.59,0.03,20,49180,买盘
1527,11:00:58,24.56,-0.02,33,81048,卖盘
1528,11:00:55,24.58,0.01,10,24580,买盘
1529,11:00:49,24.57,-0.01,239,587223,卖盘
1530,11:00:46,24.58,--,6,14747,卖盘
1531,11:00:43,24.58,--,22,54075,卖盘
1532,11:00:40,24.58,--,8,19664,卖盘
1533,11:00:34,24.58,-0.01,62,152396,卖盘
1534,11:00:31,24.59,--,57,140163,卖盘
1535,11:00:28,24.59,--,12,29508,卖盘
1536,11:00:25,24.59,-0.01,7,17213,卖盘
1537,11:00:22,24.6,-0.05,473,1163580,卖盘
1538,11:00:16,24.65,0.03,166,409190,买盘
1539,11:00:13,24.62,-0.01,18,44316,卖盘
1540,11:00:10,24.63,--,5,12315,买盘
1541,11:00:07,24.63,-0.01,83,204429,卖盘
1542,11:00:04,24.64,--,28,68992,卖盘
1543,10:59:58,24.64,-0.03,83,204512,卖盘
1544,10:59:55,24.67,0.01,50,123350,买盘
1545,10:59:52,24.66,0.02,1,2466,中性盘
1546,10:59:49,24.64,-0.03,13,32032,卖盘
1547,10:59:43,24.67,--,50,123350,买盘
1548,10:59:40,24.67,0.03,73,180091,买盘
1549,10:59:37,24.64,-0.03,169,416416,卖盘
1550,10:59:31,24.67,0.01,18,44406,中性盘
1551,10:59:19,24.66,-0.02,20,49320,卖盘
1552,10:59:10,24.68,--,1,2468,买盘
1553,10:59:01,24.68,--,10,26086,卖盘
1554,10:58:58,24.68,--,2,4936,卖盘
1555,10:58:55,24.68,0.03,47,117057,买盘
1556,10:58:52,24.65,-0.03,260,640900,卖盘
1557,10:58:46,24.68,0.03,8,19744,买盘
1558,10:58:43,24.65,--,11,27115,卖盘
1559,10:58:40,24.65,-0.03,13,32044,卖盘
1560,10:58:37,24.68,0.03,3,7404,买盘
1561,10:58:33,24.65,--,38,93670,卖盘
1562,10:58:30,24.65,-0.03,15,36975,中性盘
1563,10:58:27,24.68,0.04,20,49360,买盘
1564,10:58:24,24.64,-0.04,84,206976,卖盘
1565,10:58:21,24.68,0.03,27,66636,买盘
1566,10:58:18,24.65,0.01,7,17255,买盘
1567,10:58:15,24.64,0.01,14,34496,中性盘
1568,10:58:12,24.63,-0.02,9,22167,卖盘
1569,10:58:06,24.65,--,26,64089,买盘
1570,10:58:03,24.65,--,5,12325,买盘
1571,10:57:57,24.65,--,8,19720,买盘
1572,10:57:54,24.65,0.01,3,7395,中性盘
1573,10:57:51,24.64,-0.01,11,27104,卖盘
1574,10:57:48,24.65,--,6,14790,卖盘
1575,10:57:45,24.65,-0.03,6,14790,卖盘
1576,10:57:39,24.68,--,50,123400,买盘
1577,10:57:36,24.68,0.03,12,29616,买盘
1578,10:57:30,24.65,-0.02,10,24650,卖盘
1579,10:57:21,24.67,0.01,8,19736,买盘
1580,10:57:18,24.66,--,3,7398,买盘
1581,10:57:15,24.66,0.04,3,7398,中性盘
1582,10:57:06,24.62,-0.05,47,115714,卖盘
1583,10:57:03,24.67,-0.01,14,34538,卖盘
1584,10:57:00,24.68,0.01,2,4936,中性盘
1585,10:56:57,24.67,-0.01,17,41939,卖盘
1586,10:56:51,24.68,0.03,2,4936,中性盘
1587,10:56:48,24.65,-0.03,300,739500,卖盘
1588,10:56:45,24.68,0.01,46,113528,买盘
1589,10:56:42,24.67,--,13,32071,卖盘
1590,10:56:39,24.67,-0.01,27,66609,卖盘
1591,10:56:36,24.68,--,9,22212,买盘
1592,10:56:30,24.68,-0.02,12,29616,卖盘
1593,10:56:27,24.7,0.01,18,44460,买盘
1594,10:56:24,24.69,-0.01,4,9876,卖盘
1595,10:56:21,24.7,-0.05,50,123500,中性盘
1596,10:56:18,24.75,0.05,29,71775,买盘
1597,10:56:15,24.7,--,50,123500,买盘
1598,10:56:12,24.7,--,1,2470,买盘
1599,10:56:09,24.7,--,5,12350,买盘
1600,10:56:06,24.7,-0.01,168,414960,卖盘
1601,10:56:00,24.71,--,3,7413,卖盘
1602,10:55:57,24.71,-0.01,8,19768,卖盘
1603,10:55:54,24.72,-0.03,50,123600,卖盘
1604,10:55:51,24.75,0.01,39,96525,卖盘
1605,10:55:48,24.74,-0.02,55,136070,中性盘
1606,10:55:45,24.76,0.02,58,143608,买盘
1607,10:55:42,24.74,-0.02,100,247399,卖盘
1608,10:55:36,24.76,--,162,401112,卖盘
1609,10:55:33,24.76,-0.01,17,42092,卖盘
1610,10:55:24,24.77,0.01,5,12385,买盘
1611,10:55:21,24.76,-0.02,60,148560,卖盘
1612,10:55:15,24.78,0.01,6,14868,中性盘
1613,10:55:12,24.77,-0.01,82,203114,卖盘
1614,10:55:09,24.78,--,11,27258,卖盘
1615,10:55:06,24.78,-0.01,4,9912,卖盘
1616,10:55:03,24.79,-0.01,8,19832,中性盘
1617,10:54:51,24.8,0.02,8,19840,买盘
1618,10:54:48,24.78,-0.02,48,118944,卖盘
1619,10:54:45,24.8,--,5,12400,买盘
1620,10:54:39,24.8,0.02,1,2480,买盘
1621,10:54:36,24.78,-0.02,10,24780,卖盘
1622,10:54:24,24.8,--,4,9920,买盘
1623,10:54:18,24.8,0.02,21,52080,买盘
1624,10:54:15,24.78,--,7,17346,卖盘
1625,10:54:03,24.78,--,34,84252,卖盘
1626,10:54:00,24.78,--,14,34692,买盘
1627,10:53:57,24.78,--,36,89208,买盘
1628,10:53:51,24.78,0.02,6,14868,买盘
1629,10:53:45,24.76,--,8,19808,卖盘
1630,10:53:42,24.76,-0.02,9,22284,卖盘
1631,10:53:36,24.78,0.02,5,12390,买盘
1632,10:53:33,24.76,--,5,12380,卖盘
1633,10:53:27,24.76,-0.01,11,27236,卖盘
1634,10:53:24,24.77,0.01,1,2477,买盘
1635,10:53:21,24.76,--,2,4952,卖盘
1636,10:53:12,24.76,--,2,4952,卖盘
1637,10:53:03,24.76,0.01,12,29712,买盘
1638,10:53:00,24.75,--,17,42075,卖盘
1639,10:52:57,24.75,--,5,12375,卖盘
1640,10:52:51,24.75,--,9,22275,卖盘
1641,10:52:45,24.75,--,20,49500,卖盘
1642,10:52:42,24.75,0.01,2,4950,卖盘
1643,10:52:39,24.74,0.02,8,19792,买盘
1644,10:52:33,24.72,--,7,17304,卖盘
1645,10:52:30,24.72,-0.04,49,121128,卖盘
1646,10:52:27,24.76,0.01,15,37140,买盘
1647,10:52:18,24.75,--,12,29700,买盘
1648,10:52:15,24.75,0.01,28,69300,买盘
1649,10:52:09,24.74,-0.04,11,27214,卖盘
1650,10:52:06,24.78,0.03,2,4956,买盘
1651,10:52:00,24.75,--,1,2475,买盘
1652,10:51:57,24.75,--,3,7425,卖盘
1653,10:51:54,24.75,--,8,19800,卖盘
1654,10:51:51,24.75,-0.01,9,22275,卖盘
1655,10:51:45,24.76,-0.03,4,9904,卖盘
1656,10:51:42,24.79,0.01,10,24790,买盘
1657,10:51:36,24.78,0.02,7,17346,中性盘
1658,10:51:27,24.76,-0.03,8,19808,卖盘
1659,10:51:24,24.79,0.03,15,37185,买盘
1660,10:51:12,24.76,--,4,9904,卖盘
1661,10:51:09,24.76,--,96,237696,卖盘
1662,10:51:06,24.76,-0.03,16,39616,卖盘
1663,10:51:03,24.79,0.02,1,2479,买盘
1664,10:50:51,24.77,-0.02,7,17339,卖盘
1665,10:50:48,24.79,--,1,2479,买盘
1666,10:50:42,24.79,0.02,21,52059,买盘
1667,10:50:39,24.77,-0.01,4,9908,卖盘
1668,10:50:33,24.78,--,21,52038,买盘
1669,10:50:27,24.78,--,2,4956,卖盘
1670,10:50:24,24.78,-0.01,13,32214,卖盘
1671,10:50:18,24.79,0.01,22,54538,买盘
1672,10:50:15,24.78,--,38,94164,卖盘
1673,10:50:12,24.78,--,12,29736,卖盘
1674,10:50:09,24.78,--,4,9912,卖盘
1675,10:50:06,24.78,--,1,2478,卖盘
1676,10:50:03,24.78,--,6,14868,买盘
1677,10:49:57,24.78,--,14,34692,买盘
1678,10:49:54,24.78,--,1,2478,买盘
1679,10:49:39,24.78,0.01,10,24780,买盘
1680,10:49:33,24.77,-0.02,20,49540,卖盘
1681,10:49:24,24.79,--,1,2479,买盘
1682,10:49:21,24.79,--,2,4958,买盘
1683,10:49:15,24.79,0.03,34,84286,买盘
1684,10:49:12,24.76,-0.02,11,27236,卖盘
1685,10:49:06,24.78,--,5,12390,卖盘
1686,10:48:51,24.78,--,8,19824,卖盘
1687,10:48:45,24.78,--,6,14868,卖盘
1688,10:48:42,24.78,--,2,4956,卖盘
1689,10:48:33,24.78,0.01,42,104645,买盘
1690,10:48:30,24.77,--,3,7431,卖盘
1691,10:48:27,24.77,-0.01,3,7431,卖盘
1692,10:48:21,24.78,0.01,27,66906,买盘
1693,10:48:15,24.77,-0.02,1,2477,卖盘
1694,10:48:12,24.79,0.03,12,29748,买盘
1695,10:48:06,24.76,-0.03,9,22284,卖盘
1696,10:48:03,24.79,0.03,28,69412,买盘
1697,10:48:00,24.76,-0.03,4,9904,卖盘
1698,10:47:57,24.79,0.02,39,96681,买盘
1699,10:47:51,24.77,0.01,2,4954,买盘
1700,10:47:48,24.76,--,1,2476,卖盘
1701,10:47:42,24.76,--,1,2476,卖盘
1702,10:47:39,24.76,0.03,2,4952,买盘
1703,10:47:33,24.73,--,1,2473,卖盘
1704,10:47:27,24.73,--,4,9892,卖盘
1705,10:47:21,24.73,0.02,7,17311,买盘
1706,10:47:15,24.71,-0.04,13,32123,卖盘
1707,10:47:09,24.75,0.02,15,37125,买盘
1708,10:47:06,24.73,0.01,1,2473,卖盘
1709,10:47:00,24.72,-0.01,23,56856,卖盘
1710,10:46:57,24.73,--,4,9892,卖盘
1711,10:46:51,24.73,--,34,84082,买盘
1712,10:46:48,24.73,0.01,1,2473,买盘
1713,10:46:45,24.72,0.02,96,238004,买盘
1714,10:46:39,24.7,-0.02,64,158080,卖盘
1715,10:46:30,24.72,0.01,97,239784,买盘
1716,10:46:27,24.71,--,6,14826,买盘
1717,10:46:24,24.71,--,23,56833,中性盘
1718,10:46:18,24.71,--,1,2471,卖盘
1719,10:46:15,24.71,-0.01,11,27181,卖盘
1720,10:46:12,24.72,0.01,24,59328,买盘
1721,10:46:09,24.71,--,4,9884,卖盘
1722,10:46:06,24.71,--,3,7413,卖盘
1723,10:46:03,24.71,--,8,19768,卖盘
1724,10:46:00,24.71,0.01,5,12355,买盘
1725,10:45:54,24.7,--,10,24700,卖盘
1726,10:45:48,24.7,-0.01,9,22230,卖盘
1727,10:45:45,24.71,0.01,13,32123,买盘
1728,10:45:42,24.7,-0.01,35,86450,卖盘
1729,10:45:39,24.71,0.01,3,7413,卖盘
1730,10:45:36,24.7,-0.02,10,24700,卖盘
1731,10:45:33,24.72,--,37,91464,买盘
1732,10:45:30,24.72,0.02,1,2472,买盘
1733,10:45:24,24.7,-0.02,19,46930,卖盘
1734,10:45:21,24.72,0.01,77,190344,买盘
1735,10:45:15,24.71,0.01,1,2471,买盘
1736,10:45:12,24.7,--,48,118560,卖盘
1737,10:45:06,24.7,--,3,7410,卖盘
1738,10:45:03,24.7,-0.02,22,54340,卖盘
1739,10:45:00,24.72,0.02,30,74160,买盘
1740,10:44:57,24.7,--,12,29640,卖盘
1741,10:44:51,24.7,0.04,7,17290,卖盘
1742,10:44:48,24.66,-0.06,2,4932,卖盘
1743,10:44:45,24.72,--,2,4944,卖盘
1744,10:44:42,24.72,0.02,5,12360,卖盘
1745,10:44:39,24.7,0.05,8,19760,买盘
1746,10:44:36,24.65,--,23,56695,卖盘
1747,10:44:33,24.65,-0.01,30,73950,卖盘
1748,10:44:27,24.66,-0.02,5,12330,买盘
1749,10:44:24,24.68,0.03,13,32084,卖盘
1750,10:44:21,24.65,-0.05,26,64089,卖盘
1751,10:44:15,24.7,0.03,11,27170,中性盘
1752,10:44:12,24.67,-0.03,137,337979,卖盘
1753,10:44:09,24.7,--,4,9880,买盘
1754,10:44:03,24.7,--,2,4940,买盘
1755,10:44:00,24.7,-0.02,578,1427660,卖盘
1756,10:43:57,24.72,-0.01,3,7416,卖盘
1757,10:43:54,24.73,-0.02,10,24730,卖盘
1758,10:43:51,24.75,--,1,2475,买盘
1759,10:43:48,24.75,0.02,9,22275,买盘
1760,10:43:45,24.73,-0.02,43,106339,卖盘
1761,10:43:39,24.75,-0.02,10,24750,卖盘
1762,10:43:36,24.77,-0.02,25,61925,买盘
1763,10:43:33,24.79,0.03,16,39664,买盘
1764,10:43:30,24.76,-0.02,6,14856,卖盘
1765,10:43:27,24.78,-0.01,7,17346,中性盘
1766,10:43:24,24.79,0.03,24,59496,买盘
1767,10:43:21,24.76,--,5,12380,卖盘
1768,10:43:18,24.76,-0.02,20,49520,卖盘
1769,10:43:15,24.78,-0.01,6,14868,中性盘
1770,10:43:03,24.79,--,5,12395,买盘
1771,10:43:00,24.79,-0.01,31,76849,中性盘
1772,10:42:51,24.8,--,56,138880,买盘
1773,10:42:48,24.8,--,1,2480,买盘
1774,10:42:45,24.8,--,299,741520,卖盘
1775,10:42:36,24.8,--,3,7440,卖盘
1776,10:42:33,24.8,--,4,9920,卖盘
1777,10:42:30,24.8,--,42,104160,卖盘
1778,10:42:27,24.8,--,16,39680,卖盘
1779,10:42:18,24.8,--,9,22320,卖盘
1780,10:42:15,24.8,--,78,193440,卖盘
1781,10:42:12,24.8,-0.01,22,55800,卖盘
1782,10:42:06,24.81,--,10,24810,卖盘
1783,10:42:03,24.81,--,19,47139,卖盘
1784,10:41:57,24.81,--,14,35974,买盘
1785,10:41:48,24.81,0.01,3,7443,买盘
1786,10:41:45,24.8,-0.01,15,37200,卖盘
1787,10:41:39,24.81,--,12,29772,买盘
1788,10:41:36,24.81,--,2,6202,卖盘
1789,10:41:33,24.81,--,56,138936,卖盘
1790,10:41:27,24.81,--,10,24810,卖盘
1791,10:41:24,24.81,--,11,27291,卖盘
1792,10:41:18,24.81,--,10,24810,卖盘
1793,10:41:15,24.81,--,60,148860,卖盘
1794,10:41:12,24.81,--,2,4962,卖盘
1795,10:41:09,24.81,--,74,183594,卖盘
1796,10:41:06,24.81,--,8,19848,卖盘
1797,10:41:00,24.81,-0.01,5,14166,卖盘
1798,10:40:54,24.82,--,26,64532,卖盘
1799,10:40:51,24.82,--,10,24820,卖盘
1800,10:40:45,24.82,--,10,24820,卖盘
1801,10:40:33,24.82,-0.01,54,134028,卖盘
1802,10:40:30,24.83,--,6,14897,卖盘
1803,10:40:27,24.83,-0.01,200,496599,卖盘
1804,10:40:18,24.84,-0.01,18,44712,卖盘
1805,10:40:15,24.85,--,3,7455,卖盘
1806,10:40:12,24.85,--,11,27335,卖盘
1807,10:40:09,24.85,0.01,30,74550,卖盘
1808,10:40:06,24.84,--,21,52164,卖盘
1809,10:40:03,24.84,--,19,47196,卖盘
1810,10:40:00,24.84,--,6,14904,卖盘
1811,10:39:54,24.84,--,5,12420,卖盘
1812,10:39:51,24.84,-0.01,23,57132,卖盘
1813,10:39:48,24.85,--,11,27335,卖盘
1814,10:39:45,24.85,0.01,29,72785,买盘
1815,10:39:39,24.84,0.01,34,84456,中性盘
1816,10:39:30,24.83,--,12,29795,卖盘
1817,10:39:27,24.83,--,68,168844,卖盘
1818,10:39:24,24.83,-0.02,10,24830,卖盘
1819,10:39:21,24.85,--,19,47215,买盘
1820,10:39:18,24.85,0.02,29,72065,买盘
1821,10:39:15,24.83,--,2,4966,卖盘
1822,10:39:06,24.83,-0.01,1,2483,卖盘
1823,10:39:03,24.84,--,8,19872,卖盘
1824,10:39:00,24.84,-0.01,2,4968,卖盘
1825,10:38:54,24.85,0.02,6,14910,买盘
1826,10:38:51,24.83,-0.02,9,22347,卖盘
1827,10:38:42,24.85,0.02,34,84490,买盘
1828,10:38:36,24.83,-0.02,2,4966,卖盘
1829,10:38:30,24.85,0.02,1,2485,买盘
1830,10:38:24,24.83,--,3,7448,卖盘
1831,10:38:18,24.83,-0.02,3,7448,卖盘
1832,10:38:15,24.85,0.02,11,27335,买盘
1833,10:38:11,24.83,--,3,7448,卖盘
1834,10:38:08,24.83,--,14,34762,卖盘
1835,10:38:02,24.83,-0.01,12,29795,卖盘
1836,10:37:59,24.84,--,10,24840,买盘
1837,10:37:53,24.84,--,44,109296,卖盘
1838,10:37:47,24.84,-0.01,3,7452,卖盘
1839,10:37:41,24.85,0.01,120,298200,买盘
1840,10:37:38,24.84,-0.01,13,32292,卖盘
1841,10:37:35,24.85,0.01,18,44730,买盘
1842,10:37:29,24.84,--,4,9936,卖盘
1843,10:37:26,24.84,--,25,62100,卖盘
1844,10:37:23,24.84,-0.06,14,34875,卖盘
1845,10:37:14,24.9,0.05,20,49800,买盘
1846,10:37:11,24.85,--,13,32305,卖盘
1847,10:37:05,24.85,-0.05,6,14910,卖盘
1848,10:36:59,24.9,0.02,67,166830,买盘
1849,10:36:56,24.88,0.03,1,2488,中性盘
1850,10:36:50,24.85,--,5,12425,卖盘
1851,10:36:44,24.85,-0.04,11,27335,卖盘
1852,10:36:41,24.89,0.04,5,12445,中性盘
1853,10:36:35,24.85,-0.05,12,29820,卖盘
1854,10:36:32,24.9,0.02,4,9960,中性盘
1855,10:36:26,24.88,-0.03,26,64688,卖盘
1856,10:36:20,24.91,0.03,42,105767,买盘
1857,10:36:17,24.88,-0.03,16,39808,卖盘
1858,10:36:11,24.91,--,8,19928,买盘
1859,10:36:05,24.91,0.01,38,94658,买盘
1860,10:36:02,24.9,-0.01,10,24900,卖盘
1861,10:35:59,24.91,--,1,2491,买盘
1862,10:35:56,24.91,--,5,13800,卖盘
1863,10:35:53,24.91,--,49,122059,卖盘
1864,10:35:44,24.91,0.01,5,12455,卖盘
1865,10:35:41,24.9,0.02,27,68375,买盘
1866,10:35:38,24.88,-0.02,2,4976,卖盘
1867,10:35:35,24.9,-0.01,7,18774,卖盘
1868,10:35:32,24.91,0.01,17,42347,买盘
1869,10:35:29,24.9,--,6,14940,卖盘
1870,10:35:23,24.9,-0.02,3,7470,卖盘
1871,10:35:20,24.92,0.02,23,57316,买盘
1872,10:35:14,24.9,--,13,32369,卖盘
1873,10:35:11,24.9,--,7,17430,卖盘
1874,10:35:05,24.9,--,6,14940,卖盘
1875,10:35:02,24.9,--,61,153035,买盘
1876,10:34:56,24.9,--,2,4980,买盘
1877,10:34:53,24.9,--,1,2490,买盘
1878,10:34:50,24.9,0.02,25,62250,买盘
1879,10:34:41,24.88,--,4,9952,卖盘
1880,10:34:32,24.88,--,19,47272,卖盘
1881,10:34:26,24.88,--,8,19904,卖盘
1882,10:34:23,24.88,0.03,5,13684,买盘
1883,10:34:17,24.85,0.01,2,4970,卖盘
1884,10:34:11,24.84,-0.01,6,14904,卖盘
1885,10:34:08,24.85,--,5,12425,卖盘
1886,10:34:05,24.85,--,1,2485,卖盘
1887,10:33:56,24.85,0.02,15,37275,买盘
1888,10:33:47,24.83,-0.01,46,114217,卖盘
1889,10:33:44,24.84,-0.01,14,34776,卖盘
1890,10:33:41,24.85,--,17,42245,买盘
1891,10:33:38,24.85,0.02,8,19880,买盘
1892,10:33:29,24.83,--,21,52143,卖盘
1893,10:33:23,24.83,0.01,21,52143,买盘
1894,10:33:20,24.82,-0.01,9,22338,卖盘
1895,10:33:17,24.83,0.01,27,67041,买盘
1896,10:33:14,24.82,-0.01,2,4964,卖盘
1897,10:33:11,24.83,0.01,11,27312,买盘
1898,10:33:05,24.82,0.01,33,81906,卖盘
1899,10:32:59,24.81,--,1,2481,卖盘
1900,10:32:56,24.81,-0.01,14,34734,卖盘
1901,10:32:50,24.82,-0.02,12,29784,卖盘
1902,10:32:44,24.84,0.01,13,32292,买盘
1903,10:32:38,24.83,-0.01,46,114217,卖盘
1904,10:32:35,24.84,0.01,5,12420,买盘
1905,10:32:32,24.83,--,9,22347,卖盘
1906,10:32:26,24.83,--,31,78214,卖盘
1907,10:32:23,24.83,--,50,124149,买盘
1908,10:32:17,24.83,0.02,32,79456,中性盘
1909,10:32:14,24.81,--,8,19848,卖盘
1910,10:32:11,24.81,-0.02,156,387036,卖盘
1911,10:32:08,24.83,-0.01,8,19864,卖盘
1912,10:32:05,24.84,0.01,7,17388,买盘
1913,10:31:59,24.83,--,5,12415,卖盘
1914,10:31:56,24.83,--,2,4966,卖盘
1915,10:31:53,24.83,--,17,42211,卖盘
1916,10:31:47,24.83,--,16,39728,卖盘
1917,10:31:44,24.83,-0.01,44,109251,卖盘
1918,10:31:35,24.84,-0.01,5,12420,卖盘
1919,10:31:32,24.85,--,48,119280,卖盘
1920,10:31:29,24.85,-0.01,27,67095,卖盘
1921,10:31:26,24.86,-0.02,2,4972,买盘
1922,10:31:20,24.88,-0.02,4,9952,中性盘
1923,10:31:14,24.9,0.02,47,118374,买盘
1924,10:31:08,24.88,--,60,149280,卖盘
1925,10:31:05,24.88,-0.02,46,114448,卖盘
1926,10:31:02,24.9,--,106,263940,卖盘
1927,10:30:59,24.9,-0.02,184,458160,卖盘
1928,10:30:53,24.92,0.02,10,24920,买盘
1929,10:30:50,24.9,--,28,69720,卖盘
1930,10:30:47,24.9,-0.01,22,54780,卖盘
1931,10:30:44,24.91,--,1,2491,卖盘
1932,10:30:41,24.91,--,58,144478,卖盘
1933,10:30:35,24.91,--,126,313866,卖盘
1934,10:30:29,24.91,--,2,4982,卖盘
1935,10:30:23,24.91,-0.01,44,109604,卖盘
1936,10:30:20,24.92,--,2,4984,卖盘
1937,10:30:17,24.92,-0.03,97,241724,卖盘
1938,10:30:14,24.95,--,190,474050,卖盘
1939,10:30:11,24.95,--,15,37425,卖盘
1940,10:30:08,24.95,--,463,1155185,卖盘
1941,10:30:02,24.95,--,68,169660,卖盘
1942,10:29:59,24.95,--,6,14970,卖盘
1943,10:29:56,24.95,--,2,4990,卖盘
1944,10:29:53,24.95,-0.01,3,7485,卖盘
1945,10:29:50,24.96,--,40,102286,卖盘
1946,10:29:47,24.96,--,17,42432,卖盘
1947,10:29:44,24.96,-0.03,3,7488,卖盘
1948,10:29:38,24.99,0.03,5,12495,买盘
1949,10:29:35,24.96,--,52,129792,卖盘
1950,10:29:32,24.96,-0.03,4,9984,卖盘
1951,10:29:29,24.99,0.03,16,39984,买盘
1952,10:29:23,24.96,-0.01,5,12480,卖盘
1953,10:29:20,24.97,0.01,1,2497,中性盘
1954,10:29:11,24.96,-0.03,8,19968,卖盘
1955,10:29:05,24.99,0.03,25,62474,买盘
1956,10:29:02,24.96,--,4,9984,卖盘
1957,10:28:56,24.96,--,39,97344,卖盘
1958,10:28:50,24.96,-0.01,2,4992,卖盘
1959,10:28:44,24.97,0.01,202,504394,买盘
1960,10:28:38,24.96,--,2,4992,卖盘
1961,10:28:35,24.96,-0.03,7,17472,卖盘
1962,10:28:32,24.99,0.02,1,2499,买盘
1963,10:28:26,24.97,--,6,14982,卖盘
1964,10:28:23,24.97,--,8,19976,卖盘
1965,10:28:20,24.97,--,5,12485,卖盘
1966,10:28:08,24.97,--,7,17479,卖盘
1967,10:28:05,24.97,--,1,2497,卖盘
1968,10:28:02,24.97,--,1,2497,卖盘
1969,10:27:56,24.97,0.01,4,9988,卖盘
1970,10:27:53,24.96,--,9,22464,卖盘
1971,10:27:44,24.96,--,41,102336,卖盘
1972,10:27:38,24.96,-0.01,6,14976,卖盘
1973,10:27:32,24.97,0.01,5,12485,买盘
1974,10:27:29,24.96,--,9,22464,卖盘
1975,10:27:23,24.96,--,25,62400,卖盘
1976,10:27:14,24.96,--,49,122304,卖盘
1977,10:27:05,24.96,-0.01,1,2496,卖盘
1978,10:27:02,24.97,0.01,185,461945,买盘
1979,10:26:53,24.96,--,4,9984,卖盘
1980,10:26:41,24.96,--,4,9984,卖盘
1981,10:26:35,24.96,--,1,2496,卖盘
1982,10:26:26,24.96,--,17,42432,卖盘
1983,10:26:23,24.96,-0.01,6,14976,卖盘
1984,10:26:17,24.97,0.01,92,229724,买盘
1985,10:26:11,24.96,-0.01,2,4992,卖盘
1986,10:26:08,24.97,0.01,10,24970,买盘
1987,10:26:02,24.96,--,2,4992,卖盘
1988,10:25:59,24.96,-0.01,2,4992,卖盘
1989,10:25:56,24.97,0.01,7,17479,买盘
1990,10:25:53,24.96,-0.01,2,4992,卖盘
1991,10:25:50,24.97,0.01,5,14782,买盘
1992,10:25:44,24.96,-0.01,3,7488,卖盘
1993,10:25:41,24.97,0.01,1,2497,买盘
1994,10:25:38,24.96,-0.01,5,12480,卖盘
1995,10:25:35,24.97,0.01,10,24970,买盘
1996,10:25:32,24.96,-0.01,6,14976,卖盘
1997,10:25:29,24.97,-0.03,4,9988,卖盘
1998,10:25:26,25.0,0.02,19,47500,买盘
1999,10:25:20,24.98,-0.02,2,4996,卖盘
2000,10:25:17,25.0,0.03,21,52500,买盘
2001,10:25:14,24.97,0.01,7,17479,卖盘
2002,10:25:08,24.96,--,6,14976,卖盘
2003,10:25:05,24.96,-0.04,35,87360,卖盘
2004,10:25:02,25.0,--,1,4775,卖盘
2005,10:24:59,25.0,--,1,2500,卖盘
2006,10:24:50,25.0,0.04,198,495225,买盘
2007,10:24:47,24.96,-0.02,2,4992,卖盘
2008,10:24:44,24.98,--,4,9992,买盘
2009,10:24:35,24.98,0.02,9,22482,买盘
2010,10:24:32,24.96,--,4,9984,卖盘
2011,10:24:26,24.96,-0.02,15,37440,卖盘
2012,10:24:23,24.98,0.02,1,2498,买盘
2013,10:24:17,24.96,--,2,4992,卖盘
2014,10:24:11,24.96,--,73,182208,卖盘
2015,10:24:08,24.96,-0.02,10,24960,卖盘
2016,10:24:05,24.98,-0.02,2,4996,卖盘
2017,10:23:59,25.0,0.02,400,1000000,买盘
2018,10:23:56,24.98,0.02,1,2498,中性盘
2019,10:23:53,24.96,--,4,9984,卖盘
2020,10:23:44,24.96,-0.01,10,24960,卖盘
2021,10:23:38,24.97,0.01,10,24970,买盘
2022,10:23:35,24.96,-0.01,27,67392,卖盘
2023,10:23:32,24.97,--,19,49715,卖盘
2024,10:23:29,24.97,-0.03,5,12485,卖盘
2025,10:23:23,25.0,0.03,133,332500,买盘
2026,10:23:20,24.97,-0.03,1,2497,卖盘
2027,10:23:17,25.0,--,16,40000,买盘
2028,10:23:14,25.0,-0.01,11,27500,买盘
2029,10:23:11,25.01,--,2,5002,卖盘
2030,10:23:05,25.01,0.04,23,57523,买盘
2031,10:23:02,24.97,--,10,24970,卖盘
2032,10:22:59,24.97,--,5,12485,卖盘
2033,10:22:56,24.97,--,30,74910,卖盘
2034,10:22:50,24.97,--,1,2497,卖盘
2035,10:22:47,24.97,-0.03,12,29964,卖盘
2036,10:22:44,25.0,0.03,18,45000,买盘
2037,10:22:38,24.97,--,3,7491,卖盘
2038,10:22:32,24.97,--,18,44946,卖盘
2039,10:22:23,24.97,-0.03,93,232221,卖盘
2040,10:22:17,25.0,--,506,1265000,买盘
2041,10:22:14,25.0,0.03,10,25000,买盘
2042,10:22:11,24.97,-0.03,4,9988,卖盘
2043,10:22:05,25.0,0.03,15,37500,买盘
2044,10:22:02,24.97,-0.04,21,52437,卖盘
2045,10:21:50,25.01,--,1,2501,买盘
2046,10:21:47,25.01,--,114,285114,买盘
2047,10:21:44,25.01,--,3,7503,买盘
2048,10:21:32,25.01,0.03,115,287615,中性盘
2049,10:21:29,24.98,-0.04,1,2498,卖盘
2050,10:21:26,25.02,0.02,176,440352,买盘
2051,10:21:23,25.0,--,20,50000,卖盘
2052,10:21:11,25.0,0.03,20,50000,买盘
2053,10:21:02,24.97,--,18,44946,卖盘
2054,10:20:53,24.97,-0.02,71,177287,卖盘
2055,10:20:44,24.99,--,1,2499,买盘
2056,10:20:38,24.99,--,27,67473,买盘
2057,10:20:32,24.99,-0.01,176,439824,卖盘
2058,10:20:26,25.0,0.01,3,7500,买盘
2059,10:20:20,24.99,--,1,2499,卖盘
2060,10:20:17,24.99,--,2,4998,卖盘
2061,10:20:11,24.99,--,15,37485,卖盘
2062,10:20:02,24.99,--,2,4998,卖盘
2063,10:19:50,24.99,--,20,49980,卖盘
2064,10:19:47,24.99,--,12,29987,卖盘
2065,10:19:38,24.99,--,4,9996,卖盘
2066,10:19:35,24.99,-0.01,17,42483,卖盘
2067,10:19:32,25.0,--,7,17500,卖盘
2068,10:19:29,25.0,-0.01,32,80000,买盘
2069,10:19:23,25.01,0.02,25,62525,中性盘
2070,10:19:17,24.99,-0.01,72,179928,卖盘
2071,10:19:11,25.0,--,9,22500,卖盘
2072,10:19:08,25.0,-0.02,9,22500,卖盘
2073,10:19:05,25.02,--,351,878202,卖盘
2074,10:19:02,25.02,-0.04,9,22518,卖盘
2075,10:18:56,25.06,--,40,100240,卖盘
2076,10:18:53,25.06,-0.07,7,17542,卖盘
2077,10:18:50,25.13,0.07,4,10052,买盘
2078,10:18:47,25.06,--,15,37590,卖盘
2079,10:18:44,25.06,--,100,250600,卖盘
2080,10:18:41,25.06,-0.02,20,50120,卖盘
2081,10:18:37,25.08,0.01,84,210672,买盘
2082,10:18:25,25.07,0.01,2,5014,买盘
2083,10:18:22,25.06,--,50,125300,卖盘
2084,10:18:19,25.06,--,13,32578,卖盘
2085,10:18:07,25.06,-0.01,4,10024,卖盘
2086,10:18:01,25.07,--,40,100280,卖盘
2087,10:17:58,25.07,-0.01,9,22563,卖盘
2088,10:17:55,25.08,--,26,65207,买盘
2089,10:17:52,25.08,0.01,5,12540,买盘
2090,10:17:49,25.07,-0.01,17,42619,卖盘
2091,10:17:46,25.08,0.01,1,2508,买盘
2092,10:17:43,25.07,--,6,15042,卖盘
2093,10:17:40,25.07,--,14,35098,卖盘
2094,10:17:37,25.07,--,12,30084,卖盘
2095,10:17:31,25.07,-0.09,15,37605,卖盘
2096,10:17:28,25.16,0.09,18,45288,买盘
2097,10:17:25,25.07,-0.01,12,30084,卖盘
2098,10:17:22,25.08,--,2,5016,卖盘
2099,10:17:19,25.08,--,13,32603,卖盘
2100,10:17:10,25.08,--,5,12540,卖盘
2101,10:17:04,25.08,--,1,2508,卖盘
2102,10:16:58,25.08,0.01,3,7523,卖盘
2103,10:16:55,25.07,-0.01,24,60168,卖盘
2104,10:16:52,25.08,0.01,44,110351,买盘
2105,10:16:46,25.07,--,9,22563,买盘
2106,10:16:34,25.07,-0.01,8,20056,卖盘
2107,10:16:31,25.08,-0.09,10,25080,卖盘
2108,10:16:28,25.17,-0.01,1,2517,中性盘
2109,10:16:22,25.18,0.11,117,294606,买盘
2110,10:16:13,25.07,-0.1,2,5014,卖盘
2111,10:16:10,25.17,0.11,20,50340,买盘
2112,10:15:52,25.06,-0.01,1012,2536072,卖盘
2113,10:15:49,25.07,--,5,12535,买盘
2114,10:15:34,25.07,--,20,50140,买盘
2115,10:15:31,25.07,--,8,20056,买盘
2116,10:15:22,25.07,--,12,30084,买盘
2117,10:15:19,25.07,-0.1,1002,2512014,卖盘
2118,10:15:16,25.17,-0.01,240,604080,卖盘
2119,10:15:13,25.18,0.01,232,584176,买盘
2120,10:15:07,25.17,--,8,20136,卖盘
2121,10:15:04,25.17,-0.01,23,57891,卖盘
2122,10:15:01,25.18,0.01,21,52878,买盘
2123,10:14:55,25.17,--,4,10068,卖盘
2124,10:14:49,25.17,--,8,20136,卖盘
2125,10:14:43,25.17,--,30,75510,卖盘
2126,10:14:34,25.17,--,2,5034,卖盘
2127,10:14:31,25.17,--,10,25170,卖盘
2128,10:14:28,25.17,--,13,32721,卖盘
2129,10:14:25,25.17,--,60,151020,卖盘
2130,10:14:22,25.17,--,79,198843,卖盘
2131,10:14:19,25.17,--,2,5034,卖盘
2132,10:14:16,25.17,--,19,47823,卖盘
2133,10:14:13,25.17,--,151,380067,卖盘
2134,10:14:10,25.17,--,23,57891,卖盘
2135,10:14:07,25.17,--,4,10068,卖盘
2136,10:14:04,25.17,--,103,259251,卖盘
2137,10:14:01,25.17,--,20,50340,卖盘
2138,10:13:58,25.17,--,9,22653,卖盘
2139,10:13:55,25.17,--,6,15102,卖盘
2140,10:13:52,25.17,--,118,297006,卖盘
2141,10:13:46,25.17,--,50,125850,卖盘
2142,10:13:37,25.17,-0.02,51,128367,卖盘
2143,10:13:34,25.19,0.02,151,380369,买盘
2144,10:13:31,25.17,--,17,42789,卖盘
2145,10:13:25,25.17,--,84,211428,卖盘
2146,10:13:22,25.17,--,2,5034,卖盘
2147,10:13:19,25.17,--,30,75510,卖盘
2148,10:13:16,25.17,-0.02,22,55374,卖盘
2149,10:13:13,25.19,0.02,65,163735,买盘
2150,10:13:10,25.17,--,22,55374,卖盘
2151,10:13:07,25.17,0.09,55,138435,买盘
2152,10:13:04,25.08,0.01,115,288420,中性盘
2153,10:13:01,25.07,-0.1,3,7521,中性盘
2154,10:12:58,25.17,-0.02,30,75510,买盘
2155,10:12:52,25.19,0.02,93,234267,买盘
2156,10:12:49,25.17,0.09,6,15102,买盘
2157,10:12:46,25.08,-0.09,4,10032,卖盘
2158,10:12:43,25.17,--,938,2362380,卖盘
2159,10:12:40,25.17,-0.02,9,22653,卖盘
2160,10:12:34,25.19,0.02,104,263059,买盘
2161,10:12:28,25.17,--,47,118299,买盘
2162,10:12:25,25.17,--,2,5034,买盘
2163,10:12:22,25.17,--,3,7551,买盘
2164,10:12:19,25.17,--,515,1297689,卖盘
2165,10:12:16,25.17,--,20,50340,卖盘
2166,10:12:13,25.17,-0.02,1,2517,卖盘
2167,10:12:10,25.19,0.02,43,108317,买盘
2168,10:12:04,25.17,-0.01,23,57891,卖盘
2169,10:12:01,25.18,--,10,25180,卖盘
2170,10:11:58,25.18,0.01,37,93166,买盘
2171,10:11:52,25.17,--,493,1241963,买盘
2172,10:11:46,25.17,--,59,148503,买盘
2173,10:11:43,25.17,--,3,7551,买盘
2174,10:11:40,25.17,--,13,32721,买盘
2175,10:11:37,25.17,--,82,207828,卖盘
2176,10:11:28,25.17,-0.02,9,22653,卖盘
2177,10:11:25,25.19,--,35,88165,买盘
2178,10:11:22,25.19,0.02,649,1634831,买盘
2179,10:11:16,25.17,-0.02,5,12585,卖盘
2180,10:11:13,25.19,0.02,54,136026,买盘
2181,10:11:10,25.17,--,25,62925,卖盘
2182,10:11:07,25.17,-0.02,13,32721,卖盘
2183,10:11:01,25.19,0.02,42,105798,买盘
2184,10:10:58,25.17,--,1,2517,卖盘
2185,10:10:55,25.17,--,5,12585,卖盘
2186,10:10:52,25.17,--,52,130884,卖盘
2187,10:10:43,25.17,--,50,125850,卖盘
2188,10:10:40,25.17,0.08,246,620264,买盘
2189,10:10:34,25.09,-0.01,37,92833,卖盘
2190,10:10:31,25.1,0.04,367,921170,买盘
2191,10:10:19,25.06,-0.02,5,12530,卖盘
2192,10:10:16,25.08,0.02,43,107843,买盘
2193,10:10:10,25.06,-0.02,5,12530,中性盘
2194,10:10:07,25.08,0.03,40,100320,买盘
2195,10:10:04,25.05,-0.03,20,50100,中性盘
2196,10:09:55,25.08,0.01,47,117875,买盘
2197,10:09:52,25.07,--,1,2507,买盘
2198,10:09:46,25.07,--,41,102787,买盘
2199,10:09:43,25.07,--,11,27577,买盘
2200,10:09:34,25.07,--,48,120336,买盘
2201,10:09:28,25.07,--,16,40112,买盘
2202,10:09:25,25.07,0.07,47,117829,买盘
2203,10:09:19,25.0,-0.07,40,100000,卖盘
2204,10:09:10,25.07,--,40,100280,买盘
2205,10:09:07,25.07,0.07,1,2507,买盘
2206,10:09:04,25.0,--,1,2500,卖盘
2207,10:09:01,25.0,-0.08,66,165000,卖盘
2208,10:08:49,25.08,0.08,48,120383,买盘
2209,10:08:43,25.0,-0.08,10,25000,卖盘
2210,10:08:40,25.08,--,45,112859,买盘
2211,10:08:37,25.08,--,8,20064,买盘
2212,10:08:28,25.08,0.09,75,188100,买盘
2213,10:08:25,24.99,--,8,19992,卖盘
2214,10:08:22,24.99,--,3,7496,卖盘
2215,10:08:19,24.99,--,51,127448,卖盘
2216,10:08:16,24.99,--,12,29987,卖盘
2217,10:08:13,24.99,--,2,4998,卖盘
2218,10:08:10,24.99,--,31,77469,卖盘
2219,10:08:04,24.99,--,47,117452,卖盘
2220,10:08:01,24.99,-0.09,2,4998,卖盘
2221,10:07:55,25.08,0.09,48,120383,买盘
2222,10:07:46,24.99,-0.08,10,24990,卖盘
2223,10:07:43,25.07,0.01,54,135378,买盘
2224,10:07:34,25.06,0.01,57,142842,买盘
2225,10:07:28,25.05,--,15,37575,买盘
2226,10:07:25,25.05,-0.01,3,7515,卖盘
2227,10:07:22,25.06,--,48,120288,买盘
2228,10:07:19,25.06,-0.01,2,5012,中性盘
2229,10:07:13,25.07,0.09,42,105294,买盘
2230,10:07:10,24.98,-0.08,15,37470,卖盘
2231,10:07:04,25.06,--,1,2506,卖盘
2232,10:06:58,25.06,0.01,31,77911,买盘
2233,10:06:52,25.05,0.07,50,125250,买盘
2234,10:06:40,24.98,-0.06,20,49960,卖盘
2235,10:06:37,25.04,--,46,115184,买盘
2236,10:06:28,25.04,0.06,41,102664,买盘
2237,10:06:25,24.98,-0.06,2,4996,卖盘
2238,10:06:16,25.04,0.06,46,115184,买盘
2239,10:06:07,24.98,--,51,127398,卖盘
2240,10:06:04,24.98,-0.06,33,82434,卖盘
2241,10:06:01,25.04,-0.02,5,12520,买盘
2242,10:05:52,25.06,0.01,45,112770,买盘
2243,10:05:49,25.05,0.01,10,25050,买盘
2244,10:05:46,25.04,-0.01,5,12520,卖盘
2245,10:05:43,25.05,--,48,120240,买盘
2246,10:05:40,25.05,--,13,32565,买盘
2247,10:05:31,25.05,0.01,42,105210,买盘
2248,10:05:22,25.04,0.05,65,162760,买盘
2249,10:05:19,24.99,-0.05,4,9996,卖盘
2250,10:05:10,25.04,--,43,107672,买盘
2251,10:05:07,25.04,-0.01,4,10016,买盘
2252,10:05:01,25.05,0.07,46,115230,买盘
2253,10:04:52,24.98,-0.07,49,122402,卖盘
2254,10:04:49,25.05,0.07,40,100200,买盘
2255,10:04:43,24.98,-0.07,80,199840,卖盘
2256,10:04:37,25.05,0.06,44,110220,买盘
2257,10:04:34,24.99,0.01,17,42483,中性盘
2258,10:04:28,24.98,-0.07,101,252298,卖盘
2259,10:04:25,25.05,0.07,47,117735,买盘
2260,10:04:16,24.98,-0.08,41,102418,卖盘
2261,10:04:10,25.06,--,1,2506,买盘
2262,10:04:04,25.06,--,43,107758,买盘
2263,10:04:01,25.06,--,160,400960,买盘
2264,10:03:55,25.06,0.08,156,390936,买盘
2265,10:03:46,24.98,-0.08,9,22482,卖盘
2266,10:03:43,25.06,-0.01,52,130312,卖盘
2267,10:03:40,25.07,0.01,50,125350,买盘
2268,10:03:31,25.06,0.01,35,87710,买盘
2269,10:03:22,25.05,-0.01,15,37575,买盘
2270,10:03:19,25.06,-0.01,43,107758,买盘
2271,10:03:10,25.07,0.11,41,102787,买盘
2272,10:03:04,24.96,--,17,42432,卖盘
2273,10:02:58,24.96,--,44,110073,卖盘
2274,10:02:49,24.96,-0.11,46,114816,卖盘
2275,10:02:37,25.07,-0.01,46,115322,买盘
2276,10:02:25,25.08,--,50,125399,买盘
2277,10:02:19,25.08,-0.02,1,2508,买盘
2278,10:02:13,25.1,0.02,42,105420,买盘
2279,10:02:04,25.08,0.13,40,100320,买盘
2280,10:02:01,24.95,0.02,1,3717,中性盘
2281,10:01:58,24.93,-0.07,5,12465,卖盘
2282,10:01:55,25.0,0.07,47,117500,买盘
2283,10:01:46,24.93,--,26,64818,卖盘
2284,10:01:43,24.93,-0.07,52,129636,卖盘
2285,10:01:40,25.0,0.07,13,32500,买盘
2286,10:01:34,24.93,-0.07,17,42381,卖盘
2287,10:01:31,25.0,0.05,40,100000,买盘
2288,10:01:28,24.95,-0.05,2,4990,卖盘
2289,10:01:22,25.0,--,14,35000,买盘
2290,10:01:19,25.0,0.06,48,120000,买盘
2291,10:01:13,24.94,--,7,17458,买盘
2292,10:01:10,24.94,-0.06,4,9976,卖盘
2293,10:01:07,25.0,0.05,42,105000,买盘
2294,10:01:04,24.95,-0.05,19,47405,中性盘
2295,10:00:58,25.0,0.05,54,135000,买盘
2296,10:00:52,24.95,-0.13,21,54665,卖盘
2297,10:00:49,25.08,0.08,30,75465,买盘
2298,10:00:43,25.0,0.05,1,2500,买盘
2299,10:00:40,24.95,--,1,2495,卖盘
2300,10:00:37,24.95,-0.17,73,184405,卖盘
2301,10:00:31,25.12,0.12,200,502400,买盘
2302,10:00:28,25.0,--,2,5000,卖盘
2303,10:00:25,25.0,0.06,11,27725,买盘
2304,10:00:22,24.94,-0.01,2,4988,卖盘
2305,10:00:16,24.95,--,8,19960,卖盘
2306,10:00:13,24.95,--,45,112275,卖盘
2307,10:00:10,24.95,-0.06,2,4990,卖盘
2308,10:00:07,25.01,0.06,18,45018,买盘
2309,10:00:04,24.95,-0.14,15,39695,卖盘
2310,10:00:01,25.09,0.09,41,102869,买盘
2311,09:59:55,25.0,--,2,6200,卖盘
2312,09:59:52,25.0,--,57,142500,卖盘
2313,09:59:43,25.0,--,23,57500,卖盘
2314,09:59:40,25.0,-0.05,104,262400,卖盘
2315,09:59:34,25.05,0.04,63,157815,买盘
2316,09:59:25,25.01,--,1,2501,买盘
2317,09:59:22,25.01,-0.07,95,237695,卖盘
2318,09:59:19,25.08,0.07,18,45144,买盘
2319,09:59:13,25.01,-0.04,50,125050,卖盘
2320,09:59:07,25.05,0.04,46,115230,中性盘
2321,09:59:01,25.01,--,1,3701,卖盘
2322,09:58:58,25.01,-0.05,25,62525,卖盘
2323,09:58:55,25.06,0.05,18,46310,买盘
2324,09:58:49,25.01,-0.04,5,12505,卖盘
2325,09:58:46,25.05,0.04,44,110220,买盘
2326,09:58:43,25.01,--,7,17507,卖盘
2327,09:58:40,25.01,--,3,7503,卖盘
2328,09:58:37,25.01,-0.04,10,25010,卖盘
2329,09:58:34,25.05,0.04,42,105210,买盘
2330,09:58:25,25.01,-0.04,68,170068,卖盘
2331,09:58:22,25.05,-0.01,116,291882,卖盘
2332,09:58:19,25.06,--,10,25060,买盘
2333,09:58:13,25.06,0.01,44,110264,买盘
2334,09:58:09,25.05,-0.01,2,5010,卖盘
2335,09:58:06,25.06,-0.07,37,92822,卖盘
2336,09:58:00,25.13,0.03,42,106752,买盘
2337,09:57:57,25.1,0.02,7,17570,买盘
2338,09:57:54,25.08,--,1,3711,卖盘
2339,09:57:48,25.08,0.01,9,22572,买盘
2340,09:57:42,25.07,-0.05,12,30084,中性盘
2341,09:57:39,25.12,0.07,43,108016,买盘
2342,09:57:30,25.05,-0.05,12,30060,卖盘
2343,09:57:27,25.1,0.05,47,117970,买盘
2344,09:57:21,25.05,-0.03,15,37575,卖盘
2345,09:57:18,25.08,0.03,56,140448,买盘
2346,09:57:12,25.05,--,3,7515,卖盘
2347,09:57:06,25.05,-0.01,59,147795,卖盘
2348,09:57:00,25.06,--,21,52626,买盘
2349,09:56:54,25.06,0.01,48,121490,买盘
2350,09:56:51,25.05,-0.01,77,192885,卖盘
2351,09:56:42,25.06,--,51,127806,买盘
2352,09:56:36,25.06,--,86,215516,买盘
2353,09:56:33,25.06,0.01,48,120288,买盘
2354,09:56:24,25.05,--,21,52605,卖盘
2355,09:56:21,25.05,0.03,119,298095,买盘
2356,09:56:18,25.02,0.02,3,7506,中性盘
2357,09:56:12,25.0,-0.06,1,2500,卖盘
2358,09:56:09,25.06,0.05,45,112770,中性盘
2359,09:56:06,25.01,0.01,7,17507,中性盘
2360,09:56:03,25.0,-0.07,100,250000,卖盘
2361,09:56:00,25.07,0.02,48,120336,买盘
2362,09:55:54,25.05,-0.03,1,3707,中性盘
2363,09:55:51,25.08,0.02,21,52668,买盘
2364,09:55:45,25.06,-0.01,41,102746,买盘
2365,09:55:42,25.07,-0.01,20,50140,中性盘
2366,09:55:36,25.08,--,68,170544,买盘
2367,09:55:27,25.08,0.08,44,110351,买盘
2368,09:55:18,25.0,--,3,7500,卖盘
2369,09:55:15,25.0,0.04,473,1182925,买盘
2370,09:55:12,24.96,--,5,12480,卖盘
2371,09:54:57,24.96,-0.02,7,18695,卖盘
2372,09:54:36,24.98,-0.02,1,2498,卖盘
2373,09:54:27,25.0,0.02,45,112500,买盘
2374,09:54:21,24.98,--,5,12490,卖盘
2375,09:54:18,24.98,-0.02,5,12490,卖盘
2376,09:54:15,25.0,0.02,200,500000,买盘
2377,09:54:12,24.98,--,86,214828,买盘
2378,09:54:06,24.98,0.01,1,2498,买盘
2379,09:54:03,24.97,0.04,10,24970,卖盘
2380,09:54:00,24.93,--,1,3689,卖盘
2381,09:53:54,24.93,--,1,2493,卖盘
2382,09:53:51,24.93,--,36,89748,卖盘
2383,09:53:45,24.93,-0.03,4,9972,卖盘
2384,09:53:42,24.96,0.03,9,23687,买盘
2385,09:53:39,24.93,-0.02,9,22437,卖盘
2386,09:53:27,24.95,-0.01,12,29940,中性盘
2387,09:53:24,24.96,0.03,7,17472,买盘
2388,09:53:21,24.93,-0.02,70,175257,卖盘
2389,09:53:18,24.95,--,6,14970,买盘
2390,09:53:15,24.95,0.02,20,49900,买盘
2391,09:53:12,24.93,-0.02,6,14958,卖盘
2392,09:53:09,24.95,0.02,5,12475,买盘
2393,09:53:00,24.93,--,10,24930,卖盘
2394,09:52:57,24.93,-0.03,30,74790,卖盘
2395,09:52:54,24.96,--,13,32448,卖盘
2396,09:52:51,24.96,-0.02,5,12480,卖盘
2397,09:52:48,24.98,0.05,61,152378,买盘
2398,09:52:39,24.93,-0.04,200,498600,卖盘
2399,09:52:33,24.97,0.01,94,234718,买盘
2400,09:52:30,24.96,0.01,110,274560,买盘
2401,09:52:24,24.95,--,5,12475,卖盘
2402,09:52:18,24.95,--,26,64870,卖盘
2403,09:52:15,24.95,0.06,44,109780,买盘
2404,09:52:03,24.89,-0.01,83,206587,卖盘
2405,09:51:57,24.9,--,33,83390,买盘
2406,09:51:54,24.9,-0.02,8,19920,中性盘
2407,09:51:48,24.92,0.04,4,9968,买盘
2408,09:51:45,24.88,-0.01,300,746400,卖盘
2409,09:51:36,24.89,-0.01,42,104538,卖盘
2410,09:51:33,24.9,-0.05,4,9960,卖盘
2411,09:51:30,24.95,0.06,12,29940,买盘
2412,09:51:27,24.89,--,6,14934,卖盘
2413,09:51:24,24.89,-0.01,74,184186,卖盘
2414,09:51:21,24.9,--,50,124500,卖盘
2415,09:51:15,24.9,--,74,186675,买盘
2416,09:51:12,24.9,--,9,22410,买盘
2417,09:51:09,24.9,0.01,100,249000,买盘
2418,09:51:06,24.89,--,14,34846,卖盘
2419,09:51:03,24.89,-0.01,8,19912,卖盘
2420,09:51:00,24.9,--,16,39840,买盘
2421,09:50:51,24.9,--,111,277684,卖盘
2422,09:50:42,24.9,-0.01,2,4980,卖盘
2423,09:50:39,24.91,0.01,2,4982,中性盘
2424,09:50:36,24.9,-0.02,75,186750,卖盘
2425,09:50:33,24.92,--,30,74760,买盘
2426,09:50:30,24.92,--,15,37380,买盘
2427,09:50:27,24.92,--,10,24920,买盘
2428,09:50:24,24.92,-0.04,174,433608,卖盘
2429,09:50:21,24.96,0.03,33,82368,买盘
2430,09:50:18,24.93,--,3,7479,卖盘
2431,09:50:15,24.93,--,36,89748,卖盘
2432,09:50:09,24.93,0.01,60,150776,买盘
2433,09:50:06,24.92,-0.01,50,124600,卖盘
2434,09:50:03,24.93,--,5,12465,买盘
2435,09:50:00,24.93,-0.03,20,49860,买盘
2436,09:49:57,24.96,--,25,62400,买盘
2437,09:49:48,24.96,--,13,32448,卖盘
2438,09:49:45,24.96,0.04,27,67392,买盘
2439,09:49:39,24.92,--,4,9968,卖盘
2440,09:49:36,24.92,--,62,154504,中性盘
2441,09:49:33,24.92,--,46,114632,买盘
2442,09:49:30,24.92,0.01,2,4984,买盘
2443,09:49:27,24.91,-0.08,30,74730,卖盘
2444,09:49:24,24.99,--,25,62474,买盘
2445,09:49:21,24.99,0.08,25,62474,买盘
2446,09:49:18,24.91,-0.04,7,17437,卖盘
2447,09:49:15,24.95,0.02,1,2495,卖盘
2448,09:49:12,24.93,-0.06,3,7479,买盘
2449,09:49:09,24.99,0.09,189,472310,买盘
2450,09:49:00,24.9,0.02,152,378480,买盘
2451,09:48:57,24.88,-0.01,16,41027,卖盘
2452,09:48:51,24.89,--,1,2489,买盘
2453,09:48:48,24.89,-0.01,92,228988,中性盘
2454,09:48:42,24.9,--,47,117030,买盘
2455,09:48:39,24.9,-0.09,96,239040,卖盘
2456,09:48:36,24.99,0.05,18,44982,买盘
2457,09:48:33,24.94,-0.05,16,39904,卖盘
2458,09:48:30,24.99,--,18,44982,卖盘
2459,09:48:27,24.99,--,194,484805,买盘
2460,09:48:21,24.99,--,1,2499,买盘
2461,09:48:12,24.99,--,19,47481,卖盘
2462,09:48:09,24.99,-0.01,11,27489,卖盘
2463,09:48:00,25.0,-0.04,167,418100,卖盘
2464,09:47:54,25.04,0.01,1,3705,卖盘
2465,09:47:48,25.03,--,5,12515,卖盘
2466,09:47:42,25.03,--,4,10837,卖盘
2467,09:47:39,25.03,-0.05,11,27533,卖盘
2468,09:47:33,25.08,0.06,290,727320,买盘
2469,09:47:30,25.02,-0.01,108,270216,卖盘
2470,09:47:24,25.03,--,10,25030,买盘
2471,09:47:21,25.03,-0.05,108,271625,卖盘
2472,09:47:15,25.08,0.02,4,10032,买盘
2473,09:47:12,25.06,--,3,7518,买盘
2474,09:47:06,25.06,0.03,2,5012,中性盘
2475,09:47:00,25.03,-0.05,396,992389,卖盘
2476,09:46:54,25.08,0.02,14,35112,买盘
2477,09:46:51,25.06,-0.02,2,5012,卖盘
2478,09:46:45,25.08,-0.04,288,722304,卖盘
2479,09:46:39,25.12,0.04,10,25120,买盘
2480,09:46:33,25.08,-0.04,52,130415,卖盘
2481,09:46:30,25.12,0.02,68,170816,买盘
2482,09:46:21,25.1,0.02,20,50200,买盘
2483,09:46:18,25.08,--,2,5016,卖盘
2484,09:46:15,25.08,-0.11,53,132924,卖盘
2485,09:46:12,25.19,-0.01,1,2519,中性盘
2486,09:46:06,25.2,0.1,7,17640,买盘
2487,09:46:03,25.1,-0.02,7,19251,卖盘
2488,09:45:57,25.12,-0.04,1,3717,卖盘
2489,09:45:51,25.16,--,7,17612,卖盘
2490,09:45:48,25.16,0.06,20,50320,中性盘
2491,09:45:45,25.1,-0.1,29,72790,卖盘
2492,09:45:42,25.2,0.04,199,502412,买盘
2493,09:45:36,25.16,0.06,182,457912,买盘
2494,09:45:33,25.1,--,4,10040,卖盘
2495,09:45:30,25.1,--,74,185740,卖盘
2496,09:45:27,25.1,-0.02,10,25100,卖盘
2497,09:45:24,25.12,0.02,50,125600,买盘
2498,09:45:21,25.1,--,27,67770,卖盘
2499,09:45:12,25.1,0.06,62,156824,买盘
2500,09:45:09,25.04,-0.01,2,5008,卖盘
2501,09:45:06,25.05,--,140,350700,买盘
2502,09:45:03,25.05,-0.05,139,349497,卖盘
2503,09:45:00,25.1,0.02,10,25100,买盘
2504,09:44:57,25.08,0.01,3,7523,中性盘
2505,09:44:54,25.07,--,2,6217,卖盘
2506,09:44:51,25.07,--,5,12535,卖盘
2507,09:44:45,25.07,0.02,3,7521,卖盘
2508,09:44:39,25.05,--,8,20040,卖盘
2509,09:44:36,25.05,--,14,35070,卖盘
2510,09:44:30,25.05,-0.05,145,363225,卖盘
2511,09:44:27,25.1,0.05,35,87850,买盘
2512,09:44:24,25.05,-0.02,4,10020,卖盘
2513,09:44:18,25.07,-0.01,102,255714,卖盘
2514,09:44:15,25.08,--,26,65207,卖盘
2515,09:44:12,25.08,0.03,299,750443,买盘
2516,09:44:00,25.05,--,4,10020,卖盘
2517,09:43:51,25.05,--,4,11222,买盘
2518,09:43:48,25.05,--,3,7515,买盘
2519,09:43:45,25.05,--,1,2505,买盘
2520,09:43:42,25.05,--,4,10020,买盘
2521,09:43:39,25.05,--,1,2505,买盘
2522,09:43:30,25.05,-0.02,17,42585,卖盘
2523,09:43:27,25.07,--,6,15042,买盘
2524,09:43:21,25.07,0.01,2,5014,买盘
2525,09:43:18,25.06,--,1,2506,卖盘
2526,09:43:12,25.06,-0.01,9,22554,卖盘
2527,09:43:09,25.07,0.01,4,10028,买盘
2528,09:43:06,25.06,0.04,6,15036,中性盘
2529,09:42:57,25.02,-0.04,200,500400,卖盘
2530,09:42:51,25.06,--,51,129008,卖盘
2531,09:42:48,25.06,-0.01,49,122794,中性盘
2532,09:42:45,25.07,0.02,6,15042,买盘
2533,09:42:42,25.05,-0.01,5,12525,卖盘
2534,09:42:39,25.06,-0.02,0,651,卖盘
2535,09:42:36,25.08,0.04,55,137940,买盘
2536,09:42:30,25.04,-0.01,112,280448,卖盘
2537,09:42:27,25.05,--,62,155310,卖盘
2538,09:42:21,25.05,-0.01,214,536070,卖盘
2539,09:42:15,25.06,--,2,5012,买盘
2540,09:42:12,25.06,--,55,137830,买盘
2541,09:42:09,25.06,0.01,46,115276,卖盘
2542,09:42:03,25.05,-0.03,200,501000,卖盘
2543,09:42:00,25.08,0.03,3,7523,买盘
2544,09:41:54,25.05,--,30,75150,卖盘
2545,09:41:51,25.05,-0.03,16,41933,卖盘
2546,09:41:45,25.08,--,6,15047,卖盘
2547,09:41:39,25.08,0.03,7,17556,买盘
2548,09:41:36,25.05,-0.03,25,62625,卖盘
2549,09:41:27,25.08,--,5,12540,买盘
2550,09:41:21,25.08,-0.03,12,30095,卖盘
2551,09:41:12,25.11,-0.01,4,10044,买盘
2552,09:41:00,25.12,0.01,41,102992,买盘
2553,09:40:57,25.11,--,1,2511,买盘
2554,09:40:54,25.11,0.02,0,1858,卖盘
2555,09:40:48,25.09,-0.02,0,652,买盘
2556,09:40:45,25.11,-0.01,1,4369,卖盘
2557,09:40:42,25.12,0.01,13,32656,买盘
2558,09:40:39,25.11,--,57,143127,卖盘
2559,09:40:36,25.11,--,50,125550,卖盘
2560,09:40:33,25.11,--,5,12555,卖盘
2561,09:40:30,25.11,0.09,186,467698,买盘
2562,09:40:27,25.02,-0.07,2,5004,卖盘
2563,09:40:21,25.09,--,23,57707,买盘
2564,09:40:18,25.09,--,270,677430,卖盘
2565,09:40:12,25.09,-0.01,10,25090,卖盘
2566,09:40:09,25.1,--,15,37650,买盘
2567,09:40:06,25.1,--,30,75300,买盘
2568,09:39:57,25.1,0.01,5,12550,中性盘
2569,09:39:54,25.09,-0.01,12,31287,卖盘
2570,09:39:51,25.1,-0.02,1,2510,中性盘
2571,09:39:48,25.12,0.02,47,118064,买盘
2572,09:39:45,25.1,-0.04,2,5020,卖盘
2573,09:39:42,25.14,--,4,10056,买盘
2574,09:39:39,25.14,--,14,35196,买盘
2575,09:39:36,25.14,-0.01,1,2514,中性盘
2576,09:39:27,25.15,0.01,15,37725,买盘
2577,09:39:21,25.14,-0.01,19,47766,卖盘
2578,09:39:18,25.15,0.01,21,52815,买盘
2579,09:39:15,25.14,-0.01,2,5028,卖盘
2580,09:39:12,25.15,--,10,25150,买盘
2581,09:39:06,25.15,-0.02,8,20120,卖盘
2582,09:39:00,25.17,0.02,30,75510,买盘
2583,09:38:51,25.15,-0.04,51,128265,卖盘
2584,09:38:42,25.19,--,0,1586,卖盘
2585,09:38:39,25.19,--,40,100760,卖盘
2586,09:38:33,25.19,--,23,57937,卖盘
2587,09:38:30,25.19,--,17,42823,卖盘
2588,09:38:27,25.19,0.04,928,2338564,买盘
2589,09:38:18,25.15,-0.01,74,187442,卖盘
2590,09:38:15,25.16,--,73,183668,卖盘
2591,09:38:12,25.16,--,5,12580,卖盘
2592,09:38:09,25.16,--,20,50320,卖盘
2593,09:38:06,25.16,--,6,15096,卖盘
2594,09:38:03,25.16,--,31,77996,卖盘
2595,09:38:00,25.16,0.01,82,206312,买盘
2596,09:37:57,25.15,--,2,6212,卖盘
2597,09:37:54,25.15,-0.01,20,50300,卖盘
2598,09:37:45,25.16,--,151,381425,卖盘
2599,09:37:42,25.16,-0.01,168,422688,卖盘
2600,09:37:39,25.17,0.01,70,176190,买盘
2601,09:37:36,25.16,-0.01,3,7548,卖盘
2602,09:37:33,25.17,0.01,10,25170,买盘
2603,09:37:30,25.16,-0.01,10,25160,卖盘
2604,09:37:24,25.17,0.01,20,50340,中性盘
2605,09:37:17,25.16,-0.01,117,294372,卖盘
2606,09:37:11,25.17,--,2,5034,卖盘
2607,09:37:08,25.17,0.01,30,75510,买盘
2608,09:37:02,25.16,--,13,32708,卖盘
2609,09:36:59,25.16,--,29,74146,卖盘
2610,09:36:53,25.16,--,4,10064,卖盘
2611,09:36:50,25.16,--,2,5032,卖盘
2612,09:36:47,25.16,-0.01,2,5032,卖盘
2613,09:36:44,25.17,0.01,11,27687,卖盘
2614,09:36:35,25.16,-0.02,20,50320,卖盘
2615,09:36:32,25.18,0.01,33,83094,买盘
2616,09:36:29,25.17,0.01,6,15102,买盘
2617,09:36:26,25.16,-0.01,308,774928,卖盘
2618,09:36:23,25.17,--,3,7551,卖盘
2619,09:36:20,25.17,--,3,7551,中性盘
2620,09:36:17,25.17,0.01,2,5034,买盘
2621,09:36:14,25.16,--,3,7548,卖盘
2622,09:36:11,25.16,--,16,40256,卖盘
2623,09:36:08,25.16,--,10,25160,卖盘
2624,09:36:05,25.16,--,35,88060,卖盘
2625,09:36:02,25.16,0.05,189,477863,买盘
2626,09:35:59,25.11,-0.03,334,838799,卖盘
2627,09:35:53,25.14,--,40,101766,卖盘
2628,09:35:50,25.14,--,10,25140,卖盘
2629,09:35:47,25.14,--,10,25140,卖盘
2630,09:35:44,25.14,--,20,50280,卖盘
2631,09:35:41,25.14,--,1,2514,卖盘
2632,09:35:38,25.14,--,74,186036,买盘
2633,09:35:35,25.14,--,30,75420,买盘
2634,09:35:26,25.14,--,13,32682,卖盘
2635,09:35:23,25.14,-0.01,1,2514,卖盘
2636,09:35:17,25.15,0.01,35,88025,买盘
2637,09:35:11,25.14,--,2,5028,卖盘
2638,09:35:08,25.14,--,2,5028,买盘
2639,09:35:05,25.14,0.02,1,2514,卖盘
2640,09:35:02,25.12,--,2,5024,卖盘
2641,09:34:59,25.12,0.01,12,31324,卖盘
2642,09:34:56,25.11,-0.03,71,178281,卖盘
2643,09:34:41,25.14,0.04,4,10056,买盘
2644,09:34:38,25.1,--,103,258530,买盘
2645,09:34:32,25.1,0.02,5,12550,买盘
2646,09:34:29,25.08,-0.07,33,82764,卖盘
2647,09:34:23,25.15,--,3,7545,买盘
2648,09:34:20,25.15,0.05,1,2515,买盘
2649,09:34:17,25.1,-0.01,14,35140,买盘
2650,09:34:14,25.11,0.01,22,55242,买盘
2651,09:34:11,25.1,--,12,30120,买盘
2652,09:34:05,25.1,--,273,685230,卖盘
2653,09:34:02,25.1,--,15,37650,卖盘
2654,09:33:59,25.1,--,4,10040,卖盘
2655,09:33:56,25.1,0.04,89,223390,买盘
2656,09:33:53,25.06,-0.04,801,2007306,卖盘
2657,09:33:50,25.1,--,10,25100,买盘
2658,09:33:47,25.1,--,14,35140,买盘
2659,09:33:44,25.1,0.02,23,57730,买盘
2660,09:33:38,25.08,--,10,25080,买盘
2661,09:33:35,25.08,--,45,112859,买盘
2662,09:33:32,25.08,--,4,10032,买盘
2663,09:33:29,25.08,0.03,3,7523,买盘
2664,09:33:26,25.05,-0.03,158,395790,卖盘
2665,09:33:11,25.08,0.02,3,7523,卖盘
2666,09:33:08,25.06,0.01,13,32578,中性盘
2667,09:33:02,25.05,--,13,32565,卖盘
2668,09:32:59,25.05,-0.01,2,5010,卖盘
2669,09:32:56,25.06,-0.02,441,1106348,卖盘
2670,09:32:53,25.08,0.02,581,1457649,买盘
2671,09:32:50,25.06,0.01,24,60144,卖盘
2672,09:32:47,25.05,-0.03,84,210420,卖盘
2673,09:32:44,25.08,0.03,5,12540,买盘
2674,09:32:41,25.05,-0.01,17,42585,卖盘
2675,09:32:38,25.06,0.01,150,375900,买盘
2676,09:32:32,25.05,-0.01,18,45090,卖盘
2677,09:32:26,25.06,--,13,32578,买盘
2678,09:32:23,25.06,-0.02,57,142842,卖盘
2679,09:32:20,25.08,0.01,1,2508,买盘
2680,09:32:17,25.07,-0.01,46,115322,中性盘
2681,09:32:08,25.08,--,2,5016,买盘
2682,09:32:05,25.08,--,84,210672,卖盘
2683,09:32:02,25.08,0.03,11,27587,卖盘
2684,09:31:59,25.05,-0.04,2,5010,卖盘
2685,09:31:53,25.09,-0.01,42,105378,买盘
2686,09:31:47,25.1,-0.04,93,234132,卖盘
2687,09:31:41,25.14,--,39,99856,买盘
2688,09:31:38,25.14,0.02,83,208662,买盘
2689,09:31:35,25.12,--,50,125600,卖盘
2690,09:31:32,25.12,-0.02,26,65312,卖盘
2691,09:31:29,25.14,--,10,25140,卖盘
2692,09:31:26,25.14,0.02,37,93018,买盘
2693,09:31:23,25.12,--,44,110528,卖盘
2694,09:31:20,25.12,--,15,37680,卖盘
2695,09:31:17,25.12,-0.02,33,82896,卖盘
2696,09:31:11,25.14,--,32,80448,买盘
2697,09:31:08,25.14,--,12,30168,买盘
2698,09:31:02,25.14,--,16,40224,买盘
2699,09:30:56,25.14,0.04,5,12570,中性盘
2700,09:30:50,25.1,--,2,5020,卖盘
2701,09:30:44,25.1,--,62,155620,卖盘
2702,09:30:41,25.1,--,5,12550,卖盘
2703,09:30:38,25.1,--,47,117970,卖盘
2704,09:30:35,25.1,-0.06,2,5020,卖盘
2705,09:30:26,25.16,0.06,12,30192,买盘
2706,09:30:23,25.1,-0.04,202,507020,卖盘
2707,09:30:17,25.14,0.04,3,7542,买盘
2708,09:30:08,25.1,-0.07,1032,2590320,卖盘
2709,09:25:20,25.17,--,0,0,买盘
2710,09:25:02,25.17,25.17,521,1311357,买盘
