,time,price,change,volume,amount,type
0,15:00:21,5.37,-0.01,8008,4300811,卖盘
1,14:57:21,5.38,--,0,0,买盘
2,14:57:03,5.38,--,95,51131,卖盘
3,14:57:00,5.38,--,52,28492,买盘
4,14:56:57,5.38,0.01,280,150640,买盘
5,14:56:54,5.37,-0.01,247,132660,卖盘
6,14:56:51,5.38,--,124,66712,买盘
7,14:56:48,5.38,--,234,126408,买盘
8,14:56:45,5.38,--,128,68864,买盘
9,14:56:42,5.38,--,620,333560,买盘
10,14:56:39,5.38,--,426,229188,买盘
11,14:56:36,5.38,0.01,234,125892,买盘
12,14:56:33,5.37,-0.01,232,124584,卖盘
13,14:56:27,5.38,--,195,104931,买盘
14,14:56:24,5.38,--,402,216276,买盘
15,14:56:21,5.38,--,492,264696,买盘
16,14:56:18,5.38,--,100,53800,买盘
17,14:56:15,5.38,--,546,294264,买盘
18,14:56:12,5.38,--,28,15064,买盘
19,14:56:09,5.38,--,628,337864,买盘
20,14:56:06,5.38,--,64,34432,买盘
21,14:56:03,5.38,--,65,34991,买盘
22,14:56:00,5.38,0.01,108,58104,买盘
23,14:55:57,5.37,--,118,63366,卖盘
24,14:55:54,5.37,-0.01,48,26291,卖盘
25,14:55:51,5.38,0.01,200,107600,买盘
26,14:55:48,5.37,-0.01,21,11298,卖盘
27,14:55:45,5.38,--,206,111344,买盘
28,14:55:39,5.38,--,152,81776,买盘
29,14:55:36,5.38,--,71,38219,买盘
30,14:55:33,5.38,0.01,278,150080,买盘
31,14:55:30,5.37,-0.01,1194,641178,卖盘
32,14:55:27,5.38,0.01,292,157096,买盘
33,14:55:24,5.37,--,407,218580,卖盘
34,14:55:18,5.37,--,72,39179,卖盘
35,14:55:15,5.37,-0.01,1947,1045560,卖盘
36,14:55:12,5.38,--,872,469652,买盘
37,14:55:09,5.38,0.01,536,288368,买盘
38,14:55:06,5.37,-0.01,100,53700,卖盘
39,14:55:03,5.38,--,138,74244,买盘
40,14:55:00,5.38,0.01,173,93095,买盘
41,14:54:57,5.37,--,32,17184,卖盘
42,14:54:54,5.37,--,98,53141,卖盘
43,14:54:51,5.37,--,567,304500,卖盘
44,14:54:48,5.37,-0.01,48,25776,卖盘
45,14:54:45,5.38,--,98,52724,买盘
46,14:54:42,5.38,0.01,226,121588,买盘
47,14:54:39,5.37,--,236,127247,卖盘
48,14:54:36,5.37,--,69,37074,卖盘
49,14:54:33,5.37,-0.01,722,387714,卖盘
50,14:54:30,5.38,0.01,610,328180,买盘
51,14:54:27,5.37,--,248,133176,卖盘
52,14:54:21,5.37,--,90,48845,卖盘
53,14:54:18,5.37,-0.01,616,330792,卖盘
54,14:54:15,5.38,0.01,325,174871,买盘
55,14:54:09,5.37,-0.01,140,75180,卖盘
56,14:54:06,5.38,0.01,556,299644,买盘
57,14:54:03,5.37,--,167,89700,卖盘
58,14:53:57,5.37,--,124,66588,卖盘
59,14:53:54,5.37,-0.01,42,23069,卖盘
60,14:53:51,5.38,0.01,356,191528,买盘
61,14:53:48,5.37,--,64,34368,卖盘
62,14:53:45,5.37,--,317,170250,卖盘
63,14:53:42,5.37,--,222,119214,卖盘
64,14:53:39,5.37,--,176,95027,卖盘
65,14:53:36,5.37,--,299,160584,卖盘
66,14:53:33,5.37,--,178,96101,卖盘
67,14:53:30,5.37,--,41,22038,卖盘
68,14:53:27,5.37,--,240,129395,卖盘
69,14:53:24,5.37,--,73,39222,卖盘
70,14:53:21,5.37,-0.01,18,10181,卖盘
71,14:53:18,5.38,--,228,122664,买盘
72,14:53:15,5.38,--,218,117284,买盘
73,14:53:09,5.38,--,41,22079,买盘
74,14:53:06,5.38,--,361,194497,卖盘
75,14:53:00,5.38,--,140,75836,卖盘
76,14:52:57,5.38,--,84,45192,卖盘
77,14:52:54,5.38,--,53,28535,卖盘
78,14:52:51,5.38,--,196,105964,卖盘
79,14:52:45,5.38,-0.01,158,85004,卖盘
80,14:52:42,5.39,0.01,409,220731,买盘
81,14:52:39,5.38,--,10,5380,卖盘
82,14:52:36,5.38,--,520,280276,卖盘
83,14:52:33,5.38,--,289,155503,卖盘
84,14:52:27,5.38,--,212,114056,卖盘
85,14:52:24,5.38,--,78,42480,卖盘
86,14:52:21,5.38,--,53,28535,卖盘
87,14:52:18,5.38,--,88,47344,卖盘
88,14:52:15,5.38,--,102,55392,卖盘
89,14:52:12,5.38,--,161,86639,卖盘
90,14:52:09,5.38,--,530,285656,卖盘
91,14:52:06,5.38,--,211,113539,卖盘
92,14:52:03,5.38,--,94,50572,卖盘
93,14:52:00,5.38,--,258,139320,卖盘
94,14:51:57,5.38,--,37,19927,卖盘
95,14:51:51,5.38,--,50,27416,卖盘
96,14:51:48,5.38,--,99,53283,卖盘
97,14:51:45,5.38,-0.01,82,44632,卖盘
98,14:51:42,5.39,0.01,17,9184,买盘
99,14:51:39,5.38,-0.01,8,4304,卖盘
100,14:51:36,5.39,--,2,1595,买盘
101,14:51:33,5.39,--,24,12936,买盘
102,14:51:30,5.39,-0.01,698,376222,卖盘
103,14:51:27,5.4,--,241,130161,买盘
104,14:51:24,5.4,0.01,82,44280,买盘
105,14:51:21,5.39,--,326,176231,卖盘
106,14:51:18,5.39,--,20,10780,卖盘
107,14:51:15,5.39,--,658,354662,卖盘
108,14:51:09,5.39,--,571,307790,卖盘
109,14:51:06,5.39,--,30,16169,卖盘
110,14:51:03,5.39,--,78,42559,卖盘
111,14:51:00,5.39,--,5,2716,卖盘
112,14:50:57,5.39,--,78,42042,卖盘
113,14:50:54,5.39,--,182,98615,卖盘
114,14:50:51,5.39,-0.01,85,45836,卖盘
115,14:50:48,5.4,0.01,142,76680,买盘
116,14:50:42,5.39,-0.01,36,19404,卖盘
117,14:50:39,5.4,0.01,42,23198,买盘
118,14:50:36,5.39,-0.01,84,45276,卖盘
119,14:50:33,5.4,0.01,70,37800,买盘
120,14:50:30,5.39,--,40,21560,卖盘
121,14:50:27,5.39,-0.01,11,5950,卖盘
122,14:50:24,5.4,0.01,50,27000,买盘
123,14:50:21,5.39,-0.01,214,115346,卖盘
124,14:50:18,5.4,0.01,8,4320,买盘
125,14:50:15,5.39,--,4,2673,卖盘
126,14:50:12,5.39,--,259,139622,卖盘
127,14:50:09,5.39,--,54,29106,卖盘
128,14:50:06,5.39,-0.01,50,26950,卖盘
129,14:50:03,5.4,--,8,4838,买盘
130,14:50:00,5.4,--,3,1641,买盘
131,14:49:57,5.4,0.01,58,31838,买盘
132,14:49:54,5.39,--,602,324478,卖盘
133,14:49:51,5.39,-0.01,50,26950,卖盘
134,14:49:48,5.4,--,157,84801,买盘
135,14:49:42,5.4,0.01,234,126878,买盘
136,14:49:36,5.39,-0.01,81,43680,卖盘
137,14:49:33,5.4,--,50,27000,买盘
138,14:49:27,5.4,--,70,38318,买盘
139,14:49:24,5.4,--,86,46440,买盘
140,14:49:21,5.4,--,748,404308,卖盘
141,14:49:18,5.4,-0.01,144,78278,卖盘
142,14:49:15,5.41,0.01,117,63318,买盘
143,14:49:12,5.4,-0.01,722,389880,卖盘
144,14:49:06,5.41,0.01,704,380864,买盘
145,14:49:03,5.4,-0.01,164,88560,卖盘
146,14:49:00,5.41,0.01,1000,541000,买盘
147,14:48:57,5.4,--,98,52920,卖盘
148,14:48:54,5.4,--,62,33998,卖盘
149,14:48:51,5.4,--,140,75600,卖盘
150,14:48:48,5.4,--,108,58320,卖盘
151,14:48:45,5.4,--,109,58881,卖盘
152,14:48:42,5.4,--,56,30240,卖盘
153,14:48:39,5.4,--,14,8078,卖盘
154,14:48:36,5.4,-0.01,17,9201,卖盘
155,14:48:33,5.41,0.01,34,18394,买盘
156,14:48:24,5.4,--,12,6480,卖盘
157,14:48:18,5.4,--,14,8078,卖盘
158,14:48:15,5.4,--,388,209692,卖盘
159,14:48:12,5.4,-0.01,15,8121,卖盘
160,14:48:09,5.41,--,134,72494,买盘
161,14:48:06,5.41,--,2,1082,买盘
162,14:48:03,5.41,--,94,51373,买盘
163,14:48:00,5.41,0.01,54,29214,买盘
164,14:47:57,5.4,-0.01,500,270000,卖盘
165,14:47:54,5.41,0.01,229,123910,买盘
166,14:47:51,5.4,-0.01,120,64800,卖盘
167,14:47:48,5.41,0.01,116,63275,买盘
168,14:47:45,5.4,-0.01,5,2721,卖盘
169,14:47:42,5.41,0.01,26,14585,买盘
170,14:47:39,5.4,-0.01,11,5961,卖盘
171,14:47:36,5.41,0.01,52,28651,买盘
172,14:47:33,5.4,--,106,57240,卖盘
173,14:47:30,5.4,-0.01,1,561,卖盘
174,14:47:24,5.41,--,36,19476,买盘
175,14:47:18,5.41,--,12,7011,买盘
176,14:47:15,5.41,--,105,56826,买盘
177,14:47:12,5.41,--,482,260762,买盘
178,14:47:09,5.41,--,30,16230,买盘
179,14:47:03,5.41,--,52,28651,买盘
180,14:47:00,5.41,--,22,11902,买盘
181,14:46:57,5.41,--,36,19865,卖盘
182,14:46:54,5.41,--,50,27569,卖盘
183,14:46:51,5.41,--,33,17874,卖盘
184,14:46:48,5.41,--,4,2164,卖盘
185,14:46:45,5.41,--,508,274828,卖盘
186,14:46:42,5.41,--,26,14585,卖盘
187,14:46:39,5.41,-0.01,239,129320,卖盘
188,14:46:36,5.42,0.01,4,2168,买盘
189,14:46:33,5.41,-0.01,403,218174,卖盘
190,14:46:30,5.42,0.01,33,17907,买盘
191,14:46:27,5.41,--,52,28651,卖盘
192,14:46:24,5.41,-0.01,2,1082,卖盘
193,14:46:18,5.42,--,30,16260,买盘
194,14:46:15,5.42,0.01,5,2731,买盘
195,14:46:09,5.41,--,132,71412,卖盘
196,14:46:06,5.41,-0.01,56,30815,卖盘
197,14:46:03,5.42,--,5,2731,买盘
198,14:46:00,5.42,0.01,2,1084,买盘
199,14:45:57,5.41,-0.01,120,65439,卖盘
200,14:45:54,5.42,--,5,2731,买盘
201,14:45:51,5.42,--,706,383172,买盘
202,14:45:48,5.42,0.01,100,54200,买盘
203,14:45:45,5.41,--,2,1082,卖盘
204,14:45:42,5.41,-0.01,139,75220,卖盘
205,14:45:39,5.42,--,14,8108,买盘
206,14:45:33,5.42,0.01,25,13571,买盘
207,14:45:27,5.41,-0.01,144,77904,卖盘
208,14:45:24,5.42,0.01,50,27100,买盘
209,14:45:21,5.41,-0.01,34,18394,卖盘
210,14:45:18,5.42,0.01,112,61224,买盘
211,14:45:15,5.41,--,100,54100,卖盘
212,14:45:12,5.41,--,115,62236,卖盘
213,14:45:06,5.41,--,4,2683,卖盘
214,14:45:00,5.41,--,37,20038,卖盘
215,14:44:57,5.41,--,216,116856,卖盘
216,14:44:54,5.41,-0.01,162,88161,卖盘
217,14:44:51,5.42,--,10,5420,买盘
218,14:44:45,5.42,0.01,76,41192,买盘
219,14:44:42,5.41,-0.01,6,3246,卖盘
220,14:44:39,5.42,--,325,176171,买盘
221,14:44:36,5.42,--,14,7588,买盘
222,14:44:33,5.42,-0.01,763,413827,卖盘
223,14:44:30,5.43,0.01,153,83578,买盘
224,14:44:24,5.42,--,33,17907,卖盘
225,14:44:21,5.42,--,14,8108,卖盘
226,14:44:18,5.42,-0.01,129,69939,卖盘
227,14:44:15,5.43,0.01,37,20112,买盘
228,14:44:12,5.42,--,24,13528,卖盘
229,14:44:06,5.42,--,10,5420,卖盘
230,14:44:03,5.42,--,74,40628,卖盘
231,14:44:00,5.42,--,20,10840,卖盘
232,14:43:57,5.42,--,10,5463,卖盘
233,14:43:45,5.42,--,376,204052,买盘
234,14:43:42,5.42,--,52,28184,买盘
235,14:43:39,5.42,--,40,21680,买盘
236,14:43:33,5.42,--,74,40628,买盘
237,14:43:30,5.42,--,368,199456,买盘
238,14:43:27,5.42,--,152,82384,买盘
239,14:43:24,5.42,--,68,36856,买盘
240,14:43:21,5.42,--,130,70460,买盘
241,14:43:18,5.42,--,129,69939,买盘
242,14:43:15,5.42,--,68,36856,买盘
243,14:43:12,5.42,0.01,100,54200,买盘
244,14:43:09,5.41,-0.01,48,25968,卖盘
245,14:43:06,5.42,--,104,56888,买盘
246,14:43:03,5.42,--,44,23848,买盘
247,14:43:00,5.42,--,55,29831,买盘
248,14:42:57,5.42,--,20,11360,买盘
249,14:42:54,5.42,--,111,60183,买盘
250,14:42:51,5.42,0.01,114,62308,买盘
251,14:42:48,5.41,-0.01,28,15148,卖盘
252,14:42:45,5.42,0.01,265,143651,买盘
253,14:42:39,5.41,--,12,7011,卖盘
254,14:42:36,5.41,--,95,51416,卖盘
255,14:42:30,5.41,--,6,3246,卖盘
256,14:42:27,5.41,--,0,519,卖盘
257,14:42:24,5.41,--,40,21640,卖盘
258,14:42:21,5.41,--,1993,1078234,买盘
259,14:42:18,5.41,--,8,4847,买盘
260,14:42:15,5.41,0.01,35,18956,买盘
261,14:42:12,5.4,-0.01,242,130680,卖盘
262,14:42:09,5.41,0.01,140,75740,买盘
263,14:42:06,5.4,-0.01,16,9158,卖盘
264,14:42:03,5.41,0.01,40,21640,买盘
265,14:42:00,5.4,--,7,3801,卖盘
266,14:41:57,5.4,--,498,268920,买盘
267,14:41:54,5.4,0.01,378,204638,买盘
268,14:41:51,5.39,-0.01,99,53382,卖盘
269,14:41:48,5.4,--,22,12398,买盘
270,14:41:45,5.4,0.01,51,27561,买盘
271,14:41:42,5.39,-0.01,180,97537,卖盘
272,14:41:39,5.4,--,9,4881,买盘
273,14:41:36,5.4,--,44,23760,买盘
274,14:41:30,5.4,0.01,200,108000,买盘
275,14:41:27,5.39,-0.01,152,81928,卖盘
276,14:41:24,5.4,--,404,218678,买盘
277,14:41:21,5.4,0.01,70,37800,买盘
278,14:41:18,5.39,--,857,461944,卖盘
279,14:41:12,5.39,--,128,68992,卖盘
280,14:41:09,5.39,--,36,19404,卖盘
281,14:41:06,5.39,-0.01,86,46871,卖盘
282,14:41:03,5.4,--,232,125280,买盘
283,14:40:57,5.4,0.01,29,15681,买盘
284,14:40:54,5.39,-0.01,30,16687,卖盘
285,14:40:51,5.4,0.01,106,57240,买盘
286,14:40:48,5.39,--,60,32339,卖盘
287,14:40:45,5.39,-0.01,30,16169,卖盘
288,14:40:42,5.4,--,10,5400,买盘
289,14:40:38,5.4,--,151,81561,买盘
290,14:40:35,5.4,0.01,20,11318,买盘
291,14:40:32,5.39,--,5,2716,卖盘
292,14:40:29,5.39,--,42,23155,卖盘
293,14:40:26,5.39,--,20,10780,卖盘
294,14:40:20,5.39,-0.01,12,6468,卖盘
295,14:40:17,5.4,0.01,40,21600,买盘
296,14:40:14,5.39,--,309,166572,卖盘
297,14:40:11,5.39,--,28,15609,卖盘
298,14:40:05,5.39,--,73,39368,卖盘
299,14:40:02,5.39,-0.01,106,57134,卖盘
300,14:39:59,5.4,--,164,89078,买盘
301,14:39:53,5.4,--,96,51840,买盘
302,14:39:50,5.4,0.01,5,2721,买盘
303,14:39:47,5.39,-0.02,302,162778,卖盘
304,14:39:41,5.41,0.02,30,16749,买盘
305,14:39:38,5.39,-0.01,1002,540078,卖盘
306,14:39:35,5.4,0.01,99,53481,买盘
307,14:39:32,5.39,--,60,32857,卖盘
308,14:39:29,5.39,--,343,184898,卖盘
309,14:39:26,5.39,--,52,28028,卖盘
310,14:39:23,5.39,-0.01,80,43637,卖盘
311,14:39:17,5.4,0.01,20,10800,买盘
312,14:39:11,5.39,--,48,25872,卖盘
313,14:39:08,5.39,--,172,92708,卖盘
314,14:39:05,5.39,-0.01,2505,1350216,卖盘
315,14:39:02,5.4,0.01,134,72878,买盘
316,14:38:59,5.39,--,622,335258,卖盘
317,14:38:56,5.39,--,3,1638,卖盘
318,14:38:53,5.39,-0.01,26,14014,卖盘
319,14:38:50,5.4,--,26,14040,买盘
320,14:38:47,5.4,0.01,154,83678,买盘
321,14:38:44,5.39,--,31,16730,卖盘
322,14:38:41,5.39,-0.01,10,5907,卖盘
323,14:38:38,5.4,--,54,29160,卖盘
324,14:38:35,5.4,--,222,119880,卖盘
325,14:38:32,5.4,--,66,35640,卖盘
326,14:38:29,5.4,--,550,297000,卖盘
327,14:38:26,5.4,--,71,38361,卖盘
328,14:38:23,5.4,--,56,30240,卖盘
329,14:38:20,5.4,--,296,160358,卖盘
330,14:38:14,5.4,--,195,105321,卖盘
331,14:38:11,5.4,--,116,63158,卖盘
332,14:38:08,5.4,--,26,14040,卖盘
333,14:38:02,5.4,--,25,13521,卖盘
334,14:37:59,5.4,--,20,11318,卖盘
335,14:37:53,5.4,--,54,29160,卖盘
336,14:37:50,5.4,--,140,75600,卖盘
337,14:37:47,5.4,--,183,98841,卖盘
338,14:37:44,5.4,--,146,78840,卖盘
339,14:37:41,5.4,--,30,16200,卖盘
340,14:37:38,5.4,--,100,54000,卖盘
341,14:37:35,5.4,--,32,17798,卖盘
342,14:37:32,5.4,--,46,24840,卖盘
343,14:37:26,5.4,--,257,138801,卖盘
344,14:37:23,5.4,--,302,163080,卖盘
345,14:37:20,5.4,--,374,202478,卖盘
346,14:37:17,5.4,--,74,39960,卖盘
347,14:37:14,5.4,-0.01,70,37800,卖盘
348,14:37:11,5.41,0.01,61,33022,买盘
349,14:37:08,5.4,--,136,73440,卖盘
350,14:37:05,5.4,--,110,59400,卖盘
351,14:37:02,5.4,--,50,27000,卖盘
352,14:36:59,5.4,--,62,33480,卖盘
353,14:36:53,5.4,--,206,111758,卖盘
354,14:36:50,5.4,-0.01,1,561,卖盘
355,14:36:47,5.41,--,44,24323,买盘
356,14:36:44,5.41,0.01,27,14628,买盘
357,14:36:41,5.4,-0.01,4,2160,卖盘
358,14:36:35,5.41,--,118,63838,买盘
359,14:36:32,5.41,--,250,135250,买盘
360,14:36:29,5.41,--,2,1082,买盘
361,14:36:26,5.41,-0.01,172,93571,卖盘
362,14:36:23,5.42,0.01,233,126307,买盘
363,14:36:20,5.41,--,54,29214,卖盘
364,14:36:17,5.41,--,140,75740,卖盘
365,14:36:14,5.41,--,272,147671,卖盘
366,14:36:11,5.41,--,30,16230,卖盘
367,14:36:08,5.41,--,55,29776,卖盘
368,14:36:05,5.41,-0.01,770,417089,卖盘
369,14:36:02,5.42,0.01,100,54200,买盘
370,14:35:59,5.41,-0.01,92,49772,卖盘
371,14:35:56,5.42,--,399,216453,卖盘
372,14:35:50,5.42,0.01,403,218794,买盘
373,14:35:44,5.41,-0.01,344,186104,卖盘
374,14:35:41,5.42,--,58,31436,买盘
375,14:35:38,5.42,--,82,44444,买盘
376,14:35:35,5.42,--,934,506228,买盘
377,14:35:32,5.42,--,10,5420,买盘
378,14:35:29,5.42,0.01,4,2688,买盘
379,14:35:26,5.41,-0.01,1,562,卖盘
380,14:35:23,5.42,--,24,13008,买盘
381,14:35:20,5.42,--,198,107836,买盘
382,14:35:17,5.42,--,46,24932,买盘
383,14:35:14,5.42,--,128,69376,买盘
384,14:35:11,5.42,--,23,12487,买盘
385,14:35:08,5.42,0.01,12,6504,买盘
386,14:35:05,5.41,-0.01,20,10820,卖盘
387,14:34:59,5.42,--,60,33040,买盘
388,14:34:53,5.42,-0.01,875,474488,卖盘
389,14:34:50,5.43,--,9,5386,买盘
390,14:34:47,5.43,0.01,120,65160,买盘
391,14:34:44,5.42,--,100,54200,卖盘
392,14:34:41,5.42,--,12,6504,卖盘
393,14:34:29,5.42,-0.01,17,9235,卖盘
394,14:34:23,5.43,--,8,4344,买盘
395,14:34:20,5.43,0.01,425,230796,买盘
396,14:34:17,5.42,-0.01,0,520,卖盘
397,14:34:14,5.43,--,80,43440,买盘
398,14:34:11,5.43,--,419,227538,买盘
399,14:34:05,5.43,--,140,76020,买盘
400,14:34:02,5.43,0.01,18,10295,买盘
401,14:33:59,5.42,-0.01,46,24932,卖盘
402,14:33:56,5.43,0.01,160,87401,买盘
403,14:33:53,5.42,--,10,5463,卖盘
404,14:33:47,5.42,-0.01,28,15696,卖盘
405,14:33:44,5.43,--,106,57558,买盘
406,14:33:41,5.43,--,12,6516,买盘
407,14:33:35,5.43,--,10,5430,买盘
408,14:33:29,5.43,--,50,27150,买盘
409,14:33:26,5.43,--,6,3779,买盘
410,14:33:23,5.43,0.01,114,61945,买盘
411,14:33:20,5.42,-0.01,0,520,卖盘
412,14:33:17,5.43,0.01,18,9774,买盘
413,14:33:14,5.42,--,6,3252,卖盘
414,14:33:05,5.42,0.01,1070,580286,买盘
415,14:33:02,5.41,-0.01,46,24886,卖盘
416,14:32:59,5.42,--,208,112736,买盘
417,14:32:53,5.42,--,140,75880,买盘
418,14:32:50,5.42,0.01,52,28704,买盘
419,14:32:47,5.41,-0.01,11,5972,卖盘
420,14:32:44,5.42,--,110,59620,买盘
421,14:32:41,5.42,--,130,70980,买盘
422,14:32:35,5.42,--,201,108963,买盘
423,14:32:32,5.42,0.01,56,30872,买盘
424,14:32:29,5.41,-0.01,44,23804,卖盘
425,14:32:20,5.42,--,104,56368,买盘
426,14:32:17,5.42,--,6,3252,买盘
427,14:32:14,5.42,--,114,61788,买盘
428,14:32:11,5.42,--,78,42276,买盘
429,14:32:08,5.42,0.01,14,7588,买盘
430,14:32:02,5.41,-0.01,71,38432,卖盘
431,14:31:59,5.42,--,8,4336,买盘
432,14:31:56,5.42,--,110,59620,买盘
433,14:31:53,5.42,--,144,78568,买盘
434,14:31:50,5.42,--,14,7588,买盘
435,14:31:47,5.42,0.01,53,28747,买盘
436,14:31:44,5.41,--,26,14066,卖盘
437,14:31:41,5.41,--,16,8656,卖盘
438,14:31:38,5.41,--,150,81669,卖盘
439,14:31:35,5.41,--,5,2726,卖盘
440,14:31:32,5.41,--,4,2164,卖盘
441,14:31:29,5.41,--,4,2683,卖盘
442,14:31:26,5.41,--,105,57086,买盘
443,14:31:23,5.41,--,20,11339,买盘
444,14:31:20,5.41,0.01,633,342474,买盘
445,14:31:17,5.4,-0.01,18,9720,卖盘
446,14:31:11,5.41,0.01,108,58428,买盘
447,14:31:05,5.4,-0.01,80,43200,卖盘
448,14:31:02,5.41,0.01,108,58947,买盘
449,14:30:59,5.4,-0.01,17,9201,卖盘
450,14:30:56,5.41,0.01,216,116856,买盘
451,14:30:50,5.4,-0.01,166,90158,卖盘
452,14:30:44,5.41,0.01,6,3289,买盘
453,14:30:41,5.4,0.01,186,100958,中性盘
454,14:30:35,5.39,-0.02,78,42042,卖盘
455,14:30:32,5.41,--,364,197443,买盘
456,14:30:26,5.41,--,142,76865,买盘
457,14:30:23,5.41,0.01,346,187705,买盘
458,14:30:20,5.4,--,26,14040,买盘
459,14:30:17,5.4,-0.01,4842,2614939,卖盘
460,14:30:14,5.41,-0.01,6,3246,卖盘
461,14:30:11,5.42,--,946,512732,买盘
462,14:30:02,5.42,0.01,21,11403,买盘
463,14:29:59,5.41,-0.01,100,54100,卖盘
464,14:29:56,5.42,--,4,2688,买盘
465,14:29:53,5.42,--,4,2168,卖盘
466,14:29:50,5.42,0.01,41,22243,买盘
467,14:29:47,5.41,-0.02,6038,3266558,卖盘
468,14:29:44,5.43,0.01,10,5430,买盘
469,14:29:41,5.42,-0.01,10,5940,卖盘
470,14:29:38,5.43,0.01,10,5430,买盘
471,14:29:35,5.42,--,719,389719,卖盘
472,14:29:32,5.42,-0.01,54,29788,卖盘
473,14:29:26,5.43,0.01,6,3258,买盘
474,14:29:23,5.42,-0.01,9,4899,卖盘
475,14:29:17,5.43,--,62,33666,买盘
476,14:29:14,5.43,0.01,4,2693,买盘
477,14:29:11,5.42,-0.01,316,171272,卖盘
478,14:29:08,5.43,--,8,4344,卖盘
479,14:29:05,5.43,--,58,31494,卖盘
480,14:29:02,5.43,--,733,398040,卖盘
481,14:28:56,5.43,--,136,74369,卖盘
482,14:28:53,5.43,--,31,16854,卖盘
483,14:28:47,5.43,--,568,308945,卖盘
484,14:28:44,5.43,-0.01,154,83622,卖盘
485,14:28:41,5.44,--,132,71808,买盘
486,14:28:38,5.44,0.01,119,64757,买盘
487,14:28:32,5.43,-0.01,114,61902,卖盘
488,14:28:29,5.44,--,10,5440,买盘
489,14:28:26,5.44,--,6,3786,买盘
490,14:28:23,5.44,0.01,134,72896,买盘
491,14:28:20,5.43,-0.01,674,365982,卖盘
492,14:28:17,5.44,--,107,58229,买盘
493,14:28:11,5.44,0.01,100,54400,买盘
494,14:28:05,5.43,-0.01,42,22806,卖盘
495,14:28:02,5.44,-0.01,84,46218,中性盘
496,14:27:56,5.45,0.02,56,30520,买盘
497,14:27:53,5.43,-0.01,445,241917,卖盘
498,14:27:44,5.44,0.01,12,6528,买盘
499,14:27:41,5.43,-0.01,1,564,卖盘
500,14:27:35,5.44,--,272,148490,买盘
501,14:27:32,5.44,--,7,4090,卖盘
502,14:27:26,5.44,0.01,14,7877,买盘
503,14:27:23,5.43,-0.01,65,35316,卖盘
504,14:27:20,5.44,--,0,522,买盘
505,14:27:17,5.44,0.01,602,327488,买盘
506,14:27:14,5.43,-0.01,12,6516,卖盘
507,14:27:11,5.44,--,2,1088,买盘
508,14:27:08,5.44,--,62,33728,买盘
509,14:27:05,5.44,--,6,3786,买盘
510,14:27:02,5.44,--,15,8181,买盘
511,14:26:59,5.44,--,9,5178,卖盘
512,14:26:56,5.44,--,70,38341,买盘
513,14:26:53,5.44,--,75,40821,买盘
514,14:26:44,5.44,--,156,84864,买盘
515,14:26:41,5.44,--,21,11924,卖盘
516,14:26:35,5.44,--,105,57141,卖盘
517,14:26:32,5.44,--,22,12490,卖盘
518,14:26:29,5.44,0.01,401,218165,买盘
519,14:26:26,5.43,-0.01,36,19548,卖盘
520,14:26:23,5.44,--,26,14144,买盘
521,14:26:17,5.44,--,120,65280,买盘
522,14:26:14,5.44,0.01,100,54400,买盘
523,14:26:11,5.43,--,406,220458,卖盘
524,14:26:08,5.43,--,1010,548430,卖盘
525,14:26:05,5.43,-0.01,7,3822,卖盘
526,14:26:02,5.44,--,109,59796,买盘
527,14:25:59,5.44,0.01,177,96309,买盘
528,14:25:56,5.43,-0.01,38,21155,卖盘
529,14:25:53,5.44,--,2,1131,买盘
530,14:25:50,5.44,--,22,12229,买盘
531,14:25:47,5.44,0.01,70,38602,买盘
532,14:25:44,5.43,-0.01,206,111858,卖盘
533,14:25:41,5.44,--,2,1088,卖盘
534,14:25:38,5.44,--,216,117504,买盘
535,14:25:35,5.44,0.01,256,139264,买盘
536,14:25:29,5.43,--,204,110772,卖盘
537,14:25:26,5.43,--,71,38574,卖盘
538,14:25:23,5.43,-0.01,4,2172,卖盘
539,14:25:20,5.44,--,24,13056,买盘
540,14:25:14,5.44,0.01,70,38080,买盘
541,14:25:08,5.43,--,10,5430,卖盘
542,14:25:05,5.43,-0.01,6,3779,卖盘
543,14:25:02,5.44,--,88,47872,买盘
544,14:24:59,5.44,--,7,3829,买盘
545,14:24:56,5.44,0.01,10,5440,买盘
546,14:24:53,5.43,-0.01,10,5951,卖盘
547,14:24:50,5.44,--,81,44085,买盘
548,14:24:47,5.44,0.01,122,66368,买盘
549,14:24:44,5.43,--,78,42354,卖盘
550,14:24:41,5.43,--,30,16290,卖盘
551,14:24:38,5.43,--,6,3258,卖盘
552,14:24:35,5.43,-0.01,8,4344,卖盘
553,14:24:29,5.44,0.01,10,5440,买盘
554,14:24:26,5.43,-0.01,54,29843,卖盘
555,14:24:20,5.44,--,65,35381,买盘
556,14:24:17,5.44,--,30,16320,买盘
557,14:24:14,5.44,--,58,31552,买盘
558,14:24:11,5.44,--,156,84864,卖盘
559,14:24:05,5.44,--,0,522,卖盘
560,14:24:02,5.44,-0.02,148,80512,中性盘
561,14:23:59,5.46,0.03,1655,903651,买盘
562,14:23:56,5.43,--,4,2693,卖盘
563,14:23:53,5.43,--,20,10860,卖盘
564,14:23:41,5.43,-0.01,103,55950,卖盘
565,14:23:35,5.44,0.01,74,40778,买盘
566,14:23:32,5.43,-0.01,1,564,卖盘
567,14:23:29,5.44,--,28,15232,卖盘
568,14:23:26,5.44,0.01,22,12490,中性盘
569,14:23:20,5.43,-0.01,189,102648,卖盘
570,14:23:17,5.44,-0.01,8,4352,中性盘
571,14:23:08,5.45,0.02,2,1613,买盘
572,14:23:05,5.43,-0.01,189,102648,卖盘
573,14:23:02,5.44,--,18,10314,卖盘
574,14:22:59,5.44,--,8,4352,卖盘
575,14:22:53,5.44,--,30,16320,卖盘
576,14:22:50,5.44,-0.01,115,62581,卖盘
577,14:22:44,5.45,--,6,3270,买盘
578,14:22:35,5.45,0.01,36,19620,买盘
579,14:22:32,5.44,--,10,5440,卖盘
580,14:22:29,5.44,--,14,8138,卖盘
581,14:22:26,5.44,--,132,71808,卖盘
582,14:22:23,5.44,--,1,565,卖盘
583,14:22:20,5.44,-0.01,46,25024,卖盘
584,14:22:17,5.45,0.01,60,32700,买盘
585,14:22:14,5.44,-0.01,10,5440,卖盘
586,14:22:11,5.45,0.01,6,3793,买盘
587,14:22:02,5.44,-0.01,20,10880,卖盘
588,14:21:59,5.45,0.01,52,28340,买盘
589,14:21:56,5.44,--,652,354688,卖盘
590,14:21:50,5.44,-0.01,70,38080,卖盘
591,14:21:47,5.45,0.01,154,83930,买盘
592,14:21:41,5.44,--,50,27200,卖盘
593,14:21:35,5.44,--,280,152320,卖盘
594,14:21:32,5.44,--,28,15232,卖盘
595,14:21:29,5.44,--,75,40821,卖盘
596,14:21:20,5.44,--,130,70720,卖盘
597,14:21:17,5.44,-0.01,8,4874,卖盘
598,14:21:14,5.45,--,2,1090,买盘
599,14:21:11,5.45,--,2,1090,买盘
600,14:21:05,5.45,--,83,45256,买盘
601,14:20:59,5.45,--,22,11990,卖盘
602,14:20:53,5.45,--,148,81183,买盘
603,14:20:50,5.45,0.01,25,13646,买盘
604,14:20:47,5.44,-0.02,8,4874,卖盘
605,14:20:41,5.46,0.01,275,150171,买盘
606,14:20:38,5.45,--,1260,687223,卖盘
607,14:20:32,5.45,--,19,10376,卖盘
608,14:20:29,5.45,--,42,22890,卖盘
609,14:20:26,5.45,--,310,168950,卖盘
610,14:20:23,5.45,--,18,9810,卖盘
611,14:20:20,5.45,--,100,54500,卖盘
612,14:20:11,5.45,--,4,2703,卖盘
613,14:20:08,5.45,--,16,8720,卖盘
614,14:20:05,5.45,--,7,3836,卖盘
615,14:20:02,5.45,--,8,4360,卖盘
616,14:19:58,5.45,--,24,13603,卖盘
617,14:19:52,5.45,-0.01,326,177670,卖盘
618,14:19:49,5.46,--,3,1659,买盘
619,14:19:43,5.46,0.01,298,162708,买盘
620,14:19:37,5.45,--,60,32700,卖盘
621,14:19:34,5.45,-0.01,20,10900,卖盘
622,14:19:31,5.46,--,20,10920,买盘
623,14:19:28,5.46,0.01,12,6552,买盘
624,14:19:25,5.45,-0.01,46,25593,卖盘
625,14:19:22,5.46,0.01,2,1092,买盘
626,14:19:19,5.45,-0.01,51,27816,卖盘
627,14:19:16,5.46,0.01,20,10920,买盘
628,14:19:10,5.45,--,0,523,卖盘
629,14:19:07,5.45,-0.01,53,28906,卖盘
630,14:19:01,5.46,--,4,2708,买盘
631,14:18:55,5.46,--,7,3843,买盘
632,14:18:46,5.46,--,44,24024,买盘
633,14:18:43,5.46,0.01,58,32192,买盘
634,14:18:40,5.45,-0.01,55,29996,卖盘
635,14:18:34,5.46,--,176,96096,买盘
636,14:18:28,5.46,--,26,14720,买盘
637,14:18:25,5.46,--,73,39879,买盘
638,14:18:19,5.46,--,10,5460,买盘
639,14:18:16,5.46,--,546,298640,卖盘
640,14:18:10,5.46,-0.01,20,10920,卖盘
641,14:18:07,5.47,0.01,54,29538,买盘
642,14:18:04,5.46,--,66,36036,卖盘
643,14:18:01,5.46,-0.01,25,13671,卖盘
644,14:17:55,5.47,0.01,38,21311,买盘
645,14:17:52,5.46,-0.01,104,56784,卖盘
646,14:17:49,5.47,0.01,5,2756,买盘
647,14:17:46,5.46,-0.01,200,109200,卖盘
648,14:17:43,5.47,0.01,10,5470,买盘
649,14:17:40,5.46,--,6,3276,卖盘
650,14:17:37,5.46,--,4,2184,卖盘
651,14:17:31,5.46,--,80,43680,卖盘
652,14:17:25,5.46,--,2,1092,卖盘
653,14:17:22,5.46,-0.01,34,18564,卖盘
654,14:17:19,5.47,--,340,185980,买盘
655,14:17:16,5.47,0.01,2,1094,买盘
656,14:17:10,5.46,--,132,72596,卖盘
657,14:17:07,5.46,-0.01,20,10920,卖盘
658,14:17:01,5.47,--,3,1662,买盘
659,14:16:55,5.47,--,84,45948,买盘
660,14:16:49,5.47,0.01,12,7089,买盘
661,14:16:40,5.46,-0.01,106,57876,卖盘
662,14:16:34,5.47,--,2,1094,买盘
663,14:16:28,5.47,0.01,116,63452,买盘
664,14:16:25,5.46,--,130,70980,卖盘
665,14:16:22,5.46,-0.01,49,26775,卖盘
666,14:16:16,5.47,0.01,44,24068,买盘
667,14:16:07,5.46,--,118,64952,卖盘
668,14:16:04,5.46,--,10,5460,卖盘
669,14:16:01,5.46,--,546,298116,卖盘
670,14:15:58,5.46,-0.01,18,9828,卖盘
671,14:15:55,5.47,0.01,102,55794,买盘
672,14:15:49,5.46,-0.01,5,2751,卖盘
673,14:15:46,5.47,--,16,8752,买盘
674,14:15:40,5.47,0.01,2,1094,买盘
675,14:15:37,5.46,--,56,31100,卖盘
676,14:15:34,5.46,--,22,12012,卖盘
677,14:15:31,5.46,--,47,25683,卖盘
678,14:15:28,5.46,--,32,17996,卖盘
679,14:15:25,5.46,--,1,567,卖盘
680,14:15:22,5.46,--,6,3800,卖盘
681,14:15:16,5.46,--,20,10920,卖盘
682,14:15:07,5.46,--,25,13671,卖盘
683,14:15:04,5.46,--,332,181272,买盘
684,14:15:01,5.46,0.01,20,10920,买盘
685,14:14:58,5.45,--,216,118243,卖盘
686,14:14:49,5.45,-0.01,14,7630,卖盘
687,14:14:46,5.46,--,3,1659,买盘
688,14:14:43,5.46,0.01,596,325416,买盘
689,14:14:40,5.45,--,20,10900,卖盘
690,14:14:37,5.45,-0.01,32,17440,卖盘
691,14:14:34,5.46,0.01,96,52416,买盘
692,14:14:28,5.45,--,12,7063,卖盘
693,14:14:25,5.45,-0.01,5,2746,卖盘
694,14:14:22,5.46,0.01,28,15812,买盘
695,14:14:16,5.45,--,30,16350,卖盘
696,14:14:10,5.45,--,1,566,卖盘
697,14:14:04,5.45,-0.01,160,87723,卖盘
698,14:13:58,5.46,0.01,123,67179,买盘
699,14:13:55,5.45,--,14,8153,卖盘
700,14:13:49,5.45,--,10,5450,卖盘
701,14:13:46,5.45,--,87,47436,卖盘
702,14:13:43,5.45,--,12,7063,卖盘
703,14:13:37,5.45,--,50,27250,卖盘
704,14:13:34,5.45,0.01,273,148806,买盘
705,14:13:28,5.44,-0.01,36,20106,卖盘
706,14:13:25,5.45,--,70,38150,买盘
707,14:13:22,5.45,--,18,9810,买盘
708,14:13:19,5.45,--,7,3836,买盘
709,14:13:16,5.45,--,24,13080,买盘
710,14:13:13,5.45,--,44,24503,买盘
711,14:13:07,5.45,0.01,20,10900,买盘
712,14:13:01,5.44,-0.01,594,323136,卖盘
713,14:12:58,5.45,--,7,3836,买盘
714,14:12:49,5.45,-0.01,1312,715040,卖盘
715,14:12:46,5.46,0.01,88,48048,买盘
716,14:12:43,5.45,--,396,215820,卖盘
717,14:12:40,5.45,-0.01,4,2180,卖盘
718,14:12:37,5.46,--,24,13628,买盘
719,14:12:34,5.46,0.01,10,5460,买盘
720,14:12:31,5.45,-0.01,41,22366,卖盘
721,14:12:25,5.46,0.01,0,524,买盘
722,14:12:22,5.45,-0.01,2,1090,卖盘
723,14:12:16,5.46,--,35,19131,买盘
724,14:12:04,5.46,--,194,106448,卖盘
725,14:12:01,5.46,--,297,162183,卖盘
726,14:11:58,5.46,-0.01,36,19656,卖盘
727,14:11:55,5.47,0.01,60,32820,买盘
728,14:11:52,5.46,--,4,2708,卖盘
729,14:11:49,5.46,--,10,5460,卖盘
730,14:11:40,5.46,--,251,137067,卖盘
731,14:11:34,5.46,--,4,2708,卖盘
732,14:11:31,5.46,--,80,43680,卖盘
733,14:11:28,5.46,-0.01,28,15288,卖盘
734,14:11:25,5.47,0.01,13,7132,买盘
735,14:11:22,5.46,-0.01,116,63336,卖盘
736,14:11:19,5.47,--,8,4376,买盘
737,14:11:16,5.47,--,30,16935,买盘
738,14:11:10,5.47,--,18,9846,买盘
739,14:11:07,5.47,--,137,74960,买盘
740,14:11:01,5.47,--,2,1094,买盘
741,14:10:58,5.47,--,10,5470,买盘
742,14:10:52,5.47,0.01,0,525,买盘
743,14:10:46,5.46,--,18,9828,卖盘
744,14:10:43,5.46,--,54,29484,卖盘
745,14:10:40,5.46,--,48,26208,卖盘
746,14:10:31,5.46,--,12,6552,卖盘
747,14:10:25,5.46,--,5,2751,卖盘
748,14:10:22,5.46,-0.01,0,524,卖盘
749,14:10:19,5.47,0.01,113,61832,买盘
750,14:10:16,5.46,--,1014,554168,卖盘
751,14:10:07,5.46,-0.01,141,77007,卖盘
752,14:10:01,5.47,--,2,1619,买盘
753,14:09:58,5.47,--,32,17504,买盘
754,14:09:55,5.47,0.01,35,19166,买盘
755,14:09:52,5.46,-0.01,0,524,卖盘
756,14:09:46,5.47,--,64,35008,买盘
757,14:09:43,5.47,--,10,5470,买盘
758,14:09:34,5.47,--,102,55794,买盘
759,14:09:31,5.47,--,22,12034,买盘
760,14:09:28,5.47,0.01,30,16410,买盘
761,14:09:22,5.46,--,10,5460,卖盘
762,14:09:19,5.46,-0.01,5,2751,卖盘
763,14:09:16,5.47,0.01,18,10371,买盘
764,14:09:13,5.46,--,70,38220,卖盘
765,14:09:10,5.46,--,330,180180,卖盘
766,14:09:07,5.46,--,57,31143,卖盘
767,14:09:04,5.46,--,148,80808,卖盘
768,14:08:52,5.46,--,0,524,卖盘
769,14:08:49,5.46,--,6,3276,卖盘
770,14:08:46,5.46,-0.01,1,567,卖盘
771,14:08:40,5.47,--,180,98460,买盘
772,14:08:37,5.47,--,2,1094,买盘
773,14:08:28,5.47,--,100,54700,买盘
774,14:08:22,5.47,--,247,135634,卖盘
775,14:08:19,5.47,--,40,21880,卖盘
776,14:08:13,5.47,--,67,36649,卖盘
777,14:08:10,5.47,--,138,75486,卖盘
778,14:08:07,5.47,--,4,2188,卖盘
779,14:08:04,5.47,--,4,2188,卖盘
780,14:07:58,5.47,--,2,1094,卖盘
781,14:07:55,5.47,--,214,117058,卖盘
782,14:07:52,5.47,-0.01,5,2735,卖盘
783,14:07:49,5.48,0.01,2,1096,买盘
784,14:07:46,5.47,--,15,8205,卖盘
785,14:07:43,5.47,-0.01,3,1641,卖盘
786,14:07:37,5.48,0.01,40,21920,买盘
787,14:07:34,5.47,-0.01,5,2735,卖盘
788,14:07:31,5.48,--,38,20824,买盘
789,14:07:25,5.48,--,173,94804,买盘
790,14:07:22,5.48,0.01,19,10412,买盘
791,14:07:19,5.47,--,4,2188,卖盘
792,14:07:16,5.47,--,20,10940,卖盘
793,14:07:13,5.47,-0.01,88,48136,卖盘
794,14:07:04,5.48,0.01,29,15892,买盘
795,14:07:01,5.47,--,69,37743,卖盘
796,14:06:58,5.47,-0.01,11,6017,卖盘
797,14:06:55,5.48,--,3,1644,买盘
798,14:06:52,5.48,--,6,3288,买盘
799,14:06:49,5.48,0.01,229,125492,买盘
800,14:06:46,5.47,-0.01,25,13675,卖盘
801,14:06:43,5.48,0.01,93,50964,买盘
802,14:06:40,5.47,--,14,7658,卖盘
803,14:06:37,5.47,--,27,14769,卖盘
804,14:06:34,5.47,-0.01,20,10940,卖盘
805,14:06:31,5.48,0.01,80,43840,买盘
806,14:06:28,5.47,--,176,96272,卖盘
807,14:06:25,5.47,--,5,2735,卖盘
808,14:06:13,5.47,-0.01,33,18051,卖盘
809,14:06:10,5.48,0.01,236,129328,买盘
810,14:06:07,5.47,-0.01,14,7658,卖盘
811,14:06:04,5.48,0.01,10,5480,买盘
812,14:05:55,5.47,--,13,7111,卖盘
813,14:05:46,5.47,--,51,27897,卖盘
814,14:05:43,5.47,-0.01,23,12581,卖盘
815,14:05:40,5.48,--,643,352364,买盘
816,14:05:37,5.48,0.01,74,40552,买盘
817,14:05:28,5.47,--,8,4376,卖盘
818,14:05:25,5.47,-0.01,1,547,卖盘
819,14:05:22,5.48,--,30,16440,买盘
820,14:05:19,5.48,--,10,5480,买盘
821,14:05:10,5.48,--,44,24112,卖盘
822,14:05:04,5.48,-0.01,45,24660,卖盘
823,14:04:55,5.49,0.02,344,188856,买盘
824,14:04:46,5.47,-0.01,13,7111,卖盘
825,14:04:43,5.48,--,101,55348,买盘
826,14:04:37,5.48,--,10,5480,买盘
827,14:04:34,5.48,0.01,22,12056,中性盘
828,14:04:28,5.47,-0.01,194,106118,卖盘
829,14:04:25,5.48,--,29,15892,卖盘
830,14:04:22,5.48,--,155,84940,卖盘
831,14:04:19,5.48,0.01,11,6028,卖盘
832,14:04:16,5.47,--,10,5470,卖盘
833,14:04:13,5.47,-0.01,1000,547000,卖盘
834,14:04:10,5.48,--,66,36168,买盘
835,14:04:07,5.48,--,313,171524,买盘
836,14:04:04,5.48,--,11,6028,买盘
837,14:04:01,5.48,--,13,7124,买盘
838,14:03:58,5.48,--,17,9316,卖盘
839,14:03:55,5.48,--,45,24660,卖盘
840,14:03:52,5.48,--,351,192348,卖盘
841,14:03:49,5.48,--,46,25208,卖盘
842,14:03:46,5.48,--,84,46032,卖盘
843,14:03:43,5.48,0.01,1465,802820,买盘
844,14:03:34,5.47,--,63,34461,卖盘
845,14:03:31,5.47,--,37,20239,卖盘
846,14:03:28,5.47,--,2,1094,卖盘
847,14:03:25,5.47,--,282,154254,买盘
848,14:03:19,5.47,--,21,11508,买盘
849,14:03:16,5.47,--,36,20217,买盘
850,14:03:13,5.47,0.01,24,13128,买盘
851,14:03:10,5.46,-0.01,599,327075,卖盘
852,14:03:04,5.47,--,0,525,买盘
853,14:03:01,5.47,--,190,103930,买盘
854,14:02:52,5.47,--,5,2756,买盘
855,14:02:49,5.47,--,6,3807,买盘
856,14:02:46,5.47,--,1,568,买盘
857,14:02:40,5.47,0.01,10,5995,买盘
858,14:02:37,5.46,-0.01,8,4368,卖盘
859,14:02:31,5.47,--,1,568,买盘
860,14:02:25,5.47,--,0,525,买盘
861,14:02:19,5.47,--,12,6564,买盘
862,14:02:16,5.47,--,897,490659,卖盘
863,14:02:10,5.47,--,4,2209,卖盘
864,14:02:07,5.47,-0.01,134,73823,卖盘
865,14:02:04,5.48,--,6,3288,买盘
866,14:02:01,5.48,--,100,54800,买盘
867,14:01:58,5.48,--,18,9864,买盘
868,14:01:55,5.48,0.01,50,27400,买盘
869,14:01:52,5.47,--,21,11508,卖盘
870,14:01:49,5.47,-0.01,110,60170,卖盘
871,14:01:46,5.48,0.01,176,96974,中性盘
872,14:01:43,5.47,--,23,12602,卖盘
873,14:01:40,5.47,-0.02,18,9846,卖盘
874,14:01:37,5.49,--,50,27450,买盘
875,14:01:34,5.49,0.01,360,198167,买盘
876,14:01:28,5.48,-0.01,179,98092,卖盘
877,14:01:25,5.49,--,177,97173,买盘
878,14:01:19,5.49,0.01,1171,642879,买盘
879,14:01:16,5.48,-0.01,2,1096,卖盘
880,14:01:13,5.49,0.01,1,549,买盘
881,14:01:10,5.48,--,116,63568,卖盘
882,14:01:07,5.48,-0.01,21,11508,卖盘
883,14:01:04,5.49,0.01,10,5490,买盘
884,14:00:58,5.48,-0.01,30,16440,卖盘
885,14:00:55,5.49,0.01,87,47763,买盘
886,14:00:52,5.48,-0.01,103,56444,卖盘
887,14:00:49,5.49,--,12,6588,买盘
888,14:00:46,5.49,0.01,1621,889929,买盘
889,14:00:43,5.48,-0.01,11,6028,卖盘
890,14:00:40,5.49,--,590,323910,买盘
891,14:00:36,5.49,--,38,20862,买盘
892,14:00:30,5.49,0.01,53,29097,买盘
893,14:00:27,5.48,-0.01,72,39456,卖盘
894,14:00:21,5.49,--,129,70821,买盘
895,14:00:06,5.49,0.01,20,10980,买盘
896,14:00:00,5.48,--,6,3288,卖盘
897,13:59:57,5.48,--,225,123300,卖盘
898,13:59:51,5.48,-0.01,4,2192,卖盘
899,13:59:45,5.49,0.01,362,198738,买盘
900,13:59:42,5.48,-0.01,30,16440,卖盘
901,13:59:39,5.49,--,2112,1159488,买盘
902,13:59:36,5.49,0.01,276,151524,买盘
903,13:59:33,5.48,--,113,61924,卖盘
904,13:59:30,5.48,--,13,7124,卖盘
905,13:59:27,5.48,-0.01,18,9864,卖盘
906,13:59:21,5.49,--,70,38430,买盘
907,13:59:18,5.49,0.01,4,2196,买盘
908,13:59:15,5.48,-0.01,386,211528,卖盘
909,13:59:09,5.49,0.01,156,85644,买盘
910,13:59:00,5.48,-0.01,238,130424,卖盘
911,13:58:51,5.49,--,12,6588,买盘
912,13:58:48,5.49,0.01,17,9333,买盘
913,13:58:45,5.48,--,126,69048,卖盘
914,13:58:42,5.48,-0.01,22,12056,卖盘
915,13:58:36,5.49,0.01,23,12627,买盘
916,13:58:30,5.48,-0.01,20,10960,卖盘
917,13:58:27,5.49,0.01,161,88389,买盘
918,13:58:24,5.48,--,148,81125,买盘
919,13:58:21,5.48,--,24,13678,买盘
920,13:58:18,5.48,--,12,6576,买盘
921,13:58:15,5.48,--,215,117841,买盘
922,13:58:12,5.48,--,31,17514,卖盘
923,13:58:09,5.48,--,49,26852,卖盘
924,13:58:06,5.48,-0.01,55,30161,卖盘
925,13:58:00,5.49,0.01,140,77387,买盘
926,13:57:57,5.48,--,109,59753,买盘
927,13:57:51,5.48,--,34,19158,买盘
928,13:57:45,5.48,--,77,42217,买盘
929,13:57:42,5.48,--,12,6576,买盘
930,13:57:39,5.48,-0.01,178,97544,卖盘
931,13:57:36,5.49,0.01,810,444690,买盘
932,13:57:33,5.48,--,16,8768,卖盘
933,13:57:30,5.48,-0.01,14,8198,卖盘
934,13:57:27,5.49,0.01,22,12078,买盘
935,13:57:24,5.48,-0.01,25,13721,卖盘
936,13:57:21,5.49,0.01,6,3821,买盘
937,13:57:18,5.48,-0.01,1000,548000,卖盘
938,13:57:15,5.49,--,14,7686,买盘
939,13:57:06,5.49,0.01,49,26922,买盘
940,13:57:03,5.48,-0.01,30,16440,卖盘
941,13:57:00,5.49,0.01,24,13703,买盘
942,13:56:57,5.48,--,39,21393,卖盘
943,13:56:54,5.48,--,104,57518,卖盘
944,13:56:51,5.48,--,127,69617,卖盘
945,13:56:42,5.48,-0.01,126,69574,卖盘
946,13:56:39,5.49,0.01,2,1098,买盘
947,13:56:36,5.48,-0.01,140,76720,卖盘
948,13:56:33,5.49,0.01,60,32940,买盘
949,13:56:30,5.48,-0.01,50,27400,卖盘
950,13:56:27,5.49,0.01,90,49410,买盘
951,13:56:24,5.48,-0.01,162,88776,卖盘
952,13:56:18,5.49,--,75,41196,买盘
953,13:56:15,5.49,--,42,23058,买盘
954,13:56:12,5.49,--,98,53802,买盘
955,13:56:09,5.49,--,176,97151,买盘
956,13:56:03,5.49,0.01,59,32412,买盘
957,13:55:57,5.48,--,8,4910,卖盘
958,13:55:54,5.48,-0.01,30,16440,卖盘
959,13:55:51,5.49,0.01,59,32412,买盘
960,13:55:45,5.48,--,32,17536,卖盘
961,13:55:42,5.48,--,8,4910,卖盘
962,13:55:33,5.48,-0.01,44,24112,卖盘
963,13:55:30,5.49,0.01,175,96096,买盘
964,13:55:27,5.48,--,18,10390,卖盘
965,13:55:24,5.48,--,67,36737,卖盘
966,13:55:21,5.48,--,36,19728,买盘
967,13:55:18,5.48,--,4,2718,买盘
968,13:55:15,5.48,--,22,12056,卖盘
969,13:55:12,5.48,--,63,34545,卖盘
970,13:55:06,5.48,--,108,59710,买盘
971,13:55:03,5.48,0.01,11,6049,买盘
972,13:55:00,5.47,-0.01,160,88045,卖盘
973,13:54:57,5.48,--,47,25777,买盘
974,13:54:54,5.48,--,12,6576,买盘
975,13:54:51,5.48,--,48,26830,买盘
976,13:54:45,5.48,0.01,21,11529,买盘
977,13:54:42,5.47,-0.01,20,11465,卖盘
978,13:54:39,5.48,0.01,32,17536,买盘
979,13:54:36,5.47,-0.01,35,19166,卖盘
980,13:54:24,5.48,0.01,92,50942,买盘
981,13:54:21,5.47,-0.01,20,10940,卖盘
982,13:54:18,5.48,--,50,27400,买盘
983,13:54:12,5.48,--,35,19201,买盘
984,13:54:09,5.48,--,156,85488,买盘
985,13:54:03,5.48,--,16,9294,买盘
986,13:54:00,5.48,0.01,10,5480,买盘
987,13:53:51,5.47,--,6,3282,卖盘
988,13:53:48,5.47,-0.01,12,6564,卖盘
989,13:53:45,5.48,--,4,2192,买盘
990,13:53:39,5.48,--,56,30688,买盘
991,13:53:36,5.48,0.01,185,101401,买盘
992,13:53:33,5.47,--,12,6564,卖盘
993,13:53:30,5.47,-0.01,80,44285,卖盘
994,13:53:27,5.48,--,218,119464,买盘
995,13:53:24,5.48,0.01,1,569,买盘
996,13:53:21,5.47,--,10,5470,卖盘
997,13:53:18,5.47,-0.01,102,55794,卖盘
998,13:53:09,5.48,--,100,54800,买盘
999,13:53:06,5.48,--,152,83822,买盘
1000,13:53:03,5.48,0.01,329,180313,买盘
1001,13:52:54,5.47,--,42,23499,卖盘
1002,13:52:51,5.47,-0.01,67,36670,卖盘
1003,13:52:48,5.48,0.01,1002,549622,买盘
1004,13:52:45,5.47,-0.01,50,27350,卖盘
1005,13:52:42,5.48,-0.01,36,19728,中性盘
1006,13:52:39,5.49,0.01,462,253857,买盘
1007,13:52:33,5.48,--,61,33428,卖盘
1008,13:52:30,5.48,--,67,36716,卖盘
1009,13:52:27,5.48,--,111,60828,卖盘
1010,13:52:24,5.48,-0.01,73,40354,卖盘
1011,13:52:21,5.49,--,2,1098,买盘
1012,13:52:18,5.49,--,12,6588,买盘
1013,13:52:15,5.49,--,4,2723,买盘
1014,13:52:12,5.49,--,29,15942,卖盘
1015,13:52:09,5.49,-0.01,112,61488,卖盘
1016,13:52:03,5.5,--,658,361900,买盘
1017,13:52:00,5.5,--,298,163900,买盘
1018,13:51:54,5.5,--,126,69300,买盘
1019,13:51:51,5.5,--,478,263428,买盘
1020,13:51:48,5.5,--,61,33572,买盘
1021,13:51:45,5.5,-0.01,1104,607728,卖盘
1022,13:51:42,5.51,--,359,197831,买盘
1023,13:51:39,5.51,--,354,195054,买盘
1024,13:51:36,5.51,--,110,60610,买盘
1025,13:51:33,5.51,--,36,20364,买盘
1026,13:51:30,5.51,--,104,57304,买盘
1027,13:51:27,5.51,-0.01,25,13797,中性盘
1028,13:51:24,5.52,0.01,310,171120,买盘
1029,13:51:21,5.51,--,120,66648,买盘
1030,13:51:18,5.51,--,522,287622,买盘
1031,13:51:15,5.51,--,1343,740169,卖盘
1032,13:51:12,5.51,--,84,46284,卖盘
1033,13:51:09,5.51,--,647,356893,买盘
1034,13:51:06,5.51,--,282,155382,买盘
1035,13:51:03,5.51,--,74,40774,买盘
1036,13:51:00,5.51,--,182,100282,买盘
1037,13:50:54,5.51,0.01,214,118442,买盘
1038,13:50:51,5.5,--,321,176572,卖盘
1039,13:50:48,5.5,--,484,266200,卖盘
1040,13:50:45,5.5,-0.01,74,41228,卖盘
1041,13:50:42,5.51,0.01,232,127832,买盘
1042,13:50:39,5.5,-0.01,12,6600,卖盘
1043,13:50:36,5.51,0.01,360,198360,买盘
1044,13:50:33,5.5,-0.01,35,19272,卖盘
1045,13:50:30,5.51,0.01,14,8242,买盘
1046,13:50:27,5.5,--,357,196372,买盘
1047,13:50:21,5.5,0.01,4,2728,买盘
1048,13:50:15,5.49,--,10,5490,卖盘
1049,13:50:12,5.49,-0.01,5049,2771922,卖盘
1050,13:50:09,5.5,0.01,1820,1001000,买盘
1051,13:50:06,5.49,--,244,133956,买盘
1052,13:50:00,5.49,--,296,163031,买盘
1053,13:49:57,5.49,0.01,265,145506,买盘
1054,13:49:51,5.48,-0.01,48,26830,卖盘
1055,13:49:45,5.49,0.01,2362,1296738,买盘
1056,13:49:42,5.48,--,10,5480,卖盘
1057,13:49:39,5.48,--,322,176456,卖盘
1058,13:49:36,5.48,--,110,60280,卖盘
1059,13:49:33,5.48,--,109,59753,卖盘
1060,13:49:30,5.48,--,46,25734,卖盘
1061,13:49:27,5.48,--,1005,550761,卖盘
1062,13:49:24,5.48,0.01,426,233974,买盘
1063,13:49:21,5.47,-0.01,29,15884,卖盘
1064,13:49:18,5.48,--,30,16440,买盘
1065,13:49:15,5.48,0.01,70,38360,买盘
1066,13:49:12,5.47,-0.01,256,140032,卖盘
1067,13:49:09,5.48,--,16,8768,买盘
1068,13:49:06,5.48,0.01,56,30688,买盘
1069,13:49:03,5.47,--,20,11465,卖盘
1070,13:49:00,5.47,-0.01,22,12034,卖盘
1071,13:48:57,5.48,0.01,5,2761,买盘
1072,13:48:54,5.47,-0.01,64,35533,卖盘
1073,13:48:51,5.48,0.01,102,55896,买盘
1074,13:48:48,5.47,--,15,8226,卖盘
1075,13:48:45,5.47,--,2,1094,卖盘
1076,13:48:42,5.47,-0.01,20,10940,卖盘
1077,13:48:36,5.48,--,36,19728,买盘
1078,13:48:33,5.48,0.01,30,16440,买盘
1079,13:48:30,5.47,--,34,18598,卖盘
1080,13:48:27,5.47,-0.01,22,12034,卖盘
1081,13:48:24,5.48,--,20,10960,买盘
1082,13:48:21,5.48,0.01,1014,555672,买盘
1083,13:48:18,5.47,-0.01,6,3807,卖盘
1084,13:48:15,5.48,0.01,119,65233,买盘
1085,13:48:12,5.47,--,56,31157,卖盘
1086,13:48:09,5.47,-0.01,13,7132,卖盘
1087,13:48:06,5.48,0.01,42,23016,买盘
1088,13:48:03,5.47,--,124,68353,卖盘
1089,13:48:00,5.47,-0.01,322,176134,卖盘
1090,13:47:57,5.48,--,72,39456,买盘
1091,13:47:54,5.48,--,127,69617,买盘
1092,13:47:51,5.48,--,282,154536,买盘
1093,13:47:48,5.48,--,268,146864,买盘
1094,13:47:45,5.48,0.01,140,76720,买盘
1095,13:47:42,5.47,--,46,25162,卖盘
1096,13:47:39,5.47,--,74,41003,卖盘
1097,13:47:36,5.47,-0.01,235,128566,卖盘
1098,13:47:33,5.48,0.01,4,2192,买盘
1099,13:47:27,5.47,--,84,45948,买盘
1100,13:47:24,5.47,--,192,105024,买盘
1101,13:47:21,5.47,--,22,12034,买盘
1102,13:47:18,5.47,--,22,12034,买盘
1103,13:47:15,5.47,--,4,2188,买盘
1104,13:47:12,5.47,--,8,4376,买盘
1105,13:47:09,5.47,--,30,16935,买盘
1106,13:47:06,5.47,--,228,124716,买盘
1107,13:47:03,5.47,--,16,8752,买盘
1108,13:47:00,5.47,-0.01,342,187074,卖盘
1109,13:46:57,5.48,0.01,90,49320,买盘
1110,13:46:51,5.47,-0.01,39,21354,卖盘
1111,13:46:48,5.48,0.01,18,9864,买盘
1112,13:46:45,5.47,-0.01,38,21311,卖盘
1113,13:46:42,5.48,0.01,30,16440,买盘
1114,13:46:39,5.47,--,20,10940,卖盘
1115,13:46:33,5.47,-0.01,11,6038,卖盘
1116,13:46:30,5.48,0.01,4,2718,买盘
1117,13:46:27,5.47,--,178,97366,卖盘
1118,13:46:24,5.47,--,79,43234,卖盘
1119,13:46:18,5.47,-0.01,42,23499,卖盘
1120,13:46:15,5.48,0.01,482,264136,买盘
1121,13:46:12,5.47,--,18,9846,卖盘
1122,13:46:09,5.47,--,144,78768,卖盘
1123,13:46:06,5.47,-0.01,2,1094,卖盘
1124,13:46:03,5.48,--,50,27400,买盘
1125,13:46:00,5.48,0.01,40,21920,买盘
1126,13:45:57,5.47,--,284,155348,卖盘
1127,13:45:54,5.47,--,7,3850,卖盘
1128,13:45:51,5.47,--,2,1094,卖盘
1129,13:45:48,5.47,--,14,8183,买盘
1130,13:45:45,5.47,-0.01,375,205146,卖盘
1131,13:45:42,5.48,0.01,12,6576,买盘
1132,13:45:39,5.47,-0.01,20,11465,卖盘
1133,13:45:36,5.48,0.01,23,12625,买盘
1134,13:45:33,5.47,-0.01,34,19123,中性盘
1135,13:45:27,5.48,0.01,233,127705,买盘
1136,13:45:24,5.47,--,8,4376,买盘
1137,13:45:21,5.47,--,6,3807,买盘
1138,13:45:18,5.47,-0.01,1,568,中性盘
1139,13:45:15,5.48,--,24,13678,买盘
1140,13:45:09,5.48,0.02,50,27400,买盘
1141,13:45:06,5.46,-0.02,26,14196,卖盘
1142,13:45:03,5.48,--,7,3857,买盘
1143,13:45:00,5.48,0.01,244,134238,买盘
1144,13:44:54,5.47,--,181,99028,卖盘
1145,13:44:48,5.47,-0.01,14,7658,卖盘
1146,13:44:45,5.48,0.02,0,526,买盘
1147,13:44:39,5.46,--,60,32760,卖盘
1148,13:44:33,5.46,--,100,54600,卖盘
1149,13:44:30,5.46,--,138,75348,卖盘
1150,13:44:27,5.46,--,53,28959,卖盘
1151,13:44:24,5.46,--,4,2708,卖盘
1152,13:44:18,5.46,-0.01,155,84651,卖盘
1153,13:44:15,5.47,0.01,2,1619,买盘
1154,13:44:12,5.46,--,27,14763,卖盘
1155,13:44:09,5.46,--,18,9828,卖盘
1156,13:44:06,5.46,--,154,84084,卖盘
1157,13:44:00,5.46,-0.02,0,524,卖盘
1158,13:43:57,5.48,0.02,3334,1827032,买盘
1159,13:43:54,5.46,--,867,473665,买盘
1160,13:43:45,5.46,--,119,64974,买盘
1161,13:43:42,5.46,--,62,33852,买盘
1162,13:43:36,5.46,--,20,10920,买盘
1163,13:43:33,5.46,--,3,1638,买盘
1164,13:43:30,5.46,--,10,5460,买盘
1165,13:43:27,5.46,--,40,21840,买盘
1166,13:43:24,5.46,--,20,10920,买盘
1167,13:43:21,5.46,--,6,3276,买盘
1168,13:43:18,5.46,--,431,235326,买盘
1169,13:43:15,5.46,0.01,37,20202,买盘
1170,13:43:12,5.45,--,461,251245,卖盘
1171,13:43:06,5.45,-0.01,10,5450,卖盘
1172,13:43:03,5.46,--,5,2730,买盘
1173,13:43:00,5.46,--,2,1092,买盘
1174,13:42:57,5.46,0.01,10,5460,买盘
1175,13:42:51,5.45,-0.01,19,10355,卖盘
1176,13:42:48,5.46,0.01,2,1092,买盘
1177,13:42:42,5.45,-0.01,93,50685,卖盘
1178,13:42:39,5.46,--,137,74802,买盘
1179,13:42:33,5.46,--,8,4368,买盘
1180,13:42:30,5.46,--,6,3276,买盘
1181,13:42:24,5.46,0.01,10,5460,买盘
1182,13:42:21,5.45,-0.01,169,92105,卖盘
1183,13:42:09,5.46,--,2,1092,买盘
1184,13:42:06,5.46,--,8,4368,买盘
1185,13:42:03,5.46,--,9,4914,买盘
1186,13:41:57,5.46,--,80,43680,买盘
1187,13:41:54,5.46,--,110,60060,买盘
1188,13:41:45,5.46,0.01,22,12012,买盘
1189,13:41:39,5.45,-0.01,512,279040,卖盘
1190,13:41:36,5.46,--,2,1092,买盘
1191,13:41:33,5.46,--,12,6552,买盘
1192,13:41:30,5.46,--,6,3276,买盘
1193,13:41:27,5.46,--,6,3276,买盘
1194,13:41:24,5.46,--,225,122850,买盘
1195,13:41:21,5.46,0.01,1,546,买盘
1196,13:41:18,5.45,-0.01,85,46325,卖盘
1197,13:41:15,5.46,--,146,79716,买盘
1198,13:41:12,5.46,--,7,3822,买盘
1199,13:41:09,5.46,--,114,62244,买盘
1200,13:41:03,5.46,--,10,5460,买盘
1201,13:41:00,5.46,--,132,72072,买盘
1202,13:40:57,5.46,0.01,29,15834,买盘
1203,13:40:54,5.45,-0.01,68,37060,卖盘
1204,13:40:51,5.46,--,43,23478,买盘
1205,13:40:48,5.46,--,11,6006,买盘
1206,13:40:39,5.46,0.01,10,5460,买盘
1207,13:40:36,5.45,--,10,5450,卖盘
1208,13:40:29,5.45,-0.01,78,42510,卖盘
1209,13:40:26,5.46,0.01,20,10920,买盘
1210,13:40:23,5.45,--,18,9810,卖盘
1211,13:40:14,5.45,--,10,5450,卖盘
1212,13:40:11,5.45,--,21,11445,卖盘
1213,13:40:05,5.45,--,100,54500,卖盘
1214,13:40:02,5.45,--,30,16350,卖盘
1215,13:39:56,5.45,--,10,5450,卖盘
1216,13:39:53,5.45,--,24,13363,卖盘
1217,13:39:50,5.45,--,64,35403,卖盘
1218,13:39:44,5.45,--,8,4360,卖盘
1219,13:39:41,5.45,--,317,172786,买盘
1220,13:39:35,5.45,--,20,10900,买盘
1221,13:39:32,5.45,--,38,20710,卖盘
1222,13:39:23,5.45,--,298,162410,买盘
1223,13:39:14,5.45,--,68,37060,买盘
1224,13:39:11,5.45,--,50,27250,买盘
1225,13:39:08,5.45,--,42,22890,买盘
1226,13:39:05,5.45,--,72,39763,买盘
1227,13:39:02,5.45,--,51,27816,买盘
1228,13:38:59,5.45,--,4,2703,买盘
1229,13:38:56,5.45,--,63,34356,买盘
1230,13:38:53,5.45,--,146,79570,买盘
1231,13:38:50,5.45,--,182,99190,买盘
1232,13:38:44,5.45,0.01,6,3270,买盘
1233,13:38:41,5.44,-0.01,592,322570,卖盘
1234,13:38:38,5.45,--,991,540116,买盘
1235,13:38:32,5.45,--,30,16350,买盘
1236,13:38:29,5.45,--,438,238710,买盘
1237,13:38:23,5.45,--,36,20143,买盘
1238,13:38:20,5.45,--,17,9286,买盘
1239,13:38:17,5.45,--,246,134593,买盘
1240,13:38:11,5.45,--,70,38150,买盘
1241,13:38:08,5.45,--,38,20710,买盘
1242,13:38:02,5.45,0.01,15,8196,买盘
1243,13:37:59,5.44,-0.01,124,67978,卖盘
1244,13:37:56,5.45,0.01,14,7630,买盘
1245,13:37:53,5.44,-0.01,5,2741,卖盘
1246,13:37:50,5.45,0.01,34,19053,买盘
1247,13:37:47,5.44,--,6,3264,卖盘
1248,13:37:44,5.44,--,120,65280,卖盘
1249,13:37:38,5.44,-0.01,229,124597,卖盘
1250,13:37:35,5.45,0.01,20,11423,买盘
1251,13:37:32,5.44,-0.01,75,40821,卖盘
1252,13:37:29,5.45,--,8,4360,买盘
1253,13:37:26,5.45,--,30,16350,买盘
1254,13:37:23,5.45,--,64,35403,买盘
1255,13:37:20,5.45,--,15,8196,买盘
1256,13:37:17,5.45,--,10,5450,买盘
1257,13:37:14,5.45,--,6,3793,买盘
1258,13:37:11,5.45,--,102,55590,买盘
1259,13:37:08,5.45,--,140,76300,买盘
1260,13:37:02,5.45,0.01,151,82316,买盘
1261,13:36:59,5.44,-0.01,8,4874,卖盘
1262,13:36:56,5.45,0.01,23,12556,买盘
1263,13:36:53,5.44,--,50,27200,卖盘
1264,13:36:50,5.44,-0.01,302,164810,卖盘
1265,13:36:47,5.45,--,22,11990,买盘
1266,13:36:44,5.45,--,100,54500,买盘
1267,13:36:41,5.45,--,11,6016,买盘
1268,13:36:38,5.45,0.01,704,384203,买盘
1269,13:36:35,5.44,--,83,45173,卖盘
1270,13:36:29,5.44,--,0,522,卖盘
1271,13:36:26,5.44,-0.01,108,58752,卖盘
1272,13:36:23,5.45,--,1,566,买盘
1273,13:36:20,5.45,0.01,10,5450,买盘
1274,13:36:17,5.44,-0.01,14,7616,卖盘
1275,13:36:14,5.45,--,102,55590,买盘
1276,13:36:11,5.45,--,6,3793,买盘
1277,13:36:08,5.45,--,220,119900,买盘
1278,13:36:02,5.45,--,13,7106,买盘
1279,13:35:59,5.45,--,28,15260,买盘
1280,13:35:50,5.45,--,18,10333,买盘
1281,13:35:41,5.45,--,30,16350,买盘
1282,13:35:38,5.45,0.01,50,27250,买盘
1283,13:35:32,5.44,--,30,16320,卖盘
1284,13:35:26,5.44,--,27,14709,卖盘
1285,13:35:20,5.44,--,4,2176,卖盘
1286,13:35:17,5.44,--,100,54400,卖盘
1287,13:35:11,5.44,--,254,138176,买盘
1288,13:35:05,5.44,--,67,36448,买盘
1289,13:35:02,5.44,--,2,1088,买盘
1290,13:34:59,5.44,--,49,26656,买盘
1291,13:34:56,5.44,--,25,13600,买盘
1292,13:34:53,5.44,--,25,13600,买盘
1293,13:34:50,5.44,--,502,273088,买盘
1294,13:34:47,5.44,--,146,79424,买盘
1295,13:34:41,5.44,--,60,32640,买盘
1296,13:34:38,5.44,-0.01,43,23392,中性盘
1297,13:34:35,5.45,0.01,20,10900,买盘
1298,13:34:29,5.44,--,1015,552160,卖盘
1299,13:34:26,5.44,--,89,48698,卖盘
1300,13:34:23,5.44,-0.01,40,21760,卖盘
1301,13:34:20,5.45,0.01,36,20143,买盘
1302,13:34:17,5.44,--,9,4917,卖盘
1303,13:34:14,5.44,--,14,8138,卖盘
1304,13:34:11,5.44,--,51,27765,卖盘
1305,13:34:08,5.44,--,8,4874,卖盘
1306,13:34:05,5.44,-0.01,7,3829,卖盘
1307,13:34:02,5.45,0.02,170,92650,买盘
1308,13:33:59,5.43,--,10,5430,卖盘
1309,13:33:56,5.43,-0.01,108,59165,卖盘
1310,13:33:53,5.44,0.01,268,145792,买盘
1311,13:33:47,5.43,-0.01,40,21720,卖盘
1312,13:33:35,5.44,--,35,19061,买盘
1313,13:33:32,5.44,--,64,35338,买盘
1314,13:33:29,5.44,0.01,9,4917,买盘
1315,13:33:26,5.43,-0.01,2,1086,卖盘
1316,13:33:23,5.44,--,52,28810,卖盘
1317,13:33:20,5.44,--,1,565,卖盘
1318,13:33:17,5.44,--,2,1610,卖盘
1319,13:33:11,5.44,0.01,4,2176,中性盘
1320,13:33:08,5.43,-0.01,307,166722,卖盘
1321,13:33:02,5.44,--,22,12490,买盘
1322,13:32:59,5.44,--,30,16320,买盘
1323,13:32:56,5.44,--,10,5440,买盘
1324,13:32:53,5.44,--,19,10357,卖盘
1325,13:32:50,5.44,--,150,82122,买盘
1326,13:32:44,5.44,--,30,16320,买盘
1327,13:32:41,5.44,-0.01,3,1653,卖盘
1328,13:32:38,5.45,0.01,30,16873,买盘
1329,13:32:35,5.44,--,17,9400,卖盘
1330,13:32:32,5.44,-0.01,14,7616,卖盘
1331,13:32:26,5.45,0.01,12,6540,买盘
1332,13:32:23,5.44,--,153,83232,卖盘
1333,13:32:20,5.44,--,37,20128,卖盘
1334,13:32:17,5.44,--,37,20128,卖盘
1335,13:32:11,5.44,--,156,84864,卖盘
1336,13:32:08,5.44,-0.01,1,544,卖盘
1337,13:32:05,5.45,0.01,18,9810,买盘
1338,13:32:02,5.44,-0.01,30,16320,卖盘
1339,13:31:59,5.45,0.01,10,5450,买盘
1340,13:31:56,5.44,-0.01,4,2176,卖盘
1341,13:31:50,5.45,--,60,32700,买盘
1342,13:31:44,5.45,--,16,8720,买盘
1343,13:31:41,5.45,--,128,69760,买盘
1344,13:31:38,5.45,0.01,45,24525,买盘
1345,13:31:35,5.44,-0.01,104,56576,卖盘
1346,13:31:32,5.45,--,14,7630,买盘
1347,13:31:29,5.45,--,15,8175,买盘
1348,13:31:26,5.45,--,67,36515,买盘
1349,13:31:23,5.45,--,40,21800,买盘
1350,13:31:08,5.45,--,178,97010,买盘
1351,13:31:02,5.45,0.01,119,64855,买盘
1352,13:30:59,5.44,-0.01,530,288320,卖盘
1353,13:30:53,5.45,--,36,19620,买盘
1354,13:30:50,5.45,0.01,20,10900,买盘
1355,13:30:47,5.44,--,9,4896,卖盘
1356,13:30:44,5.44,-0.01,65,35360,卖盘
1357,13:30:41,5.45,0.01,58,31610,买盘
1358,13:30:38,5.44,-0.01,20,10880,卖盘
1359,13:30:32,5.45,--,70,38150,买盘
1360,13:30:29,5.45,--,20,10900,买盘
1361,13:30:26,5.45,0.01,21,11445,买盘
1362,13:30:23,5.44,-0.01,15,8160,卖盘
1363,13:30:20,5.45,0.01,15,8175,买盘
1364,13:30:17,5.44,-0.01,305,165920,卖盘
1365,13:30:14,5.45,--,296,161320,买盘
1366,13:30:08,5.45,--,157,85565,买盘
1367,13:30:02,5.45,0.01,10,5450,买盘
1368,13:29:59,5.44,-0.01,33,17952,卖盘
1369,13:29:56,5.45,--,120,65400,卖盘
1370,13:29:47,5.45,--,183,99735,卖盘
1371,13:29:41,5.45,--,30,16350,卖盘
1372,13:29:38,5.45,--,12,6540,中性盘
1373,13:29:35,5.45,--,62,33790,买盘
1374,13:29:29,5.45,0.01,22,11990,中性盘
1375,13:29:26,5.44,--,40,21760,卖盘
1376,13:29:23,5.44,-0.01,476,258944,卖盘
1377,13:29:20,5.45,--,34,18530,买盘
1378,13:29:17,5.45,--,13,7085,买盘
1379,13:29:14,5.45,--,53,28885,买盘
1380,13:29:11,5.45,--,14,7630,买盘
1381,13:29:08,5.45,--,48,26160,买盘
1382,13:29:05,5.45,--,15,8175,买盘
1383,13:28:59,5.45,0.01,10,5450,中性盘
1384,13:28:56,5.44,-0.01,1000,544000,卖盘
1385,13:28:53,5.45,--,3,1635,卖盘
1386,13:28:44,5.45,--,106,57770,卖盘
1387,13:28:41,5.45,--,10,5450,卖盘
1388,13:28:35,5.45,--,3,1635,卖盘
1389,13:28:32,5.45,0.01,51,28209,买盘
1390,13:28:29,5.44,-0.01,22,12490,卖盘
1391,13:28:26,5.45,0.01,104,56680,买盘
1392,13:28:20,5.44,-0.01,33,17973,卖盘
1393,13:28:17,5.45,-0.01,97,52995,卖盘
1394,13:28:11,5.46,0.01,18,10242,买盘
1395,13:28:08,5.45,-0.01,195,106405,卖盘
1396,13:28:05,5.46,0.01,53,28938,买盘
1397,13:27:59,5.45,--,54,29430,卖盘
1398,13:27:56,5.45,--,1000,545000,卖盘
1399,13:27:50,5.45,--,10,5450,卖盘
1400,13:27:44,5.45,-0.01,44,23980,卖盘
1401,13:27:41,5.46,--,110,60060,买盘
1402,13:27:35,5.46,--,5,2730,买盘
1403,13:27:32,5.46,0.01,256,139776,买盘
1404,13:27:29,5.45,--,20,10900,卖盘
1405,13:27:26,5.45,--,150,82164,卖盘
1406,13:27:23,5.45,-0.01,2,1613,卖盘
1407,13:27:20,5.46,--,52,28392,买盘
1408,13:27:17,5.46,--,233,127239,买盘
1409,13:27:11,5.46,--,66,36560,买盘
1410,13:27:08,5.46,0.01,50,27300,买盘
1411,13:27:05,5.45,--,3,1656,卖盘
1412,13:27:02,5.45,-0.01,14,7630,卖盘
1413,13:26:59,5.46,--,24,13628,买盘
1414,13:26:53,5.46,--,127,69363,卖盘
1415,13:26:50,5.46,--,132,72596,卖盘
1416,13:26:47,5.46,-0.01,36,19656,卖盘
1417,13:26:41,5.47,0.01,129,70584,买盘
1418,13:26:38,5.46,--,96,52940,卖盘
1419,13:26:35,5.46,--,5,2751,卖盘
1420,13:26:32,5.46,--,30,16380,卖盘
1421,13:26:26,5.46,0.01,62,34376,买盘
1422,13:26:20,5.45,-0.01,94,51230,卖盘
1423,13:26:17,5.46,--,147,80283,买盘
1424,13:26:14,5.46,--,252,138116,买盘
1425,13:26:11,5.46,--,10,5460,买盘
1426,13:26:05,5.46,-0.01,213,116319,买盘
1427,13:26:02,5.47,0.01,50,27350,买盘
1428,13:25:59,5.46,-0.01,186,102080,卖盘
1429,13:25:53,5.47,0.01,86,47042,买盘
1430,13:25:47,5.46,--,62,33852,卖盘
1431,13:25:44,5.46,-0.01,105,57330,卖盘
1432,13:25:38,5.47,--,340,185980,买盘
1433,13:25:32,5.47,--,427,233569,买盘
1434,13:25:29,5.47,--,9,4923,买盘
1435,13:25:26,5.47,--,13,7111,买盘
1436,13:25:23,5.47,--,45,24615,买盘
1437,13:25:20,5.47,--,10,5470,买盘
1438,13:25:17,5.47,--,30,16410,买盘
1439,13:25:14,5.47,--,4,2188,买盘
1440,13:25:11,5.47,--,20,10940,买盘
1441,13:25:08,5.47,--,93,50871,买盘
1442,13:25:02,5.47,--,79,43213,卖盘
1443,13:24:59,5.47,-0.01,88,48136,卖盘
1444,13:24:53,5.48,0.01,20,10960,买盘
1445,13:24:50,5.47,-0.01,10,5470,卖盘
1446,13:24:47,5.48,0.01,23,12604,买盘
1447,13:24:41,5.47,--,127,69469,卖盘
1448,13:24:38,5.47,-0.01,4,2188,卖盘
1449,13:24:35,5.48,0.01,253,138644,买盘
1450,13:24:32,5.47,--,334,182698,卖盘
1451,13:24:29,5.47,--,135,73845,卖盘
1452,13:24:23,5.47,--,67,36649,卖盘
1453,13:24:20,5.47,-0.01,64,35008,卖盘
1454,13:24:17,5.48,--,61,33428,买盘
1455,13:24:14,5.48,0.01,108,59184,买盘
1456,13:24:11,5.47,--,125,68375,卖盘
1457,13:24:08,5.47,-0.01,2,1094,卖盘
1458,13:24:05,5.48,0.01,1,548,买盘
1459,13:24:02,5.47,--,60,32820,卖盘
1460,13:23:59,5.47,-0.01,37,20239,卖盘
1461,13:23:56,5.48,0.01,426,233448,买盘
1462,13:23:53,5.47,--,407,222629,买盘
1463,13:23:50,5.47,--,45,24615,买盘
1464,13:23:47,5.47,--,72,39384,买盘
1465,13:23:44,5.47,--,30,16410,买盘
1466,13:23:41,5.47,--,120,65640,买盘
1467,13:23:38,5.47,-0.01,129,70563,卖盘
1468,13:23:35,5.48,--,251,137548,买盘
1469,13:23:32,5.48,0.01,70,38360,买盘
1470,13:23:29,5.47,--,145,79315,卖盘
1471,13:23:26,5.47,--,40,21880,卖盘
1472,13:23:23,5.47,-0.01,311,170117,卖盘
1473,13:23:20,5.48,--,107,58636,买盘
1474,13:23:14,5.48,0.01,45,24660,买盘
1475,13:23:11,5.47,--,313,171211,卖盘
1476,13:23:05,5.47,-0.01,82,44854,卖盘
1477,13:23:02,5.48,0.01,110,60280,买盘
1478,13:22:59,5.47,--,65,35555,卖盘
1479,13:22:56,5.47,-0.01,92,50324,卖盘
1480,13:22:50,5.48,--,292,160016,买盘
1481,13:22:47,5.48,0.01,64,35072,买盘
1482,13:22:44,5.47,-0.01,127,69469,卖盘
1483,13:22:41,5.48,--,161,88228,买盘
1484,13:22:38,5.48,--,18,9864,买盘
1485,13:22:35,5.48,--,122,66856,买盘
1486,13:22:32,5.48,0.01,327,179196,买盘
1487,13:22:29,5.47,--,116,63452,卖盘
1488,13:22:26,5.47,--,90,49230,卖盘
1489,13:22:23,5.47,-0.01,185,101195,卖盘
1490,13:22:20,5.48,--,120,65760,买盘
1491,13:22:17,5.48,--,141,77268,买盘
1492,13:22:14,5.48,0.01,45,24660,买盘
1493,13:22:08,5.47,--,35,19145,卖盘
1494,13:22:05,5.47,--,39,21333,卖盘
1495,13:22:02,5.47,-0.01,423,231381,卖盘
1496,13:21:59,5.48,-0.01,427,233996,卖盘
1497,13:21:56,5.49,--,195,107055,买盘
1498,13:21:53,5.49,--,103,56547,买盘
1499,13:21:50,5.49,--,489,268461,买盘
1500,13:21:47,5.49,-0.01,518,284382,卖盘
1501,13:21:44,5.5,--,296,162800,买盘
1502,13:21:41,5.5,--,473,260150,买盘
1503,13:21:38,5.5,--,862,474100,卖盘
1504,13:21:32,5.5,--,363,199650,卖盘
1505,13:21:29,5.5,--,676,371800,卖盘
1506,13:21:26,5.5,-0.01,102,56100,卖盘
1507,13:21:23,5.51,--,136,74936,买盘
1508,13:21:20,5.51,0.01,195,107445,买盘
1509,13:21:17,5.5,0.01,431,237050,买盘
1510,13:21:14,5.49,-0.01,186,102114,卖盘
1511,13:21:11,5.5,-0.01,115,63250,卖盘
1512,13:21:08,5.51,0.02,3806,2097106,买盘
1513,13:21:02,5.49,--,10,5490,卖盘
1514,13:20:56,5.49,--,42,23058,卖盘
1515,13:20:53,5.49,--,34,18666,卖盘
1516,13:20:50,5.49,0.01,250,137250,买盘
1517,13:20:47,5.48,--,247,135356,卖盘
1518,13:20:44,5.48,--,69,37812,卖盘
1519,13:20:41,5.48,--,230,126040,卖盘
1520,13:20:38,5.48,--,128,70144,卖盘
1521,13:20:35,5.48,0.01,1519,832412,买盘
1522,13:20:32,5.47,-0.01,530,289910,卖盘
1523,13:20:29,5.48,0.01,101,55348,买盘
1524,13:20:26,5.47,-0.01,305,166835,卖盘
1525,13:20:23,5.48,0.01,182,99736,买盘
1526,13:20:20,5.47,--,75,41025,卖盘
1527,13:20:17,5.47,-0.01,76,41572,卖盘
1528,13:20:14,5.48,0.02,30,16440,买盘
1529,13:20:11,5.46,-0.01,46,25116,卖盘
1530,13:20:08,5.47,--,34,18598,买盘
1531,13:20:05,5.47,0.01,185,101195,买盘
1532,13:20:02,5.46,--,230,125580,卖盘
1533,13:19:59,5.46,-0.01,55,30030,卖盘
1534,13:19:56,5.47,--,124,67828,买盘
1535,13:19:53,5.47,--,19,10393,买盘
1536,13:19:50,5.47,--,18,9846,买盘
1537,13:19:44,5.47,--,184,100648,买盘
1538,13:19:40,5.47,0.01,107,58529,买盘
1539,13:19:37,5.46,-0.01,133,72618,卖盘
1540,13:19:31,5.47,--,18,9867,买盘
1541,13:19:28,5.47,--,324,177753,买盘
1542,13:19:25,5.47,--,19,10414,买盘
1543,13:19:19,5.47,--,78,42666,卖盘
1544,13:19:16,5.47,--,72,39384,买盘
1545,13:19:10,5.47,0.01,1050,574875,买盘
1546,13:19:07,5.46,-0.01,86,46956,卖盘
1547,13:19:04,5.47,0.01,185,101216,买盘
1548,13:19:01,5.46,-0.01,60,32760,卖盘
1549,13:18:58,5.47,-0.01,262,143314,买盘
1550,13:18:55,5.48,0.01,274,150678,买盘
1551,13:18:52,5.47,-0.01,389,212804,卖盘
1552,13:18:49,5.48,0.01,124,68478,买盘
1553,13:18:46,5.47,-0.01,110,60170,卖盘
1554,13:18:43,5.48,--,24,13152,买盘
1555,13:18:40,5.48,--,73,40025,买盘
1556,13:18:34,5.48,--,614,336472,卖盘
1557,13:18:31,5.48,-0.01,168,92590,卖盘
1558,13:18:28,5.49,--,234,128466,买盘
1559,13:18:25,5.49,--,187,102684,买盘
1560,13:18:22,5.49,--,82,45545,买盘
1561,13:18:19,5.49,--,154,84546,买盘
1562,13:18:16,5.49,-0.01,1178,646722,卖盘
1563,13:18:13,5.5,--,1412,776600,买盘
1564,13:18:10,5.5,0.01,530,291500,买盘
1565,13:18:07,5.49,-0.01,475,260796,卖盘
1566,13:18:04,5.5,0.01,1486,817828,买盘
1567,13:18:01,5.49,-0.01,738,405162,卖盘
1568,13:17:58,5.5,0.01,661,363572,买盘
1569,13:17:55,5.49,-0.01,1428,784499,卖盘
1570,13:17:52,5.5,--,1024,563200,买盘
1571,13:17:49,5.5,--,849,466972,买盘
1572,13:17:46,5.5,--,190,105028,买盘
1573,13:17:43,5.5,--,378,207900,买盘
1574,13:17:40,5.5,--,287,157872,买盘
1575,13:17:37,5.5,0.01,166,91300,买盘
1576,13:17:34,5.49,0.01,4536,2490615,买盘
1577,13:17:31,5.48,--,937,513497,卖盘
1578,13:17:25,5.48,-0.01,50,27400,卖盘
1579,13:17:22,5.49,0.01,566,310734,买盘
1580,13:17:19,5.48,--,210,115080,买盘
1581,13:17:16,5.48,--,56,30688,买盘
1582,13:17:13,5.48,0.02,72,39982,买盘
1583,13:17:07,5.46,0.02,28,15288,买盘
1584,13:17:01,5.44,-0.03,10002,5441088,中性盘
1585,13:16:58,5.47,0.05,10000,5470000,买盘
1586,13:16:55,5.42,-0.02,5,2731,卖盘
1587,13:16:52,5.44,0.02,62,33728,买盘
1588,13:16:49,5.42,-0.01,96,52552,卖盘
1589,13:16:46,5.43,-0.01,6,3258,中性盘
1590,13:16:43,5.44,0.01,5000,2720000,买盘
1591,13:16:37,5.43,--,60,32580,买盘
1592,13:16:34,5.43,0.01,105,57036,买盘
1593,13:16:28,5.42,--,414,224908,卖盘
1594,13:16:22,5.42,--,57,30915,卖盘
1595,13:16:19,5.42,-0.01,136,74232,卖盘
1596,13:16:13,5.43,--,2,1086,买盘
1597,13:16:10,5.43,0.01,4,2172,买盘
1598,13:16:07,5.42,0.01,208,112736,买盘
1599,13:16:04,5.41,-0.01,22,11902,卖盘
1600,13:16:01,5.42,--,51,27663,买盘
1601,13:15:58,5.42,--,12,6504,买盘
1602,13:15:55,5.42,--,200,108400,买盘
1603,13:15:49,5.42,--,102,55284,买盘
1604,13:15:46,5.42,--,100,54200,买盘
1605,13:15:40,5.42,--,26,14612,买盘
1606,13:15:34,5.42,--,50,27100,买盘
1607,13:15:31,5.42,0.01,361,195683,买盘
1608,13:15:25,5.41,-0.01,4,2683,卖盘
1609,13:15:22,5.42,--,20,10840,买盘
1610,13:15:19,5.42,--,14,7588,买盘
1611,13:15:16,5.42,0.01,49,26579,买盘
1612,13:15:10,5.41,--,0,519,卖盘
1613,13:15:04,5.41,-0.01,5,2726,卖盘
1614,13:15:01,5.42,--,4,2168,买盘
1615,13:14:58,5.42,0.01,46,25452,买盘
1616,13:14:49,5.41,--,20,10820,卖盘
1617,13:14:43,5.41,--,4,2164,卖盘
1618,13:14:40,5.41,-0.01,2,1082,卖盘
1619,13:14:37,5.42,--,23,12487,买盘
1620,13:14:34,5.42,--,86,46612,买盘
1621,13:14:31,5.42,--,20,10840,买盘
1622,13:14:28,5.42,--,36,20032,买盘
1623,13:14:25,5.42,0.01,5,2731,买盘
1624,13:14:22,5.41,-0.01,4,2683,卖盘
1625,13:14:16,5.42,--,34,18428,卖盘
1626,13:14:13,5.42,--,20,10840,买盘
1627,13:14:07,5.42,--,54,29268,买盘
1628,13:13:55,5.42,--,156,84552,买盘
1629,13:13:52,5.42,--,1,563,买盘
1630,13:13:49,5.42,--,52,28184,买盘
1631,13:13:46,5.42,--,16,9192,买盘
1632,13:13:40,5.42,--,27,14655,买盘
1633,13:13:37,5.42,--,158,85636,买盘
1634,13:13:31,5.42,--,54,29788,买盘
1635,13:13:25,5.42,--,2,1084,买盘
1636,13:13:19,5.42,--,62,33604,买盘
1637,13:13:16,5.42,-0.01,20,10840,中性盘
1638,13:13:10,5.43,0.01,600,325800,买盘
1639,13:12:58,5.42,-0.01,108,58536,卖盘
1640,13:12:49,5.43,--,40,21720,买盘
1641,13:12:46,5.43,0.01,5,2736,买盘
1642,13:12:43,5.42,--,138,74796,卖盘
1643,13:12:40,5.42,--,2,1604,卖盘
1644,13:12:37,5.42,--,5,2731,卖盘
1645,13:12:31,5.42,--,480,260160,买盘
1646,13:12:25,5.42,0.01,4,2688,买盘
1647,13:12:19,5.41,-0.01,49,26530,卖盘
1648,13:12:10,5.42,0.01,398,216236,买盘
1649,13:12:07,5.41,-0.01,1,562,卖盘
1650,13:12:01,5.42,0.01,34,18428,买盘
1651,13:11:58,5.41,-0.01,30,16749,卖盘
1652,13:11:55,5.42,--,57,30915,买盘
1653,13:11:52,5.42,--,16,8672,买盘
1654,13:11:49,5.42,--,14,8108,买盘
1655,13:11:40,5.42,--,35,18991,买盘
1656,13:11:37,5.42,--,16,9192,买盘
1657,13:11:34,5.42,--,20,10840,买盘
1658,13:11:31,5.42,--,2,1084,买盘
1659,13:11:28,5.42,--,480,260160,卖盘
1660,13:11:25,5.42,--,17,9235,卖盘
1661,13:11:22,5.42,-0.01,6,3252,卖盘
1662,13:11:19,5.43,--,58,31494,买盘
1663,13:11:16,5.43,--,48,26585,买盘
1664,13:11:13,5.43,--,5,2736,买盘
1665,13:11:04,5.43,--,0,521,买盘
1666,13:10:55,5.43,--,84,45612,买盘
1667,13:10:49,5.43,0.01,20,10860,买盘
1668,13:10:46,5.42,-0.01,20,10840,卖盘
1669,13:10:43,5.43,0.01,70,38010,买盘
1670,13:10:40,5.42,-0.01,50,27100,卖盘
1671,13:10:37,5.43,--,522,283446,买盘
1672,13:10:28,5.43,--,11,5994,买盘
1673,13:10:25,5.43,0.01,8,4865,买盘
1674,13:10:22,5.42,--,140,75880,卖盘
1675,13:10:19,5.42,-0.01,25,13571,卖盘
1676,13:10:16,5.43,0.01,50,27671,买盘
1677,13:10:13,5.42,-0.01,5,2731,卖盘
1678,13:10:10,5.43,0.01,18,10295,买盘
1679,13:10:07,5.42,-0.01,50,27100,卖盘
1680,13:10:04,5.43,--,25,13596,买盘
1681,13:10:01,5.43,0.01,6,3779,买盘
1682,13:09:55,5.42,--,13,7067,卖盘
1683,13:09:52,5.42,--,30,16780,卖盘
1684,13:09:49,5.42,-0.01,2,1084,卖盘
1685,13:09:46,5.43,--,8,4344,买盘
1686,13:09:43,5.43,0.01,11,5994,买盘
1687,13:09:34,5.42,-0.01,14,8108,卖盘
1688,13:09:31,5.43,0.01,10,5430,买盘
1689,13:09:28,5.42,--,30,16260,卖盘
1690,13:09:19,5.42,-0.01,38,20596,卖盘
1691,13:09:16,5.43,0.01,139,75498,买盘
1692,13:09:10,5.42,--,0,520,买盘
1693,13:09:07,5.42,0.01,6,3252,买盘
1694,13:09:04,5.41,--,102,55182,卖盘
1695,13:09:01,5.41,-0.01,28,15148,卖盘
1696,13:08:58,5.42,-0.01,10,5420,中性盘
1697,13:08:52,5.43,0.01,30,16290,买盘
1698,13:08:49,5.42,--,58,31436,卖盘
1699,13:08:46,5.42,--,53,28747,卖盘
1700,13:08:34,5.42,--,20,10840,卖盘
1701,13:08:31,5.42,--,14,7588,卖盘
1702,13:08:19,5.42,--,426,230892,买盘
1703,13:08:13,5.42,0.01,22,12444,买盘
1704,13:08:01,5.41,-0.01,76,41116,卖盘
1705,13:07:55,5.42,0.01,14,7588,买盘
1706,13:07:52,5.41,-0.01,6,3246,卖盘
1707,13:07:49,5.42,--,100,54200,买盘
1708,13:07:46,5.42,0.01,3,1647,买盘
1709,13:07:43,5.41,--,32,17831,卖盘
1710,13:07:40,5.41,--,35,18956,卖盘
1711,13:07:37,5.41,--,12,7011,卖盘
1712,13:07:28,5.41,--,51,27612,卖盘
1713,13:07:25,5.41,-0.01,38,20558,卖盘
1714,13:07:22,5.42,0.01,300,162600,买盘
1715,13:07:19,5.41,--,80,43539,卖盘
1716,13:07:16,5.41,--,5,2705,卖盘
1717,13:07:13,5.41,--,18,9738,卖盘
1718,13:07:04,5.41,--,19,10279,卖盘
1719,13:07:01,5.41,--,623,337043,卖盘
1720,13:06:55,5.41,--,39,21099,卖盘
1721,13:06:52,5.41,--,2,1082,卖盘
1722,13:06:49,5.41,--,1,541,卖盘
1723,13:06:43,5.41,-0.01,100,54100,卖盘
1724,13:06:37,5.42,--,5,2710,买盘
1725,13:06:34,5.42,--,25,13550,买盘
1726,13:06:31,5.42,--,1,542,买盘
1727,13:06:28,5.42,0.01,17,9214,买盘
1728,13:06:19,5.41,-0.01,131,70871,卖盘
1729,13:06:16,5.42,0.01,105,56910,买盘
1730,13:06:10,5.41,-0.01,14,7574,卖盘
1731,13:06:07,5.42,--,381,206502,卖盘
1732,13:05:52,5.42,0.01,291,157722,买盘
1733,13:05:49,5.41,--,30,16230,卖盘
1734,13:05:43,5.41,-0.01,6,3246,卖盘
1735,13:05:37,5.42,0.01,13,7046,买盘
1736,13:05:34,5.41,--,216,116856,卖盘
1737,13:05:28,5.41,-0.01,5,2705,卖盘
1738,13:05:25,5.42,--,2,1084,买盘
1739,13:05:22,5.42,--,2,1084,买盘
1740,13:05:19,5.42,0.01,43,23306,买盘
1741,13:05:16,5.41,--,10,5410,卖盘
1742,13:05:10,5.41,-0.01,301,162841,卖盘
1743,13:05:07,5.42,0.01,692,375064,买盘
1744,13:05:04,5.41,-0.01,48,25968,卖盘
1745,13:05:01,5.42,0.01,139,75338,买盘
1746,13:04:46,5.41,-0.01,400,216400,卖盘
1747,13:04:43,5.42,--,221,119782,买盘
1748,13:04:37,5.42,--,10,5420,买盘
1749,13:04:34,5.42,--,663,359346,卖盘
1750,13:04:31,5.42,--,144,78048,卖盘
1751,13:04:22,5.42,-0.01,110,59620,卖盘
1752,13:04:19,5.43,0.01,12,6516,买盘
1753,13:04:13,5.42,-0.01,36,19512,卖盘
1754,13:04:10,5.43,0.01,16,8688,买盘
1755,13:04:07,5.42,-0.01,15,8130,卖盘
1756,13:04:04,5.43,--,175,95025,买盘
1757,13:03:55,5.43,--,38,20634,买盘
1758,13:03:52,5.43,--,515,279927,卖盘
1759,13:03:49,5.43,--,160,87401,卖盘
1760,13:03:43,5.43,--,45,24456,卖盘
1761,13:03:34,5.43,--,10,5430,卖盘
1762,13:03:31,5.43,--,510,277190,买盘
1763,13:03:19,5.43,--,45,24435,买盘
1764,13:03:16,5.43,--,305,165875,卖盘
1765,13:03:13,5.43,--,3,1650,卖盘
1766,13:03:10,5.43,--,6,3258,卖盘
1767,13:03:07,5.43,--,50,27150,卖盘
1768,13:03:04,5.43,--,58,32015,卖盘
1769,13:03:01,5.43,-0.01,134,72762,卖盘
1770,13:02:58,5.44,--,47,25589,买盘
1771,13:02:55,5.44,0.01,180,98442,买盘
1772,13:02:52,5.43,--,282,153126,卖盘
1773,13:02:46,5.43,--,96,52128,卖盘
1774,13:02:43,5.43,--,22,11946,卖盘
1775,13:02:40,5.43,--,1,564,卖盘
1776,13:02:37,5.43,--,14,7602,卖盘
1777,13:02:34,5.43,--,76,41268,卖盘
1778,13:02:25,5.43,--,44,23892,卖盘
1779,13:02:16,5.43,--,104,56993,卖盘
1780,13:02:13,5.43,-0.01,350,190050,卖盘
1781,13:02:07,5.44,0.01,2,1088,买盘
1782,13:02:04,5.43,-0.01,6,3258,卖盘
1783,13:02:01,5.44,--,24,13056,卖盘
1784,13:01:58,5.44,--,126,68544,买盘
1785,13:01:55,5.44,-0.01,189,102837,卖盘
1786,13:01:52,5.45,0.01,24,13603,买盘
1787,13:01:49,5.44,--,106,57664,卖盘
1788,13:01:46,5.44,--,1021,555445,卖盘
1789,13:01:43,5.44,--,672,365568,卖盘
1790,13:01:40,5.44,-0.01,1010,549440,卖盘
1791,13:01:34,5.45,--,72,39763,买盘
1792,13:01:31,5.45,--,74,40330,买盘
1793,13:01:28,5.45,0.01,43,23456,买盘
1794,13:01:25,5.44,--,220,119680,卖盘
1795,13:01:22,5.44,-0.01,268,146314,卖盘
1796,13:01:16,5.45,0.01,32,17440,买盘
1797,13:01:10,5.44,--,50,27200,卖盘
1798,13:01:07,5.44,-0.01,65,35381,卖盘
1799,13:01:04,5.45,--,6,3270,买盘
1800,13:01:01,5.45,--,4,2703,买盘
1801,13:00:58,5.45,--,21,11466,买盘
1802,13:00:52,5.45,--,14,8153,买盘
1803,13:00:49,5.45,0.01,21,11466,买盘
1804,13:00:46,5.44,-0.01,10,5440,卖盘
1805,13:00:43,5.45,--,328,179283,买盘
1806,13:00:40,5.45,0.01,2,1090,买盘
1807,13:00:34,5.44,-0.01,85,46261,卖盘
1808,13:00:31,5.45,0.01,50,27250,买盘
1809,13:00:28,5.44,--,20,11402,卖盘
1810,13:00:25,5.44,--,10,5440,卖盘
1811,13:00:22,5.44,--,3,1653,卖盘
1812,13:00:16,5.44,--,48,26112,卖盘
1813,13:00:10,5.44,--,12,6528,卖盘
1814,13:00:07,5.44,--,176,96266,卖盘
1815,13:00:04,5.44,--,1493,812213,卖盘
1816,13:00:01,5.44,--,1516,824704,买盘
1817,11:29:56,5.44,0.01,380,207242,买盘
1818,11:29:53,5.43,--,49,26628,卖盘
1819,11:29:50,5.43,-0.01,50,27150,卖盘
1820,11:29:44,5.44,0.01,6,3786,买盘
1821,11:29:41,5.43,-0.01,72,39096,卖盘
1822,11:29:38,5.44,--,40,21760,买盘
1823,11:29:35,5.44,0.01,50,27200,买盘
1824,11:29:32,5.43,-0.01,172,93396,卖盘
1825,11:29:29,5.44,--,23,12533,卖盘
1826,11:29:26,5.44,--,12,7050,卖盘
1827,11:29:23,5.44,--,186,101184,买盘
1828,11:29:20,5.44,--,72,39168,买盘
1829,11:29:17,5.44,0.01,6,3264,买盘
1830,11:29:14,5.43,-0.01,57,30972,卖盘
1831,11:29:11,5.44,--,182,99008,卖盘
1832,11:29:08,5.44,--,86,46784,买盘
1833,11:29:05,5.44,--,208,113152,买盘
1834,11:28:59,5.44,--,12,6528,买盘
1835,11:28:56,5.44,--,52,28810,买盘
1836,11:28:50,5.44,--,27,14709,买盘
1837,11:28:47,5.44,--,108,58752,卖盘
1838,11:28:44,5.44,--,46,25546,卖盘
1839,11:28:41,5.44,--,15,8181,卖盘
1840,11:28:38,5.44,--,54,29898,卖盘
1841,11:28:35,5.44,--,21,11445,卖盘
1842,11:28:32,5.44,0.01,992,539648,买盘
1843,11:28:29,5.43,--,2,1086,卖盘
1844,11:28:26,5.43,-0.01,30,16290,卖盘
1845,11:28:23,5.44,--,78,42954,买盘
1846,11:28:20,5.44,--,16,8704,买盘
1847,11:28:17,5.44,--,4,2176,买盘
1848,11:28:14,5.44,--,50,27200,买盘
1849,11:28:11,5.44,--,81,44085,买盘
1850,11:28:05,5.44,--,2,1088,买盘
1851,11:28:02,5.44,0.01,34,18496,买盘
1852,11:27:59,5.43,-0.01,340,184620,卖盘
1853,11:27:53,5.44,--,160,87562,卖盘
1854,11:27:47,5.44,--,5,2741,卖盘
1855,11:27:44,5.44,--,360,195840,卖盘
1856,11:27:41,5.44,0.01,1054,573637,买盘
1857,11:27:38,5.43,--,42,22806,买盘
1858,11:27:35,5.43,--,2,1086,买盘
1859,11:27:32,5.43,--,162,87966,买盘
1860,11:27:29,5.43,--,58,31494,买盘
1861,11:27:26,5.43,--,66,35838,买盘
1862,11:27:23,5.43,--,174,94482,买盘
1863,11:27:20,5.43,--,236,128625,卖盘
1864,11:27:17,5.43,-0.01,114,61902,卖盘
1865,11:27:11,5.44,0.01,160,87040,买盘
1866,11:27:08,5.43,--,192,104256,卖盘
1867,11:27:05,5.43,--,71,38574,卖盘
1868,11:27:02,5.43,--,2206,1198379,卖盘
1869,11:26:59,5.43,-0.01,1,564,卖盘
1870,11:26:53,5.44,0.01,112,61450,买盘
1871,11:26:50,5.43,--,13,7080,卖盘
1872,11:26:38,5.43,--,25,13618,卖盘
1873,11:26:35,5.43,--,28,15204,卖盘
1874,11:26:32,5.43,--,73,39639,卖盘
1875,11:26:29,5.43,0.01,90,48870,买盘
1876,11:26:26,5.42,-0.01,448,242816,卖盘
1877,11:26:23,5.43,0.01,50,27150,买盘
1878,11:26:20,5.42,-0.01,316,171272,卖盘
1879,11:26:17,5.43,--,24,13032,买盘
1880,11:26:11,5.43,0.01,60,32580,买盘
1881,11:26:08,5.42,-0.01,100,54200,卖盘
1882,11:26:05,5.43,0.01,10,5430,买盘
1883,11:25:59,5.42,-0.02,100,54200,卖盘
1884,11:25:56,5.44,0.01,22,11968,买盘
1885,11:25:53,5.43,0.01,205,111315,买盘
1886,11:25:50,5.42,-0.01,100,54200,卖盘
1887,11:25:47,5.43,--,17,9231,卖盘
1888,11:25:44,5.43,--,30,16290,卖盘
1889,11:25:38,5.43,--,3,1629,卖盘
1890,11:25:35,5.43,0.01,801,435268,买盘
1891,11:25:32,5.42,-0.01,100,54200,卖盘
1892,11:25:29,5.43,--,10,5430,买盘
1893,11:25:26,5.43,--,125,67875,买盘
1894,11:25:23,5.43,-0.01,975,529642,卖盘
1895,11:25:20,5.44,0.01,326,177344,买盘
1896,11:25:17,5.43,--,46,24978,卖盘
1897,11:25:14,5.43,--,183,99369,卖盘
1898,11:25:11,5.43,--,20,10860,卖盘
1899,11:25:08,5.43,--,10,5430,卖盘
1900,11:25:02,5.43,-0.01,96,52128,卖盘
1901,11:24:59,5.44,--,29,15776,买盘
1902,11:24:56,5.44,0.01,17,9248,买盘
1903,11:24:53,5.43,-0.01,39,21177,卖盘
1904,11:24:50,5.44,0.01,183,99552,买盘
1905,11:24:47,5.43,-0.01,66,35838,卖盘
1906,11:24:44,5.44,--,149,81056,买盘
1907,11:24:41,5.44,0.01,39,21216,买盘
1908,11:24:38,5.43,--,55,29865,卖盘
1909,11:24:35,5.43,-0.01,2119,1150617,卖盘
1910,11:24:29,5.44,--,43,23392,买盘
1911,11:24:26,5.44,0.01,1044,567936,买盘
1912,11:24:20,5.43,-0.01,10,5430,卖盘
1913,11:24:17,5.44,0.01,606,329664,买盘
1914,11:24:14,5.43,--,55,30169,卖盘
1915,11:24:11,5.43,-0.01,102,55386,卖盘
1916,11:24:08,5.44,--,29,15797,买盘
1917,11:24:05,5.44,0.01,4,2698,买盘
1918,11:24:02,5.43,-0.01,50,27150,卖盘
1919,11:23:59,5.44,--,247,134389,买盘
1920,11:23:50,5.44,0.01,2,1610,买盘
1921,11:23:47,5.43,-0.01,323,175410,卖盘
1922,11:23:41,5.44,0.01,112,60928,买盘
1923,11:23:35,5.43,-0.01,18,9774,卖盘
1924,11:23:23,5.44,0.01,30,16842,买盘
1925,11:23:17,5.43,--,1,564,卖盘
1926,11:23:14,5.43,--,2,1607,卖盘
1927,11:23:11,5.43,--,236,128169,买盘
1928,11:23:02,5.43,--,10,5430,买盘
1929,11:22:59,5.43,0.01,30,16290,买盘
1930,11:22:56,5.42,--,1,542,卖盘
1931,11:22:53,5.42,-0.01,14,7588,卖盘
1932,11:22:50,5.43,0.01,401,217743,买盘
1933,11:22:44,5.42,-0.01,6,3252,卖盘
1934,11:22:41,5.43,0.01,2,1086,买盘
1935,11:22:35,5.42,--,43,23306,卖盘
1936,11:22:32,5.42,-0.01,1073,581566,卖盘
1937,11:22:29,5.43,0.01,176,95568,买盘
1938,11:22:26,5.42,-0.01,145,78590,卖盘
1939,11:22:23,5.43,0.01,195,105885,买盘
1940,11:22:17,5.42,-0.01,30,16260,卖盘
1941,11:22:14,5.43,--,51,27693,买盘
1942,11:22:11,5.43,--,30,16290,买盘
1943,11:22:05,5.43,--,65,35295,买盘
1944,11:22:02,5.43,0.01,46,24978,买盘
1945,11:21:59,5.42,-0.01,6,3252,卖盘
1946,11:21:53,5.43,--,30,16290,买盘
1947,11:21:50,5.43,--,10,5430,买盘
1948,11:21:44,5.43,--,58,31494,买盘
1949,11:21:41,5.43,--,6,3258,买盘
1950,11:21:38,5.43,0.01,110,59730,买盘
1951,11:21:35,5.42,-0.01,31,16802,卖盘
1952,11:21:29,5.43,0.01,14,7602,买盘
1953,11:21:26,5.42,--,10,5420,卖盘
1954,11:21:17,5.42,-0.01,19,10298,卖盘
1955,11:21:14,5.43,--,153,83079,买盘
1956,11:21:08,5.43,--,23,12489,买盘
1957,11:21:05,5.43,0.01,131,71133,买盘
1958,11:21:02,5.42,--,14,7588,卖盘
1959,11:20:59,5.42,--,31,16802,卖盘
1960,11:20:56,5.42,--,6,3252,卖盘
1961,11:20:53,5.42,-0.01,1,542,卖盘
1962,11:20:50,5.43,0.01,360,195480,买盘
1963,11:20:44,5.42,--,10,5420,卖盘
1964,11:20:41,5.42,--,129,69918,卖盘
1965,11:20:38,5.42,--,126,68292,卖盘
1966,11:20:35,5.42,--,113,61246,买盘
1967,11:20:29,5.42,--,61,33062,卖盘
1968,11:20:26,5.42,--,58,31436,卖盘
1969,11:20:23,5.42,-0.01,87,47154,卖盘
1970,11:20:11,5.43,0.01,12,6516,买盘
1971,11:20:08,5.42,-0.01,20,10840,卖盘
1972,11:20:02,5.43,0.01,3,1629,买盘
1973,11:19:59,5.42,-0.01,55,29810,卖盘
1974,11:19:53,5.43,--,5,2715,买盘
1975,11:19:50,5.43,0.01,150,81450,买盘
1976,11:19:47,5.42,-0.01,14,7588,卖盘
1977,11:19:44,5.43,0.02,21,11403,买盘
1978,11:19:38,5.41,-0.01,1000,541000,卖盘
1979,11:19:35,5.42,--,14,7588,卖盘
1980,11:19:32,5.42,--,30,16260,卖盘
1981,11:19:26,5.42,-0.01,10,5420,卖盘
1982,11:19:23,5.43,0.01,44,23892,买盘
1983,11:19:20,5.42,--,156,84552,卖盘
1984,11:19:16,5.42,--,1,542,买盘
1985,11:19:13,5.42,--,10,5420,买盘
1986,11:19:10,5.42,--,277,150134,买盘
1987,11:19:07,5.42,--,237,128454,卖盘
1988,11:19:04,5.42,-0.01,12,6504,卖盘
1989,11:18:58,5.43,0.01,330,179190,买盘
1990,11:18:52,5.42,--,82,44444,买盘
1991,11:18:49,5.42,--,202,109484,卖盘
1992,11:18:46,5.42,--,92,49864,卖盘
1993,11:18:43,5.42,--,3,1626,卖盘
1994,11:18:40,5.42,--,21,11382,卖盘
1995,11:18:37,5.42,--,206,111652,卖盘
1996,11:18:28,5.42,--,6,3252,卖盘
1997,11:18:25,5.42,--,111,60162,卖盘
1998,11:18:19,5.42,--,50,27100,卖盘
1999,11:18:16,5.42,0.01,190,102980,买盘
2000,11:18:13,5.41,-0.01,293,158513,卖盘
2001,11:18:10,5.42,-0.01,171,92682,卖盘
2002,11:18:07,5.43,0.01,100,54300,买盘
2003,11:17:58,5.42,--,101,54742,卖盘
2004,11:17:55,5.42,--,2,1084,卖盘
2005,11:17:52,5.42,--,267,144714,买盘
2006,11:17:46,5.42,0.01,87,47154,中性盘
2007,11:17:37,5.41,-0.01,330,178530,卖盘
2008,11:17:31,5.42,0.01,656,355552,买盘
2009,11:17:25,5.41,-0.01,314,169874,卖盘
2010,11:17:22,5.42,--,51,27642,买盘
2011,11:17:19,5.42,0.01,4,2168,买盘
2012,11:17:16,5.41,-0.01,19,10279,卖盘
2013,11:17:13,5.42,0.01,8,4336,买盘
2014,11:17:10,5.41,-0.01,48,25968,卖盘
2015,11:17:07,5.42,-0.01,244,132248,卖盘
2016,11:17:01,5.43,0.01,20,10860,买盘
2017,11:16:58,5.42,--,157,85094,买盘
2018,11:16:55,5.42,--,213,115446,买盘
2019,11:16:52,5.42,--,73,39566,买盘
2020,11:16:49,5.42,--,32,17344,买盘
2021,11:16:46,5.42,-0.01,323,175066,卖盘
2022,11:16:31,5.43,--,825,448496,卖盘
2023,11:16:28,5.43,--,835,453426,卖盘
2024,11:16:25,5.43,--,17,9231,卖盘
2025,11:16:22,5.43,--,6,3258,卖盘
2026,11:16:19,5.43,-0.01,80,43440,卖盘
2027,11:16:13,5.44,--,194,105536,买盘
2028,11:16:10,5.44,0.01,137,74528,买盘
2029,11:16:07,5.43,-0.01,211,114573,卖盘
2030,11:16:04,5.44,--,338,183872,买盘
2031,11:16:01,5.44,--,68,36992,买盘
2032,11:15:58,5.44,--,51,27744,买盘
2033,11:15:55,5.44,--,15,8160,买盘
2034,11:15:52,5.44,--,200,108800,买盘
2035,11:15:49,5.44,--,136,73984,买盘
2036,11:15:43,5.44,--,185,100640,买盘
2037,11:15:37,5.44,--,12,6528,买盘
2038,11:15:34,5.44,--,70,38080,买盘
2039,11:15:28,5.44,--,272,147968,买盘
2040,11:15:25,5.44,--,375,204000,买盘
2041,11:15:22,5.44,--,66,35904,买盘
2042,11:15:19,5.44,--,23,12512,买盘
2043,11:15:16,5.44,0.01,1360,739840,买盘
2044,11:15:13,5.43,-0.01,35,19005,卖盘
2045,11:15:10,5.44,--,46,25024,买盘
2046,11:15:07,5.44,--,50,27200,买盘
2047,11:15:04,5.44,0.01,77,41888,买盘
2048,11:15:01,5.43,--,73,39639,卖盘
2049,11:14:58,5.43,--,8,4344,卖盘
2050,11:14:52,5.43,--,65,35295,卖盘
2051,11:14:49,5.43,--,153,83079,卖盘
2052,11:14:43,5.43,--,1345,730335,买盘
2053,11:14:37,5.43,--,35,19005,买盘
2054,11:14:34,5.43,--,44,23892,买盘
2055,11:14:31,5.43,--,20,10860,买盘
2056,11:14:28,5.43,--,178,96654,买盘
2057,11:14:22,5.43,--,58,31494,买盘
2058,11:14:16,5.43,--,113,61359,买盘
2059,11:14:13,5.43,--,225,122175,买盘
2060,11:14:10,5.43,0.01,291,158013,买盘
2061,11:14:07,5.42,-0.01,51,27642,卖盘
2062,11:14:04,5.43,--,53,28779,买盘
2063,11:14:01,5.43,0.01,58,31494,买盘
2064,11:13:58,5.42,--,106,57452,卖盘
2065,11:13:52,5.42,--,79,42818,卖盘
2066,11:13:49,5.42,--,347,188074,卖盘
2067,11:13:46,5.42,--,20,10840,卖盘
2068,11:13:40,5.42,--,20,10840,卖盘
2069,11:13:28,5.42,--,10,5420,卖盘
2070,11:13:22,5.42,--,55,29810,买盘
2071,11:13:19,5.42,0.01,92,49864,买盘
2072,11:13:13,5.41,-0.01,126,68166,卖盘
2073,11:13:10,5.42,0.01,14,7588,买盘
2074,11:13:07,5.41,-0.01,102,55182,卖盘
2075,11:13:04,5.42,--,459,248778,买盘
2076,11:13:01,5.42,--,368,199456,买盘
2077,11:12:58,5.42,--,52,28184,买盘
2078,11:12:55,5.42,--,164,88888,买盘
2079,11:12:52,5.42,--,186,100812,买盘
2080,11:12:49,5.42,0.01,297,160974,买盘
2081,11:12:46,5.41,-0.01,210,113610,卖盘
2082,11:12:43,5.42,0.01,122,66124,买盘
2083,11:12:37,5.41,-0.01,12,6492,卖盘
2084,11:12:31,5.42,0.01,8,4336,买盘
2085,11:12:28,5.41,-0.01,18,9738,卖盘
2086,11:12:25,5.42,--,302,163684,买盘
2087,11:12:22,5.42,0.01,1,542,买盘
2088,11:12:19,5.41,-0.01,19,10279,卖盘
2089,11:12:16,5.42,--,71,38482,买盘
2090,11:12:13,5.42,--,1,542,买盘
2091,11:12:10,5.42,--,78,42276,买盘
2092,11:12:04,5.42,--,22,11924,买盘
2093,11:12:01,5.42,0.01,29,15718,买盘
2094,11:11:58,5.41,--,14,7574,卖盘
2095,11:11:52,5.41,-0.01,41,22181,卖盘
2096,11:11:49,5.42,0.01,1,542,买盘
2097,11:11:43,5.41,-0.01,111,60051,卖盘
2098,11:11:40,5.42,--,56,30352,买盘
2099,11:11:37,5.42,--,790,428180,买盘
2100,11:11:34,5.42,--,49,26558,买盘
2101,11:11:31,5.42,--,26,14092,买盘
2102,11:11:28,5.42,--,52,28184,买盘
2103,11:11:25,5.42,--,40,21680,买盘
2104,11:11:22,5.42,--,9,4878,买盘
2105,11:11:19,5.42,--,42,22764,买盘
2106,11:11:16,5.42,-0.01,46,24932,买盘
2107,11:11:13,5.43,0.01,300,162900,买盘
2108,11:11:10,5.42,-0.01,146,79132,卖盘
2109,11:11:07,5.43,0.01,182,98826,买盘
2110,11:11:04,5.42,-0.01,115,62330,卖盘
2111,11:11:01,5.43,--,301,163443,买盘
2112,11:10:55,5.43,--,116,62988,买盘
2113,11:10:49,5.43,--,59,32037,卖盘
2114,11:10:46,5.43,0.01,159,86337,买盘
2115,11:10:43,5.42,-0.01,428,231976,卖盘
2116,11:10:40,5.43,--,88,47784,买盘
2117,11:10:34,5.43,--,30,16290,买盘
2118,11:10:31,5.43,--,27,14661,买盘
2119,11:10:28,5.43,-0.01,55,29865,卖盘
2120,11:10:25,5.44,--,30,16320,买盘
2121,11:10:22,5.44,--,520,282880,买盘
2122,11:10:19,5.44,0.03,1683,915552,买盘
2123,11:10:16,5.41,-0.02,1577,853157,卖盘
2124,11:10:13,5.43,0.01,1946,1056678,买盘
2125,11:10:10,5.42,--,853,462326,买盘
2126,11:10:07,5.42,0.01,833,451486,买盘
2127,11:10:01,5.41,--,23,12443,卖盘
2128,11:09:58,5.41,0.01,2,1082,卖盘
2129,11:09:55,5.4,-0.01,70,37800,卖盘
2130,11:09:49,5.41,--,801,433341,卖盘
2131,11:09:46,5.41,0.01,1978,1070336,买盘
2132,11:09:43,5.4,--,20,10800,卖盘
2133,11:09:40,5.4,--,27,14580,卖盘
2134,11:09:37,5.4,--,3,1620,卖盘
2135,11:09:34,5.4,0.01,303,163620,买盘
2136,11:09:28,5.39,--,208,112112,卖盘
2137,11:09:25,5.39,-0.01,73,39347,卖盘
2138,11:09:22,5.4,0.01,16,8640,买盘
2139,11:09:16,5.39,-0.01,3,1617,卖盘
2140,11:09:13,5.4,--,112,60480,买盘
2141,11:09:10,5.4,0.01,2,1080,买盘
2142,11:09:07,5.39,-0.01,123,66297,卖盘
2143,11:09:04,5.4,--,42,22680,买盘
2144,11:09:01,5.4,--,3,1620,买盘
2145,11:08:58,5.4,0.01,8,4320,买盘
2146,11:08:55,5.39,--,100,53900,卖盘
2147,11:08:52,5.39,-0.01,34,18326,卖盘
2148,11:08:49,5.4,--,13,7020,买盘
2149,11:08:43,5.4,0.01,10,5400,买盘
2150,11:08:40,5.39,-0.01,63,33957,卖盘
2151,11:08:37,5.4,0.01,2,1080,买盘
2152,11:08:34,5.39,-0.01,600,323400,卖盘
2153,11:08:28,5.4,0.01,27,14580,买盘
2154,11:08:13,5.39,0.01,1199,646261,买盘
2155,11:08:10,5.38,-0.01,50,26900,卖盘
2156,11:08:07,5.39,--,582,313698,卖盘
2157,11:08:01,5.39,-0.01,5,2695,卖盘
2158,11:07:58,5.4,--,4,2160,买盘
2159,11:07:55,5.4,--,42,22680,买盘
2160,11:07:49,5.4,--,47,25380,买盘
2161,11:07:46,5.4,--,3,1620,买盘
2162,11:07:40,5.4,--,406,219240,买盘
2163,11:07:34,5.4,--,52,28080,买盘
2164,11:07:28,5.4,0.01,32,17280,买盘
2165,11:07:25,5.39,-0.01,373,201047,卖盘
2166,11:07:19,5.4,0.01,20,10800,买盘
2167,11:07:16,5.39,-0.01,112,60368,卖盘
2168,11:07:13,5.4,--,44,23760,买盘
2169,11:07:10,5.4,--,45,24300,买盘
2170,11:07:04,5.4,0.01,20,10800,买盘
2171,11:07:01,5.39,--,75,40425,卖盘
2172,11:06:55,5.39,-0.01,37,19943,卖盘
2173,11:06:52,5.4,0.01,4,2160,买盘
2174,11:06:49,5.39,--,25,13475,卖盘
2175,11:06:46,5.39,-0.01,100,53900,卖盘
2176,11:06:43,5.4,--,72,38880,买盘
2177,11:06:37,5.4,--,5,2700,买盘
2178,11:06:31,5.4,--,38,20520,买盘
2179,11:06:22,5.4,--,2,1080,买盘
2180,11:06:19,5.4,--,206,111240,买盘
2181,11:06:16,5.4,0.01,33,17820,买盘
2182,11:06:13,5.39,-0.01,6,3234,卖盘
2183,11:06:10,5.4,--,2,1080,买盘
2184,11:06:07,5.4,--,134,72360,买盘
2185,11:06:01,5.4,--,1,540,买盘
2186,11:05:58,5.4,0.01,170,91800,买盘
2187,11:05:55,5.39,-0.01,3,1617,卖盘
2188,11:05:49,5.4,0.01,25,13500,买盘
2189,11:05:46,5.39,--,5,2695,卖盘
2190,11:05:43,5.39,--,22,11858,卖盘
2191,11:05:40,5.39,-0.01,66,35574,卖盘
2192,11:05:37,5.4,--,2,1080,买盘
2193,11:05:34,5.4,--,62,33480,买盘
2194,11:05:31,5.4,0.01,299,161460,买盘
2195,11:05:28,5.39,--,25,13475,卖盘
2196,11:05:22,5.39,--,13,7007,卖盘
2197,11:05:16,5.39,--,5,2695,卖盘
2198,11:05:10,5.39,--,8,4312,卖盘
2199,11:05:07,5.39,--,9,4851,卖盘
2200,11:05:04,5.39,--,127,68453,买盘
2201,11:04:58,5.39,--,61,32879,卖盘
2202,11:04:55,5.39,--,13,7007,买盘
2203,11:04:52,5.39,--,19,10241,买盘
2204,11:04:49,5.39,--,10,5390,买盘
2205,11:04:43,5.39,--,3,1617,买盘
2206,11:04:40,5.39,--,51,27489,卖盘
2207,11:04:37,5.39,--,2,1078,卖盘
2208,11:04:34,5.39,--,287,154693,卖盘
2209,11:04:28,5.39,-0.01,26,14014,卖盘
2210,11:04:25,5.4,0.01,25,13500,买盘
2211,11:04:22,5.39,--,9,4851,买盘
2212,11:04:19,5.39,--,1,539,卖盘
2213,11:04:16,5.39,--,168,90552,买盘
2214,11:04:13,5.39,--,35,18865,卖盘
2215,11:04:07,5.39,--,163,87857,卖盘
2216,11:04:04,5.39,--,11,5929,卖盘
2217,11:04:01,5.39,--,88,47432,卖盘
2218,11:03:58,5.39,--,10,5390,卖盘
2219,11:03:55,5.39,--,171,92169,卖盘
2220,11:03:49,5.39,--,290,156310,卖盘
2221,11:03:43,5.39,--,6,3234,卖盘
2222,11:03:40,5.39,--,18,9702,卖盘
2223,11:03:34,5.39,--,10,5390,卖盘
2224,11:03:31,5.39,--,36,19404,卖盘
2225,11:03:28,5.39,--,120,64679,买盘
2226,11:03:25,5.39,--,20,10780,买盘
2227,11:03:19,5.39,0.01,27,14553,买盘
2228,11:03:16,5.38,-0.01,16,8608,卖盘
2229,11:03:13,5.39,--,12,6468,买盘
2230,11:03:07,5.39,--,94,50666,买盘
2231,11:03:04,5.39,--,45,24255,买盘
2232,11:02:58,5.39,--,21,11319,买盘
2233,11:02:55,5.39,--,7,3773,买盘
2234,11:02:52,5.39,--,239,128820,卖盘
2235,11:02:46,5.39,-0.01,1039,560021,卖盘
2236,11:02:40,5.4,0.01,21,11340,买盘
2237,11:02:37,5.39,--,5,2695,卖盘
2238,11:02:34,5.39,--,30,16169,卖盘
2239,11:02:31,5.39,--,362,195118,卖盘
2240,11:02:25,5.39,--,64,34496,卖盘
2241,11:02:22,5.39,--,19,10241,卖盘
2242,11:02:19,5.39,--,11,5929,卖盘
2243,11:02:16,5.39,--,22,11858,买盘
2244,11:02:13,5.39,--,107,57673,卖盘
2245,11:02:10,5.39,--,22,11858,卖盘
2246,11:02:07,5.39,--,300,161700,卖盘
2247,11:02:04,5.39,-0.01,63,33957,卖盘
2248,11:02:01,5.4,0.01,64,34560,买盘
2249,11:01:58,5.39,--,400,215600,卖盘
2250,11:01:55,5.39,-0.01,42,22638,卖盘
2251,11:01:49,5.4,0.01,17,9180,买盘
2252,11:01:46,5.39,-0.01,108,58212,卖盘
2253,11:01:43,5.4,0.01,54,29160,买盘
2254,11:01:40,5.39,--,40,21560,卖盘
2255,11:01:37,5.39,-0.01,482,259797,卖盘
2256,11:01:31,5.4,0.01,38,20520,买盘
2257,11:01:28,5.39,-0.01,187,100793,卖盘
2258,11:01:25,5.4,--,42,22680,买盘
2259,11:01:22,5.4,--,175,94500,买盘
2260,11:01:16,5.4,--,6,3240,买盘
2261,11:01:10,5.4,--,95,51300,买盘
2262,11:01:07,5.4,--,14,7560,买盘
2263,11:01:04,5.4,--,507,273888,卖盘
2264,11:01:01,5.4,--,36,19440,卖盘
2265,11:00:58,5.4,--,286,154440,卖盘
2266,11:00:55,5.4,--,710,383400,卖盘
2267,11:00:52,5.4,--,38,20520,卖盘
2268,11:00:49,5.4,--,70,37800,卖盘
2269,11:00:46,5.4,--,84,45360,卖盘
2270,11:00:40,5.4,--,260,140400,卖盘
2271,11:00:37,5.4,--,125,67500,卖盘
2272,11:00:34,5.4,--,5,2700,卖盘
2273,11:00:31,5.4,--,138,74520,卖盘
2274,11:00:28,5.4,--,262,141480,卖盘
2275,11:00:25,5.4,--,35,18900,卖盘
2276,11:00:22,5.4,--,96,51840,卖盘
2277,11:00:16,5.4,--,11,5940,卖盘
2278,11:00:13,5.4,-0.01,1007,543780,卖盘
2279,11:00:10,5.41,0.01,272,147152,买盘
2280,11:00:07,5.4,--,11,5940,卖盘
2281,11:00:04,5.4,--,3,1620,卖盘
2282,11:00:01,5.4,-0.01,112,60480,卖盘
2283,10:59:58,5.41,0.01,170,91970,买盘
2284,10:59:55,5.4,--,6,3240,卖盘
2285,10:59:52,5.4,--,143,77220,卖盘
2286,10:59:49,5.4,--,70,37800,卖盘
2287,10:59:46,5.4,--,42,22680,卖盘
2288,10:59:43,5.4,-0.01,10,5400,卖盘
2289,10:59:40,5.41,--,28,15148,买盘
2290,10:59:37,5.41,--,54,29214,买盘
2291,10:59:31,5.41,--,1,541,买盘
2292,10:59:25,5.41,0.01,13,7033,买盘
2293,10:59:19,5.4,--,76,41040,卖盘
2294,10:59:16,5.4,--,30,16200,卖盘
2295,10:59:13,5.4,--,52,28080,卖盘
2296,10:59:10,5.4,-0.01,235,126900,卖盘
2297,10:59:07,5.41,--,23,12443,买盘
2298,10:59:04,5.41,--,60,32460,买盘
2299,10:59:01,5.41,--,3,1623,买盘
2300,10:58:55,5.41,--,310,167710,买盘
2301,10:58:52,5.41,--,577,312157,买盘
2302,10:58:46,5.41,--,118,63838,买盘
2303,10:58:43,5.41,0.01,130,70330,买盘
2304,10:58:40,5.4,--,230,124200,卖盘
2305,10:58:37,5.4,-0.01,4,2160,卖盘
2306,10:58:33,5.41,--,49,26509,买盘
2307,10:58:27,5.41,--,4,2164,买盘
2308,10:58:21,5.41,--,38,20558,买盘
2309,10:58:18,5.41,0.01,21,11361,买盘
2310,10:58:15,5.4,-0.01,10,5400,卖盘
2311,10:58:12,5.41,0.01,32,17312,买盘
2312,10:58:09,5.4,-0.01,72,38880,卖盘
2313,10:58:06,5.41,--,497,268877,买盘
2314,10:58:03,5.41,0.01,3,1623,买盘
2315,10:58:00,5.4,-0.01,33,17820,卖盘
2316,10:57:57,5.41,--,5,2705,买盘
2317,10:57:54,5.41,--,70,37870,买盘
2318,10:57:51,5.41,--,13,7033,买盘
2319,10:57:48,5.41,0.01,516,279156,买盘
2320,10:57:45,5.4,-0.01,23,12420,卖盘
2321,10:57:42,5.41,--,53,28673,买盘
2322,10:57:39,5.41,0.01,186,100626,买盘
2323,10:57:36,5.4,--,88,47520,卖盘
2324,10:57:33,5.4,-0.01,23,12420,卖盘
2325,10:57:30,5.41,0.01,30,16230,买盘
2326,10:57:27,5.4,--,9,4860,卖盘
2327,10:57:24,5.4,--,26,14040,卖盘
2328,10:57:18,5.4,-0.01,222,119880,卖盘
2329,10:57:12,5.41,--,40,21640,买盘
2330,10:57:09,5.41,0.01,1,541,买盘
2331,10:57:06,5.4,--,39,21060,卖盘
2332,10:57:00,5.4,--,68,36720,卖盘
2333,10:56:57,5.4,--,12,6480,卖盘
2334,10:56:54,5.4,--,15,8100,卖盘
2335,10:56:51,5.4,--,1437,776412,买盘
2336,10:56:48,5.4,--,441,238140,买盘
2337,10:56:45,5.4,--,161,86940,买盘
2338,10:56:42,5.4,0.01,50,27000,买盘
2339,10:56:39,5.39,-0.01,3,1617,卖盘
2340,10:56:36,5.4,--,685,370008,卖盘
2341,10:56:33,5.4,-0.01,20,10800,卖盘
2342,10:56:30,5.41,--,95,51395,买盘
2343,10:56:24,5.41,--,2,1082,买盘
2344,10:56:21,5.41,--,45,24345,买盘
2345,10:56:18,5.41,--,27,14607,买盘
2346,10:56:12,5.41,--,3,1623,买盘
2347,10:56:09,5.41,--,1,541,买盘
2348,10:56:03,5.41,--,635,343535,买盘
2349,10:56:00,5.41,--,162,87642,买盘
2350,10:55:57,5.41,--,263,142283,买盘
2351,10:55:54,5.41,--,35,18935,买盘
2352,10:55:51,5.41,--,286,154726,卖盘
2353,10:55:48,5.41,--,112,60592,卖盘
2354,10:55:45,5.41,--,31,16771,卖盘
2355,10:55:42,5.41,-0.01,25,13525,卖盘
2356,10:55:39,5.42,--,46,24932,买盘
2357,10:55:36,5.42,--,84,45528,买盘
2358,10:55:33,5.42,0.01,177,95934,买盘
2359,10:55:30,5.41,--,171,92511,卖盘
2360,10:55:27,5.41,-0.01,105,56805,卖盘
2361,10:55:24,5.42,--,20,10840,买盘
2362,10:55:21,5.42,--,28,15176,买盘
2363,10:55:15,5.42,--,1244,674248,买盘
2364,10:55:12,5.42,--,17,9214,买盘
2365,10:55:09,5.42,--,20,10840,买盘
2366,10:55:06,5.42,--,13,7046,买盘
2367,10:55:03,5.42,--,394,213548,买盘
2368,10:55:00,5.42,--,122,66124,买盘
2369,10:54:54,5.42,--,121,65582,买盘
2370,10:54:51,5.42,--,33,17886,买盘
2371,10:54:48,5.42,0.01,33,17886,中性盘
2372,10:54:45,5.41,-0.01,1008,545328,卖盘
2373,10:54:42,5.42,--,91,49452,买盘
2374,10:54:39,5.42,0.01,12,6504,买盘
2375,10:54:33,5.41,--,92,49772,卖盘
2376,10:54:30,5.41,--,30,16230,买盘
2377,10:54:27,5.41,--,72,38952,买盘
2378,10:54:24,5.41,--,372,201252,买盘
2379,10:54:18,5.41,--,119,64379,买盘
2380,10:54:15,5.41,--,182,98462,买盘
2381,10:54:12,5.41,--,201,108741,买盘
2382,10:54:09,5.41,--,72,38952,买盘
2383,10:54:06,5.41,--,697,377077,买盘
2384,10:54:03,5.41,--,49,26509,买盘
2385,10:54:00,5.41,--,132,71412,卖盘
2386,10:53:57,5.41,-0.02,245,132545,卖盘
2387,10:53:54,5.43,--,1004,545172,卖盘
2388,10:53:51,5.43,0.02,250,136184,买盘
2389,10:53:45,5.41,--,8,4328,卖盘
2390,10:53:42,5.41,0.01,20,10820,中性盘
2391,10:53:39,5.4,-0.03,5,2700,卖盘
2392,10:53:36,5.43,0.03,4745,2576535,买盘
2393,10:53:30,5.4,--,20,10800,卖盘
2394,10:53:27,5.4,0.01,1384,747727,买盘
2395,10:53:24,5.39,--,110,59290,买盘
2396,10:53:18,5.39,0.01,1032,556248,买盘
2397,10:53:15,5.38,-0.01,2,1076,卖盘
2398,10:53:09,5.39,--,36,19404,买盘
2399,10:53:06,5.39,--,41,22099,买盘
2400,10:53:03,5.39,0.01,19,10241,买盘
2401,10:53:00,5.38,-0.01,10,5380,卖盘
2402,10:52:57,5.39,0.01,51,27489,买盘
2403,10:52:54,5.38,-0.01,3,1614,卖盘
2404,10:52:51,5.39,--,42,22638,买盘
2405,10:52:48,5.39,--,26,14014,买盘
2406,10:52:45,5.39,0.01,20,10780,买盘
2407,10:52:42,5.38,--,57,30666,卖盘
2408,10:52:36,5.38,--,21,11298,卖盘
2409,10:52:33,5.38,--,65,34970,卖盘
2410,10:52:30,5.38,-0.01,39,20982,卖盘
2411,10:52:21,5.39,0.01,16,8624,买盘
2412,10:52:18,5.38,-0.01,37,19906,卖盘
2413,10:52:15,5.39,--,197,106183,买盘
2414,10:52:09,5.39,--,69,37191,买盘
2415,10:52:06,5.39,--,44,23716,买盘
2416,10:52:03,5.39,--,142,76538,买盘
2417,10:52:00,5.39,--,31,16709,买盘
2418,10:51:57,5.39,0.01,22,11858,买盘
2419,10:51:54,5.38,-0.01,14,7532,卖盘
2420,10:51:51,5.39,--,126,67914,买盘
2421,10:51:48,5.39,0.01,1,539,买盘
2422,10:51:45,5.38,-0.01,42,22596,卖盘
2423,10:51:42,5.39,0.01,140,75460,买盘
2424,10:51:39,5.38,-0.01,46,24748,卖盘
2425,10:51:36,5.39,--,4,2156,买盘
2426,10:51:33,5.39,--,65,35035,买盘
2427,10:51:27,5.39,--,10,5390,买盘
2428,10:51:24,5.39,--,206,111034,买盘
2429,10:51:18,5.39,-0.01,426,229614,卖盘
2430,10:51:15,5.4,0.01,32,17280,买盘
2431,10:51:12,5.39,-0.01,40,21560,卖盘
2432,10:51:09,5.4,0.01,28,15120,买盘
2433,10:51:06,5.39,--,104,56056,卖盘
2434,10:51:03,5.39,--,205,110495,卖盘
2435,10:51:00,5.39,-0.01,331,178409,卖盘
2436,10:50:54,5.4,0.01,50,27000,买盘
2437,10:50:51,5.39,-0.01,15,8084,卖盘
2438,10:50:48,5.4,0.01,271,146340,买盘
2439,10:50:42,5.39,-0.01,52,28028,卖盘
2440,10:50:39,5.4,0.01,16,8640,买盘
2441,10:50:36,5.39,-0.01,20,10780,卖盘
2442,10:50:33,5.4,--,65,35100,买盘
2443,10:50:30,5.4,--,55,29700,买盘
2444,10:50:27,5.4,--,45,24300,买盘
2445,10:50:24,5.4,--,190,102600,买盘
2446,10:50:18,5.4,--,7,3780,买盘
2447,10:50:15,5.4,0.01,54,29160,买盘
2448,10:50:12,5.39,--,146,78694,卖盘
2449,10:50:09,5.39,-0.01,346,186494,卖盘
2450,10:50:06,5.4,--,598,322920,买盘
2451,10:50:03,5.4,--,5,2700,买盘
2452,10:50:00,5.4,--,50,27000,买盘
2453,10:49:57,5.4,--,165,89100,买盘
2454,10:49:54,5.4,--,190,102600,买盘
2455,10:49:51,5.4,0.01,37,19980,买盘
2456,10:49:48,5.39,-0.01,4,2156,卖盘
2457,10:49:45,5.4,0.01,170,91800,买盘
2458,10:49:42,5.39,--,198,106722,卖盘
2459,10:49:39,5.39,--,148,79772,卖盘
2460,10:49:36,5.39,-0.01,130,70070,卖盘
2461,10:49:33,5.4,0.01,677,365580,买盘
2462,10:49:30,5.39,--,41,22099,买盘
2463,10:49:27,5.39,--,98,52822,买盘
2464,10:49:24,5.39,-0.01,128,68992,卖盘
2465,10:49:21,5.4,--,2057,1110780,买盘
2466,10:49:15,5.4,--,11,5940,买盘
2467,10:49:09,5.4,--,76,41040,买盘
2468,10:49:06,5.4,0.01,82,44280,买盘
2469,10:49:03,5.39,-0.01,102,54978,卖盘
2470,10:49:00,5.4,--,240,129600,买盘
2471,10:48:57,5.4,0.01,484,261360,买盘
2472,10:48:54,5.39,-0.01,175,94325,卖盘
2473,10:48:51,5.4,--,983,530820,买盘
2474,10:48:45,5.4,0.01,102,55080,买盘
2475,10:48:42,5.39,-0.01,54,29106,卖盘
2476,10:48:33,5.4,0.03,2115,1142100,买盘
2477,10:48:30,5.37,-0.02,9,4833,卖盘
2478,10:48:24,5.39,0.02,8,4312,买盘
2479,10:48:21,5.37,--,7,3759,卖盘
2480,10:48:12,5.37,-0.02,109,58533,中性盘
2481,10:48:09,5.39,0.03,10000,5390000,买盘
2482,10:48:06,5.36,-0.01,163,87368,卖盘
2483,10:48:00,5.37,0.01,33,17721,买盘
2484,10:47:57,5.36,--,210,112560,卖盘
2485,10:47:51,5.36,--,30,16080,卖盘
2486,10:47:48,5.36,-0.01,136,72896,卖盘
2487,10:47:45,5.37,0.01,15,8055,买盘
2488,10:47:42,5.36,--,15,8040,卖盘
2489,10:47:36,5.36,--,155,83080,卖盘
2490,10:47:30,5.36,--,30,16080,卖盘
2491,10:47:27,5.36,--,468,250848,卖盘
2492,10:47:24,5.36,--,879,471144,买盘
2493,10:47:21,5.36,0.01,106,56816,买盘
2494,10:47:15,5.35,--,14,7489,卖盘
2495,10:47:12,5.35,-0.01,35,18725,卖盘
2496,10:47:09,5.36,--,230,123280,买盘
2497,10:47:06,5.36,0.01,425,227800,买盘
2498,10:47:00,5.35,--,14,7489,卖盘
2499,10:46:57,5.35,-0.01,45,24075,卖盘
2500,10:46:51,5.36,0.01,100,53600,买盘
2501,10:46:45,5.35,--,48,25680,卖盘
2502,10:46:42,5.35,--,81,43335,卖盘
2503,10:46:39,5.35,--,538,287830,卖盘
2504,10:46:33,5.35,--,59,31564,卖盘
2505,10:46:30,5.35,--,55,29424,卖盘
2506,10:46:24,5.35,-0.01,28,14979,卖盘
2507,10:46:21,5.36,0.01,8,4288,买盘
2508,10:46:18,5.35,--,160,85600,卖盘
2509,10:46:15,5.35,--,4,2140,卖盘
2510,10:46:12,5.35,--,177,94695,卖盘
2511,10:46:06,5.35,-0.01,128,68480,卖盘
2512,10:46:03,5.36,0.01,9,4824,买盘
2513,10:46:00,5.35,-0.01,189,101115,卖盘
2514,10:45:57,5.36,0.01,7,3752,买盘
2515,10:45:54,5.35,-0.02,139,74365,卖盘
2516,10:45:51,5.37,0.01,9,4833,买盘
2517,10:45:48,5.36,--,128,68608,卖盘
2518,10:45:42,5.36,0.01,249,133464,买盘
2519,10:45:39,5.35,-0.01,1,535,卖盘
2520,10:45:36,5.36,--,60,32160,买盘
2521,10:45:33,5.36,0.01,191,102376,买盘
2522,10:45:27,5.35,--,27,14444,卖盘
2523,10:45:24,5.35,--,1,535,卖盘
2524,10:45:21,5.35,0.01,117,62594,卖盘
2525,10:45:15,5.34,-0.01,67,35778,卖盘
2526,10:45:12,5.35,--,45,24075,卖盘
2527,10:45:06,5.35,--,98,52430,买盘
2528,10:45:03,5.35,-0.01,4,2140,中性盘
2529,10:45:00,5.36,0.02,189,101304,买盘
2530,10:44:57,5.34,--,9,4806,卖盘
2531,10:44:54,5.34,-0.01,27,14418,卖盘
2532,10:44:51,5.35,--,59,31564,卖盘
2533,10:44:48,5.35,--,114,60989,卖盘
2534,10:44:45,5.35,--,21,11235,卖盘
2535,10:44:42,5.35,0.01,15,8024,买盘
2536,10:44:39,5.34,--,100,53400,卖盘
2537,10:44:33,5.34,-0.01,624,333216,卖盘
2538,10:44:30,5.35,--,7,3744,卖盘
2539,10:44:27,5.35,--,60,32099,卖盘
2540,10:44:24,5.35,--,53,28354,买盘
2541,10:44:21,5.35,0.01,177,94695,买盘
2542,10:44:12,5.34,-0.01,464,247776,卖盘
2543,10:44:09,5.35,--,60,32099,买盘
2544,10:44:06,5.35,--,76,40660,买盘
2545,10:44:03,5.35,--,21,11235,买盘
2546,10:44:00,5.35,0.01,80,42800,买盘
2547,10:43:57,5.34,-0.01,14,7476,卖盘
2548,10:43:54,5.35,--,745,398575,卖盘
2549,10:43:51,5.35,-0.02,21,11235,卖盘
2550,10:43:48,5.37,0.02,1633,876921,买盘
2551,10:43:45,5.35,--,20,10700,卖盘
2552,10:43:42,5.35,--,183,97905,卖盘
2553,10:43:39,5.35,--,42,22470,卖盘
2554,10:43:36,5.35,--,187,100045,卖盘
2555,10:43:33,5.35,--,27,14444,卖盘
2556,10:43:30,5.35,--,10,5350,卖盘
2557,10:43:24,5.35,--,21,11235,卖盘
2558,10:43:21,5.35,-0.01,30,16049,卖盘
2559,10:43:18,5.36,0.01,52,27872,买盘
2560,10:43:15,5.35,-0.01,406,217210,卖盘
2561,10:43:12,5.36,0.01,302,161872,买盘
2562,10:43:09,5.35,--,49,26215,卖盘
2563,10:43:06,5.35,-0.01,79,42265,卖盘
2564,10:43:03,5.36,0.01,43,23048,买盘
2565,10:42:57,5.35,-0.01,542,289970,卖盘
2566,10:42:51,5.36,0.01,237,127032,买盘
2567,10:42:48,5.35,--,6,3210,卖盘
2568,10:42:45,5.35,--,410,219349,卖盘
2569,10:42:39,5.35,--,346,185110,卖盘
2570,10:42:36,5.35,--,28,14979,卖盘
2571,10:42:33,5.35,-0.01,103,55104,卖盘
2572,10:42:30,5.36,0.01,8,4288,买盘
2573,10:42:27,5.35,--,6,3210,卖盘
2574,10:42:24,5.35,-0.01,129,69015,卖盘
2575,10:42:21,5.36,--,1543,827048,买盘
2576,10:42:15,5.36,--,249,133464,买盘
2577,10:42:12,5.36,--,3,1608,买盘
2578,10:42:06,5.36,--,31,16616,买盘
2579,10:42:03,5.36,--,460,246560,卖盘
2580,10:42:00,5.36,--,74,39664,卖盘
2581,10:41:57,5.36,--,42,22512,卖盘
2582,10:41:51,5.36,--,35,18760,卖盘
2583,10:41:48,5.36,--,21,11256,卖盘
2584,10:41:45,5.36,--,59,31624,卖盘
2585,10:41:39,5.36,--,24,12864,卖盘
2586,10:41:36,5.36,--,60,32160,卖盘
2587,10:41:33,5.36,--,14,7504,卖盘
2588,10:41:27,5.36,--,3,1608,卖盘
2589,10:41:24,5.36,--,13,6968,卖盘
2590,10:41:18,5.36,-0.01,66,35376,卖盘
2591,10:41:15,5.37,0.01,89,47793,买盘
2592,10:41:12,5.36,--,51,27336,卖盘
2593,10:41:06,5.36,--,69,36984,卖盘
2594,10:41:00,5.36,--,200,107200,卖盘
2595,10:40:57,5.36,--,122,65392,卖盘
2596,10:40:54,5.36,-0.01,164,87904,卖盘
2597,10:40:51,5.37,0.01,33,17721,买盘
2598,10:40:48,5.36,--,3,1608,卖盘
2599,10:40:45,5.36,--,65,34840,卖盘
2600,10:40:42,5.36,-0.01,100,53600,卖盘
2601,10:40:39,5.37,--,12,6444,买盘
2602,10:40:36,5.37,--,67,35979,买盘
2603,10:40:33,5.37,--,187,100419,买盘
2604,10:40:30,5.37,0.01,10,5370,买盘
2605,10:40:27,5.36,--,36,19296,卖盘
2606,10:40:24,5.36,-0.01,1,536,卖盘
2607,10:40:21,5.37,--,117,62829,买盘
2608,10:40:18,5.37,0.01,23,12351,买盘
2609,10:40:15,5.36,--,38,20368,卖盘
2610,10:40:12,5.36,-0.01,21,11256,卖盘
2611,10:40:09,5.37,0.01,19,10203,买盘
2612,10:40:06,5.36,--,12,6432,卖盘
2613,10:39:57,5.36,--,55,29480,卖盘
2614,10:39:48,5.36,--,12,6432,卖盘
2615,10:39:45,5.36,--,1,536,卖盘
2616,10:39:42,5.36,--,7,3752,卖盘
2617,10:39:39,5.36,--,8,4288,卖盘
2618,10:39:36,5.36,--,27,14472,卖盘
2619,10:39:33,5.36,--,81,43416,卖盘
2620,10:39:30,5.36,--,220,117920,卖盘
2621,10:39:27,5.36,--,150,80400,卖盘
2622,10:39:24,5.36,-0.01,38,20368,卖盘
2623,10:39:21,5.37,0.01,110,59070,买盘
2624,10:39:18,5.36,--,95,50920,卖盘
2625,10:39:12,5.36,--,79,42344,卖盘
2626,10:39:09,5.36,--,1,536,卖盘
2627,10:39:06,5.36,--,13,6968,卖盘
2628,10:39:03,5.36,-0.01,86,46096,卖盘
2629,10:39:00,5.37,0.01,100,53700,买盘
2630,10:38:57,5.36,-0.01,50,26800,卖盘
2631,10:38:54,5.37,0.01,18,9666,买盘
2632,10:38:48,5.36,--,29,15544,卖盘
2633,10:38:45,5.36,--,14,7504,卖盘
2634,10:38:42,5.36,--,37,19832,卖盘
2635,10:38:36,5.36,-0.01,5,2680,卖盘
2636,10:38:30,5.37,0.01,1,537,买盘
2637,10:38:24,5.36,--,11,5896,卖盘
2638,10:38:21,5.36,--,55,29480,卖盘
2639,10:38:18,5.36,-0.01,32,17152,卖盘
2640,10:38:15,5.37,--,36,19332,买盘
2641,10:38:11,5.37,0.01,3,1611,买盘
2642,10:38:08,5.36,--,96,51456,卖盘
2643,10:38:05,5.36,-0.01,10,5360,卖盘
2644,10:38:02,5.37,0.01,6,3222,买盘
2645,10:37:59,5.36,-0.01,8,4288,卖盘
2646,10:37:56,5.37,--,17,9129,买盘
2647,10:37:53,5.37,--,20,10740,买盘
2648,10:37:41,5.37,--,53,28461,买盘
2649,10:37:35,5.37,0.01,11,5907,买盘
2650,10:37:32,5.36,--,90,48240,卖盘
2651,10:37:29,5.36,--,9,4824,卖盘
2652,10:37:26,5.36,-0.01,27,14472,卖盘
2653,10:37:23,5.37,0.01,2,1074,买盘
2654,10:37:20,5.36,--,82,43952,卖盘
2655,10:37:14,5.36,--,208,111488,卖盘
2656,10:37:08,5.36,-0.01,3,1608,卖盘
2657,10:37:02,5.37,0.01,115,61755,买盘
2658,10:36:59,5.36,--,95,50920,卖盘
2659,10:36:56,5.36,-0.01,130,69680,卖盘
2660,10:36:53,5.37,0.01,25,13425,买盘
2661,10:36:50,5.36,--,35,18760,卖盘
2662,10:36:47,5.36,-0.01,40,21440,卖盘
2663,10:36:44,5.37,--,261,140157,买盘
2664,10:36:41,5.37,--,5,2685,买盘
2665,10:36:38,5.37,--,1,537,买盘
2666,10:36:32,5.37,--,250,134250,卖盘
2667,10:36:29,5.37,--,40,21480,卖盘
2668,10:36:23,5.37,--,28,15036,卖盘
2669,10:36:20,5.37,--,124,66588,买盘
2670,10:36:17,5.37,--,146,78402,买盘
2671,10:36:11,5.37,0.01,15,8055,买盘
2672,10:36:05,5.36,-0.01,21,11256,卖盘
2673,10:36:02,5.37,--,3,1611,买盘
2674,10:35:59,5.37,--,24,12888,卖盘
2675,10:35:56,5.37,--,92,49404,卖盘
2676,10:35:53,5.37,-0.01,2,1074,卖盘
2677,10:35:50,5.38,0.01,58,31204,买盘
2678,10:35:47,5.37,--,23,12351,卖盘
2679,10:35:41,5.37,--,25,13425,卖盘
2680,10:35:38,5.37,--,36,19332,卖盘
2681,10:35:35,5.37,--,51,27387,卖盘
2682,10:35:32,5.37,-0.01,213,114381,卖盘
2683,10:35:29,5.38,0.01,129,69402,买盘
2684,10:35:23,5.37,-0.01,30,16110,卖盘
2685,10:35:20,5.38,0.01,33,17754,买盘
2686,10:35:17,5.37,--,65,34905,卖盘
2687,10:35:14,5.37,--,31,16647,卖盘
2688,10:35:11,5.37,--,48,25776,卖盘
2689,10:35:05,5.37,--,12,6444,卖盘
2690,10:35:02,5.37,-0.01,28,15036,卖盘
2691,10:34:59,5.38,--,57,30666,买盘
2692,10:34:56,5.38,--,27,14526,买盘
2693,10:34:50,5.38,--,475,255550,买盘
2694,10:34:44,5.38,--,4,2152,买盘
2695,10:34:41,5.38,0.02,37,19906,买盘
2696,10:34:38,5.36,-0.01,30,16080,卖盘
2697,10:34:35,5.37,0.01,19,10203,中性盘
2698,10:34:32,5.36,-0.01,44,23584,卖盘
2699,10:34:29,5.37,0.01,87,46987,买盘
2700,10:34:26,5.36,-0.01,8,4288,卖盘
2701,10:34:23,5.37,0.01,10,5745,买盘
2702,10:34:20,5.36,-0.01,43,23048,卖盘
2703,10:34:14,5.37,0.01,80,42960,买盘
2704,10:34:11,5.36,--,176,94336,卖盘
2705,10:34:08,5.36,--,82,43952,卖盘
2706,10:34:05,5.36,--,40,21440,卖盘
2707,10:34:02,5.36,0.01,197,106063,买盘
2708,10:33:59,5.35,-0.01,185,98975,卖盘
2709,10:33:56,5.36,0.01,34,18224,买盘
2710,10:33:53,5.35,-0.01,89,47615,卖盘
2711,10:33:50,5.36,--,165,88440,买盘
2712,10:33:47,5.36,--,27,14472,买盘
2713,10:33:44,5.36,--,34,18224,买盘
2714,10:33:41,5.36,0.01,55,29480,买盘
2715,10:33:38,5.35,-0.01,127,67945,卖盘
2716,10:33:35,5.36,0.01,5,2680,买盘
2717,10:33:32,5.35,--,57,30494,卖盘
2718,10:33:29,5.35,--,35,18725,卖盘
2719,10:33:23,5.35,--,10,5350,卖盘
2720,10:33:20,5.35,0.01,68,36380,卖盘
2721,10:33:17,5.34,--,67,35778,卖盘
2722,10:33:14,5.34,-0.01,340,181560,卖盘
2723,10:33:11,5.35,0.01,99,52965,买盘
2724,10:33:05,5.34,-0.01,6,3204,卖盘
2725,10:33:02,5.35,0.01,80,42800,买盘
2726,10:32:59,5.34,-0.01,56,29904,卖盘
2727,10:32:56,5.35,0.01,287,153545,买盘
2728,10:32:53,5.34,-0.01,83,44322,卖盘
2729,10:32:50,5.35,0.01,100,53500,买盘
2730,10:32:47,5.34,--,620,331080,卖盘
2731,10:32:44,5.34,--,579,309186,卖盘
2732,10:32:38,5.34,--,148,79032,卖盘
2733,10:32:35,5.34,-0.01,64,34176,卖盘
2734,10:32:32,5.35,0.01,272,145520,买盘
2735,10:32:29,5.34,--,234,124956,卖盘
2736,10:32:26,5.34,-0.01,1129,602886,卖盘
2737,10:32:23,5.35,--,159,85065,买盘
2738,10:32:14,5.35,0.01,20,10700,买盘
2739,10:32:11,5.34,--,140,74760,卖盘
2740,10:32:08,5.34,--,42,22428,卖盘
2741,10:32:05,5.34,-0.01,354,189036,卖盘
2742,10:31:59,5.35,--,378,202230,买盘
2743,10:31:56,5.35,0.01,96,51360,买盘
2744,10:31:53,5.34,-0.01,36,19224,卖盘
2745,10:31:50,5.35,--,76,40660,卖盘
2746,10:31:47,5.35,-0.01,430,230049,卖盘
2747,10:31:44,5.36,0.01,320,171520,买盘
2748,10:31:41,5.35,--,8,4280,卖盘
2749,10:31:38,5.35,--,784,419440,卖盘
2750,10:31:35,5.35,--,60,32099,卖盘
2751,10:31:32,5.35,-0.01,183,97905,卖盘
2752,10:31:29,5.36,0.01,142,76112,买盘
2753,10:31:26,5.35,--,176,94160,卖盘
2754,10:31:20,5.35,--,167,89345,卖盘
2755,10:31:17,5.35,--,186,99510,卖盘
2756,10:31:14,5.35,-0.01,259,138565,卖盘
2757,10:31:08,5.36,0.01,27,14472,买盘
2758,10:31:02,5.35,-0.01,43,23005,卖盘
2759,10:30:59,5.36,--,262,140496,卖盘
2760,10:30:50,5.36,--,190,101840,卖盘
2761,10:30:47,5.36,--,282,151152,卖盘
2762,10:30:44,5.36,--,105,56280,卖盘
2763,10:30:41,5.36,--,247,132392,卖盘
2764,10:30:38,5.36,--,8,4288,卖盘
2765,10:30:35,5.36,--,460,246560,卖盘
2766,10:30:32,5.36,--,141,75576,卖盘
2767,10:30:29,5.36,--,9,4824,卖盘
2768,10:30:26,5.36,--,821,440056,卖盘
2769,10:30:23,5.36,--,92,49312,卖盘
2770,10:30:20,5.36,-0.01,29,15544,卖盘
2771,10:30:17,5.37,0.01,44,23628,买盘
2772,10:30:14,5.36,-0.01,20,10720,卖盘
2773,10:30:11,5.37,--,15,8055,买盘
2774,10:30:08,5.37,0.01,270,144990,买盘
2775,10:30:02,5.36,-0.01,67,35912,卖盘
2776,10:29:59,5.37,0.01,58,31146,买盘
2777,10:29:56,5.36,--,67,35912,卖盘
2778,10:29:53,5.36,-0.01,246,131856,卖盘
2779,10:29:50,5.37,--,105,56385,买盘
2780,10:29:41,5.37,--,144,77328,卖盘
2781,10:29:38,5.37,--,12,6916,买盘
2782,10:29:35,5.37,--,93,50005,卖盘
2783,10:29:32,5.37,-0.01,317,170229,卖盘
2784,10:29:29,5.38,0.01,54,29052,买盘
2785,10:29:23,5.37,-0.01,1536,824832,卖盘
2786,10:29:20,5.38,--,27,14526,买盘
2787,10:29:17,5.38,-0.01,713,383594,卖盘
2788,10:29:11,5.39,0.01,35,18865,买盘
2789,10:29:08,5.38,-0.01,51,27438,卖盘
2790,10:29:05,5.39,0.01,57,30722,买盘
2791,10:29:02,5.38,--,11,5918,卖盘
2792,10:28:59,5.38,--,35,18830,卖盘
2793,10:28:56,5.38,--,109,58642,卖盘
2794,10:28:53,5.38,--,21,11298,卖盘
2795,10:28:50,5.38,-0.01,98,52724,卖盘
2796,10:28:44,5.39,0.01,355,191345,买盘
2797,10:28:41,5.38,--,186,100068,卖盘
2798,10:28:38,5.38,-0.01,7,3766,卖盘
2799,10:28:32,5.39,--,10,5390,买盘
2800,10:28:29,5.39,0.01,52,28028,买盘
2801,10:28:26,5.38,--,52,27976,卖盘
2802,10:28:23,5.38,--,3,1614,卖盘
2803,10:28:20,5.38,-0.01,1,538,卖盘
2804,10:28:17,5.39,0.01,81,43659,买盘
2805,10:28:14,5.38,-0.01,61,32818,卖盘
2806,10:28:11,5.39,--,20,10780,买盘
2807,10:28:08,5.39,--,100,53900,买盘
2808,10:28:02,5.39,--,38,20482,买盘
2809,10:27:56,5.39,0.01,7,3773,买盘
2810,10:27:53,5.38,-0.01,875,471223,卖盘
2811,10:27:44,5.39,--,45,24255,买盘
2812,10:27:41,5.39,--,465,250634,买盘
2813,10:27:38,5.39,--,816,439824,买盘
2814,10:27:32,5.39,--,10,5390,买盘
2815,10:27:29,5.39,--,24,12936,买盘
2816,10:27:23,5.39,--,126,67914,卖盘
2817,10:27:14,5.39,-0.01,202,108878,卖盘
2818,10:27:11,5.4,0.01,232,125280,买盘
2819,10:27:08,5.39,--,20,10780,卖盘
2820,10:27:05,5.39,--,2,1078,买盘
2821,10:27:02,5.39,--,219,118041,卖盘
2822,10:26:59,5.39,--,25,13475,卖盘
2823,10:26:56,5.39,0.01,86,46354,买盘
2824,10:26:53,5.38,-0.01,18,9684,卖盘
2825,10:26:50,5.39,--,7,3773,买盘
2826,10:26:47,5.39,0.01,200,107800,买盘
2827,10:26:38,5.38,--,35,18830,卖盘
2828,10:26:35,5.38,--,363,195294,卖盘
2829,10:26:29,5.38,--,12,6456,卖盘
2830,10:26:26,5.38,-0.01,456,245328,卖盘
2831,10:26:23,5.39,0.01,534,287826,买盘
2832,10:26:14,5.38,--,101,54338,卖盘
2833,10:26:11,5.38,-0.01,22,11836,卖盘
2834,10:26:08,5.39,--,61,32879,买盘
2835,10:26:05,5.39,0.01,24,12936,买盘
2836,10:26:02,5.38,--,3,1614,卖盘
2837,10:25:59,5.38,-0.01,56,30128,卖盘
2838,10:25:56,5.39,--,9,4851,买盘
2839,10:25:53,5.39,--,19,10241,买盘
2840,10:25:47,5.39,0.01,2,1078,买盘
2841,10:25:44,5.38,-0.01,11,5918,卖盘
2842,10:25:41,5.39,--,7,3773,买盘
2843,10:25:38,5.39,--,18,9702,买盘
2844,10:25:35,5.39,--,20,10780,买盘
2845,10:25:32,5.39,0.01,56,30184,买盘
2846,10:25:29,5.38,-0.01,51,27438,卖盘
2847,10:25:26,5.39,--,15,8084,买盘
2848,10:25:23,5.39,--,4,2156,买盘
2849,10:25:20,5.39,--,50,26950,买盘
2850,10:25:17,5.39,--,50,26950,买盘
2851,10:25:14,5.39,--,6,3234,买盘
2852,10:25:11,5.39,--,13,7007,买盘
2853,10:25:05,5.39,--,100,53900,买盘
2854,10:25:02,5.39,--,32,17248,买盘
2855,10:24:59,5.39,--,9,4851,买盘
2856,10:24:56,5.39,--,4,2156,买盘
2857,10:24:53,5.39,-0.01,487,262493,中性盘
2858,10:24:50,5.4,0.01,43,23220,买盘
2859,10:24:44,5.39,-0.01,6,3234,中性盘
2860,10:24:35,5.4,0.01,1803,973620,买盘
2861,10:24:32,5.39,--,32,17248,卖盘
2862,10:24:29,5.39,-0.01,289,155771,卖盘
2863,10:24:26,5.4,0.01,126,68040,买盘
2864,10:24:23,5.39,-0.01,11,5929,卖盘
2865,10:24:20,5.4,0.01,1,540,买盘
2866,10:24:17,5.39,--,8,4312,卖盘
2867,10:24:14,5.39,-0.01,385,207515,卖盘
2868,10:24:11,5.4,0.01,34,18360,买盘
2869,10:24:08,5.39,--,105,56595,卖盘
2870,10:24:05,5.39,-0.01,50,26950,卖盘
2871,10:23:53,5.4,--,21,11340,买盘
2872,10:23:50,5.4,0.01,27,14580,买盘
2873,10:23:47,5.39,-0.01,45,24255,卖盘
2874,10:23:44,5.4,0.01,22,11880,买盘
2875,10:23:38,5.39,-0.01,90,48510,卖盘
2876,10:23:35,5.4,--,103,55620,买盘
2877,10:23:32,5.4,0.01,7,3780,买盘
