,time,price,change,volume,amount,type
0,15:00:21,8.62,-0.01,3863,3330354,卖盘
1,14:57:21,8.63,--,0,0,中性盘
2,14:57:00,8.63,0.01,60,51780,买盘
3,14:56:57,8.62,-0.02,12,10343,卖盘
4,14:56:54,8.64,0.01,202,174528,买盘
5,14:56:51,8.63,--,14,12910,买盘
6,14:56:48,8.63,--,147,126895,卖盘
7,14:56:45,8.63,--,30,26718,卖盘
8,14:56:42,8.63,--,83,71663,卖盘
9,14:56:39,8.63,-0.01,844,729200,卖盘
10,14:56:36,8.64,--,512,442368,买盘
11,14:56:33,8.64,0.01,84,72576,买盘
12,14:56:30,8.63,0.01,55,47499,买盘
13,14:56:27,8.62,-0.02,42,37031,卖盘
14,14:56:18,8.64,0.02,550,475200,买盘
15,14:56:15,8.62,-0.01,283,243980,卖盘
16,14:56:12,8.63,--,62,53506,卖盘
17,14:56:09,8.63,0.01,114,98382,中性盘
18,14:56:06,8.62,-0.01,178,153436,卖盘
19,14:56:03,8.63,--,6,5178,卖盘
20,14:56:00,8.63,--,160,138908,卖盘
21,14:55:57,8.63,-0.01,91,78981,中性盘
22,14:55:54,8.64,0.02,141,121824,买盘
23,14:55:51,8.62,--,256,220671,买盘
24,14:55:48,8.62,--,12,10343,买盘
25,14:55:45,8.62,--,212,182743,卖盘
26,14:55:39,8.62,-0.01,68,58615,卖盘
27,14:55:36,8.63,0.01,89,76807,买盘
28,14:55:33,8.62,-0.01,95,81889,卖盘
29,14:55:30,8.63,0.01,66,56958,买盘
30,14:55:27,8.62,--,13,11205,卖盘
31,14:55:24,8.62,--,69,59477,买盘
32,14:55:21,8.62,--,81,69822,买盘
33,14:55:18,8.62,--,48,41375,卖盘
34,14:55:15,8.62,--,38,32755,卖盘
35,14:55:09,8.62,-0.01,270,232739,卖盘
36,14:55:06,8.63,0.01,11,9493,买盘
37,14:55:03,8.62,--,80,68960,卖盘
38,14:55:00,8.62,--,91,78442,卖盘
39,14:54:57,8.62,-0.01,120,103439,卖盘
40,14:54:54,8.63,0.01,50,43150,买盘
41,14:54:51,8.62,--,16,13791,卖盘
42,14:54:48,8.62,0.01,144,124127,买盘
43,14:54:45,8.61,-0.01,500,430500,卖盘
44,14:54:42,8.62,0.01,89,76718,中性盘
45,14:54:39,8.61,-0.01,130,111929,卖盘
46,14:54:36,8.62,--,160,138126,买盘
47,14:54:33,8.62,--,22,18964,买盘
48,14:54:30,8.62,0.01,110,94819,买盘
49,14:54:27,8.61,--,323,278103,卖盘
50,14:54:21,8.61,--,59,50799,卖盘
51,14:54:18,8.61,--,126,108486,卖盘
52,14:54:15,8.61,--,35,30134,卖盘
53,14:54:12,8.61,-0.01,41,35301,卖盘
54,14:54:09,8.62,0.01,107,92233,买盘
55,14:54:03,8.61,-0.01,219,188559,卖盘
56,14:53:57,8.62,--,20,17240,买盘
57,14:53:54,8.62,--,138,118955,买盘
58,14:53:51,8.62,-0.01,456,393727,卖盘
59,14:53:48,8.63,--,24,20712,卖盘
60,14:53:39,8.63,-0.01,268,231284,卖盘
61,14:53:36,8.64,--,66,57024,卖盘
62,14:53:30,8.64,-0.01,119,102816,卖盘
63,14:53:27,8.65,--,8,6920,买盘
64,14:53:24,8.65,--,80,69200,买盘
65,14:53:21,8.65,--,157,135805,买盘
66,14:53:18,8.65,--,28,24220,买盘
67,14:53:15,8.65,--,1192,1031702,卖盘
68,14:53:09,8.65,--,22,19030,卖盘
69,14:53:06,8.65,--,419,362469,卖盘
70,14:53:03,8.65,--,873,755352,卖盘
71,14:52:54,8.65,--,121,104665,卖盘
72,14:52:45,8.65,--,309,267285,卖盘
73,14:52:42,8.65,-0.01,199,172135,卖盘
74,14:52:36,8.66,0.01,10,8660,买盘
75,14:52:33,8.65,-0.01,528,456720,卖盘
76,14:52:24,8.66,--,189,163674,买盘
77,14:52:21,8.66,--,28,24248,买盘
78,14:52:18,8.66,--,46,39836,买盘
79,14:52:15,8.66,--,69,59754,买盘
80,14:52:12,8.66,-0.01,39,33774,中性盘
81,14:52:09,8.67,0.01,50,43350,买盘
82,14:52:06,8.66,--,131,113446,卖盘
83,14:52:03,8.66,--,2,1732,卖盘
84,14:52:00,8.66,-0.01,80,69280,卖盘
85,14:51:57,8.67,0.01,144,124848,买盘
86,14:51:54,8.66,-0.01,342,296172,卖盘
87,14:51:45,8.67,0.01,69,59823,买盘
88,14:51:42,8.66,--,72,62352,卖盘
89,14:51:39,8.66,-0.01,131,113446,卖盘
90,14:51:36,8.67,--,17,14739,买盘
91,14:51:33,8.67,--,123,106641,买盘
92,14:51:30,8.67,--,20,17340,买盘
93,14:51:27,8.67,--,10,8670,买盘
94,14:51:24,8.67,0.01,51,44217,买盘
95,14:51:21,8.66,--,307,266693,卖盘
96,14:51:18,8.66,--,510,441660,卖盘
97,14:51:15,8.66,--,172,148952,卖盘
98,14:51:06,8.66,-0.01,71,61520,卖盘
99,14:51:03,8.67,0.01,24,21640,买盘
100,14:51:00,8.66,--,25,21684,卖盘
101,14:50:57,8.66,--,114,99555,卖盘
102,14:50:54,8.66,-0.02,48,41568,卖盘
103,14:50:51,8.68,0.02,31,26942,买盘
104,14:50:48,8.66,-0.01,34,30275,卖盘
105,14:50:45,8.67,--,9,7837,卖盘
106,14:50:42,8.67,--,10,8670,卖盘
107,14:50:36,8.67,--,30,26010,买盘
108,14:50:33,8.67,--,68,59788,买盘
109,14:50:27,8.67,--,24,20808,买盘
110,14:50:24,8.67,-0.01,449,389317,卖盘
111,14:50:21,8.68,--,360,312480,买盘
112,14:50:18,8.68,--,308,267344,买盘
113,14:50:15,8.68,0.01,22,19929,买盘
114,14:50:12,8.67,-0.01,77,66793,卖盘
115,14:50:06,8.68,--,94,81592,买盘
116,14:50:00,8.68,--,22,19096,买盘
117,14:49:57,8.68,--,46,40761,买盘
118,14:49:54,8.68,--,46,39928,卖盘
119,14:49:48,8.68,0.01,41,35622,买盘
120,14:49:42,8.67,-0.01,374,325090,卖盘
121,14:49:39,8.68,0.01,891,773422,买盘
122,14:49:36,8.67,--,210,182070,卖盘
123,14:49:30,8.67,--,150,130882,卖盘
124,14:49:27,8.67,--,20,17340,卖盘
125,14:49:24,8.67,-0.01,211,182971,卖盘
126,14:49:21,8.68,--,4,4305,买盘
127,14:49:18,8.68,--,25,21734,买盘
128,14:49:15,8.68,0.01,20,18193,买盘
129,14:49:12,8.67,-0.01,51,44251,卖盘
130,14:49:09,8.68,0.01,164,143185,买盘
131,14:49:06,8.67,--,35,30379,卖盘
132,14:49:00,8.67,--,300,260100,卖盘
133,14:48:54,8.67,-0.01,28,25108,卖盘
134,14:48:51,8.68,0.01,5,4374,买盘
135,14:48:48,8.67,-0.01,10,8670,卖盘
136,14:48:45,8.68,0.02,150,130200,买盘
137,14:48:42,8.66,-0.01,86,74476,卖盘
138,14:48:39,8.67,--,4,3468,卖盘
139,14:48:36,8.67,--,4,4300,卖盘
140,14:48:33,8.67,-0.01,21,18241,中性盘
141,14:48:27,8.68,0.01,30,26040,买盘
142,14:48:21,8.67,-0.01,30,26010,中性盘
143,14:48:12,8.68,0.01,32,28609,买盘
144,14:48:09,8.67,--,7,6103,买盘
145,14:48:06,8.67,-0.01,1346,1166982,卖盘
146,14:48:03,8.68,--,20,17360,卖盘
147,14:48:00,8.68,--,46,40761,卖盘
148,14:47:57,8.68,0.01,57,49510,买盘
149,14:47:54,8.67,--,84,72828,卖盘
150,14:47:51,8.67,--,20,17340,卖盘
151,14:47:48,8.67,-0.01,8,7768,卖盘
152,14:47:45,8.68,--,224,194432,买盘
153,14:47:39,8.68,--,6,5208,买盘
154,14:47:36,8.68,0.01,23,19998,买盘
155,14:47:30,8.67,--,10,8670,卖盘
156,14:47:27,8.67,--,40,34680,卖盘
157,14:47:18,8.67,-0.01,14,12970,卖盘
158,14:47:12,8.68,--,12,10416,买盘
159,14:47:09,8.68,0.01,49,42566,买盘
160,14:47:03,8.67,-0.01,92,79764,卖盘
161,14:47:00,8.68,0.01,4,4305,买盘
162,14:46:57,8.67,--,92,79764,卖盘
163,14:46:54,8.67,-0.01,250,216750,卖盘
164,14:46:51,8.68,0.01,6,5208,买盘
165,14:46:48,8.67,-0.01,1,901,卖盘
166,14:46:45,8.68,--,6,5208,买盘
167,14:46:42,8.68,--,12,10416,买盘
168,14:46:36,8.68,--,30,26040,买盘
169,14:46:33,8.68,--,16,14721,买盘
170,14:46:27,8.68,--,46,39928,买盘
171,14:46:24,8.68,--,36,31248,卖盘
172,14:46:18,8.68,0.01,117,101590,中性盘
173,14:46:12,8.67,--,10,9502,卖盘
174,14:46:03,8.67,--,15,13039,卖盘
175,14:46:00,8.67,--,8,6936,卖盘
176,14:45:57,8.67,-0.02,20,17340,卖盘
177,14:45:54,8.69,0.02,600,521399,买盘
178,14:45:51,8.67,-0.01,120,104040,卖盘
179,14:45:45,8.68,--,0,833,买盘
180,14:45:42,8.68,--,10,8680,买盘
181,14:45:39,8.68,--,371,322062,买盘
182,14:45:30,8.68,--,101,88084,卖盘
183,14:45:24,8.68,--,5,4340,卖盘
184,14:45:18,8.68,-0.01,40,34720,卖盘
185,14:45:15,8.69,--,57,49533,买盘
186,14:45:12,8.69,--,93,80817,买盘
187,14:45:06,8.69,--,31,26939,买盘
188,14:45:03,8.69,0.01,5,4345,买盘
189,14:45:00,8.68,-0.01,114,98952,卖盘
190,14:44:48,8.69,--,19,16511,买盘
191,14:44:45,8.69,--,18,15642,买盘
192,14:44:39,8.69,--,503,437107,买盘
193,14:44:30,8.69,--,225,195525,卖盘
194,14:44:24,8.69,--,24,21307,买盘
195,14:44:15,8.69,--,2,2572,买盘
196,14:44:12,8.69,--,112,97779,卖盘
197,14:44:09,8.69,--,4,3476,卖盘
198,14:44:03,8.69,-0.01,18,15642,卖盘
199,14:43:57,8.7,0.01,100,87000,买盘
200,14:43:45,8.69,-0.01,50,43450,卖盘
201,14:43:42,8.7,--,54,46979,买盘
202,14:43:39,8.7,0.01,47,40890,买盘
203,14:43:30,8.69,--,16,13904,卖盘
204,14:43:27,8.69,--,335,291115,卖盘
205,14:43:24,8.69,-0.01,25,21725,卖盘
206,14:43:21,8.7,0.01,10,8700,买盘
207,14:43:18,8.69,-0.01,320,278080,卖盘
208,14:43:15,8.7,--,30,26099,买盘
209,14:43:12,8.7,--,101,87870,买盘
210,14:43:09,8.7,--,72,62639,买盘
211,14:43:06,8.7,--,1,869,买盘
212,14:43:03,8.7,0.01,98,85260,买盘
213,14:43:00,8.69,--,3,2607,卖盘
214,14:42:57,8.69,-0.01,5,4345,卖盘
215,14:42:54,8.7,0.01,15,13049,买盘
216,14:42:48,8.69,--,29,25201,卖盘
217,14:42:36,8.69,-0.01,16,13904,卖盘
218,14:42:30,8.7,0.01,198,172260,买盘
219,14:42:27,8.69,-0.01,121,105149,卖盘
220,14:42:21,8.7,0.01,17,14789,买盘
221,14:42:15,8.69,-0.01,1,869,卖盘
222,14:42:12,8.7,--,10,8700,买盘
223,14:42:09,8.7,--,22,19140,买盘
224,14:42:06,8.7,--,2,1739,买盘
225,14:42:03,8.7,0.01,1,869,买盘
226,14:42:00,8.69,-0.01,24,20856,卖盘
227,14:41:57,8.7,0.01,211,183569,买盘
228,14:41:51,8.69,--,91,79079,卖盘
229,14:41:48,8.69,--,52,45188,卖盘
230,14:41:45,8.69,--,38,33439,买盘
231,14:41:42,8.69,--,72,62568,买盘
232,14:41:39,8.69,--,130,112970,买盘
233,14:41:36,8.69,--,9,7855,买盘
234,14:41:33,8.69,--,2,2572,买盘
235,14:41:27,8.69,--,193,167751,买盘
236,14:41:24,8.69,0.01,128,111232,买盘
237,14:41:21,8.68,-0.01,216,188321,卖盘
238,14:41:18,8.69,--,12,10428,买盘
239,14:41:06,8.69,0.01,70,60830,买盘
240,14:41:03,8.68,--,39,33886,卖盘
241,14:40:51,8.68,--,80,69440,卖盘
242,14:40:45,8.68,--,0,833,买盘
243,14:40:42,8.68,--,9,7846,卖盘
244,14:40:38,8.68,--,10,9513,买盘
245,14:40:35,8.68,--,54,46872,买盘
246,14:40:32,8.68,-0.01,40,34720,卖盘
247,14:40:29,8.69,--,13,11331,买盘
248,14:40:20,8.69,0.01,130,112970,买盘
249,14:40:17,8.68,--,78,68537,卖盘
250,14:40:14,8.68,-0.01,120,104160,卖盘
251,14:40:08,8.69,0.01,22,19118,买盘
252,14:40:05,8.68,--,115,99854,卖盘
253,14:40:02,8.68,--,58,51177,卖盘
254,14:39:59,8.68,--,55,47774,卖盘
255,14:39:53,8.68,--,18,15624,卖盘
256,14:39:50,8.68,--,114,99785,卖盘
257,14:39:47,8.68,-0.01,140,121520,卖盘
258,14:39:41,8.69,0.01,5,4379,买盘
259,14:39:38,8.68,--,60,52080,卖盘
260,14:39:35,8.68,--,268,233457,卖盘
261,14:39:29,8.68,--,36,31248,卖盘
262,14:39:26,8.68,--,103,89438,买盘
263,14:39:23,8.68,--,14,12985,卖盘
264,14:39:20,8.68,--,30,26040,卖盘
265,14:39:17,8.68,--,10,8680,卖盘
266,14:39:11,8.68,--,18,15624,卖盘
267,14:39:08,8.68,--,50,43400,卖盘
268,14:39:05,8.68,--,2,1736,卖盘
269,14:38:59,8.68,0.01,30,26040,中性盘
270,14:38:56,8.67,-0.01,30,26010,卖盘
271,14:38:53,8.68,-0.01,5,4374,卖盘
272,14:38:47,8.69,0.02,16,14738,买盘
273,14:38:38,8.67,0.01,40,34680,中性盘
274,14:38:29,8.66,-0.02,224,194018,卖盘
275,14:38:26,8.68,0.01,1154,1001672,买盘
276,14:38:23,8.67,--,79,68493,买盘
277,14:38:20,8.67,-0.01,87,75429,卖盘
278,14:38:14,8.68,0.01,69,59892,买盘
279,14:38:11,8.67,--,102,88434,卖盘
280,14:38:08,8.67,--,119,103173,卖盘
281,14:38:02,8.67,0.01,191,165597,卖盘
282,14:37:53,8.66,-0.02,5,4330,卖盘
283,14:37:50,8.68,--,138,119784,买盘
284,14:37:47,8.68,0.02,32,27776,买盘
285,14:37:41,8.66,--,40,34640,卖盘
286,14:37:38,8.66,-0.02,25,21650,卖盘
287,14:37:35,8.68,--,27,23436,买盘
288,14:37:32,8.68,0.02,8,6944,买盘
289,14:37:29,8.66,-0.02,10,8660,卖盘
290,14:37:26,8.68,--,100,86800,买盘
291,14:37:23,8.68,0.01,501,434868,买盘
292,14:37:20,8.67,--,40,34680,卖盘
293,14:37:14,8.67,-0.01,25,21675,卖盘
294,14:37:08,8.68,--,1,868,买盘
295,14:37:05,8.68,--,125,108500,卖盘
296,14:37:02,8.68,-0.01,100,86800,卖盘
297,14:36:53,8.69,--,35,30415,买盘
298,14:36:50,8.69,0.01,207,179883,买盘
299,14:36:47,8.68,-0.01,282,245227,卖盘
300,14:36:44,8.69,--,0,834,卖盘
301,14:36:41,8.69,-0.01,140,121660,卖盘
302,14:36:38,8.7,0.01,46,40020,买盘
303,14:36:35,8.69,--,66,57354,卖盘
304,14:36:32,8.69,--,50,43450,卖盘
305,14:36:29,8.69,-0.01,25,21759,卖盘
306,14:36:26,8.7,0.01,87,76107,买盘
307,14:36:23,8.69,-0.01,25,21725,卖盘
308,14:36:20,8.7,--,55,47849,买盘
309,14:36:17,8.7,0.01,10,8700,买盘
310,14:36:14,8.69,--,20,17380,卖盘
311,14:36:11,8.69,--,9,7821,卖盘
312,14:36:08,8.69,-0.02,84,72996,卖盘
313,14:36:05,8.71,0.01,58,50518,买盘
314,14:36:02,8.7,--,21,18270,卖盘
315,14:35:59,8.7,--,30,26099,卖盘
316,14:35:56,8.7,--,17,14789,买盘
317,14:35:53,8.7,0.01,50,43500,买盘
318,14:35:50,8.69,--,103,89507,卖盘
319,14:35:44,8.69,--,40,34760,卖盘
320,14:35:41,8.69,--,27,23463,卖盘
321,14:35:38,8.69,--,3,2607,卖盘
322,14:35:35,8.69,--,2,1738,卖盘
323,14:35:29,8.69,-0.01,15,13035,卖盘
324,14:35:23,8.7,--,2,1739,买盘
325,14:35:20,8.7,--,69,60029,买盘
326,14:35:17,8.7,-0.01,301,261869,卖盘
327,14:35:14,8.71,-0.01,158,137618,卖盘
328,14:35:08,8.72,0.01,17,14824,买盘
329,14:35:05,8.71,-0.01,333,290043,卖盘
330,14:34:59,8.72,0.01,22,19184,买盘
331,14:34:53,8.71,-0.01,225,195975,卖盘
332,14:34:50,8.72,--,45,39240,买盘
333,14:34:44,8.72,--,5,4360,买盘
334,14:34:35,8.72,--,111,96792,买盘
335,14:34:32,8.72,-0.01,197,171784,卖盘
336,14:34:29,8.73,--,183,159759,买盘
337,14:34:20,8.73,--,51,44523,买盘
338,14:34:17,8.73,0.01,8,6984,买盘
339,14:34:14,8.72,--,1,872,卖盘
340,14:34:11,8.72,--,34,29648,卖盘
341,14:34:05,8.72,--,10,8720,卖盘
342,14:34:02,8.72,--,240,209280,卖盘
343,14:33:50,8.72,-0.01,58,50576,卖盘
344,14:33:47,8.73,0.01,125,109125,买盘
345,14:33:41,8.72,--,29,25288,卖盘
346,14:33:38,8.72,--,48,41856,卖盘
347,14:33:35,8.72,--,12,10464,卖盘
348,14:33:32,8.72,--,12,10464,卖盘
349,14:33:26,8.72,-0.01,320,279040,卖盘
350,14:33:23,8.73,0.01,75,65475,买盘
351,14:33:14,8.72,0.01,26,22672,买盘
352,14:33:11,8.71,--,1,871,卖盘
353,14:33:08,8.71,-0.01,49,42679,卖盘
354,14:33:05,8.72,--,71,61912,买盘
355,14:33:02,8.72,--,147,128184,卖盘
356,14:32:59,8.72,-0.01,20,17440,卖盘
357,14:32:56,8.73,--,162,141426,买盘
358,14:32:53,8.73,--,9,7857,买盘
359,14:32:50,8.73,--,160,139680,买盘
360,14:32:47,8.73,0.01,25,21825,买盘
361,14:32:44,8.72,-0.01,200,174400,卖盘
362,14:32:41,8.73,0.01,30,26190,买盘
363,14:32:32,8.72,0.01,31,27032,买盘
364,14:32:29,8.71,--,9,7839,卖盘
365,14:32:20,8.71,--,60,52260,卖盘
366,14:32:14,8.71,--,5,4355,卖盘
367,14:32:11,8.71,--,45,39195,买盘
368,14:32:02,8.71,0.01,209,182213,买盘
369,14:31:59,8.7,--,72,62639,买盘
370,14:31:56,8.7,--,161,140070,买盘
371,14:31:53,8.7,--,57,49589,买盘
372,14:31:47,8.7,0.01,21,18270,买盘
373,14:31:29,8.69,--,120,104280,卖盘
374,14:31:26,8.69,--,5,4345,卖盘
375,14:31:20,8.69,--,16,13904,买盘
376,14:31:17,8.69,0.01,64,55616,买盘
377,14:31:11,8.68,-0.01,72,62496,卖盘
378,14:31:08,8.69,0.01,41,35629,买盘
379,14:31:05,8.68,-0.01,80,69440,卖盘
380,14:31:02,8.69,--,6,5214,买盘
381,14:30:59,8.69,--,37,32152,买盘
382,14:30:56,8.69,--,172,149468,买盘
383,14:30:50,8.69,0.01,67,58223,买盘
384,14:30:44,8.68,-0.01,154,133672,卖盘
385,14:30:41,8.69,0.01,69,59961,买盘
386,14:30:35,8.68,-0.01,2,1736,卖盘
387,14:30:32,8.69,--,7,6083,买盘
388,14:30:29,8.69,--,31,26939,买盘
389,14:30:26,8.69,0.01,250,217250,买盘
390,14:30:23,8.68,-0.01,73,63364,卖盘
391,14:30:20,8.69,0.01,72,62568,买盘
392,14:30:17,8.68,-0.01,95,82460,卖盘
393,14:30:11,8.69,0.01,53,46057,买盘
394,14:30:02,8.68,-0.01,2,1736,卖盘
395,14:29:59,8.69,--,19,16511,卖盘
396,14:29:53,8.69,--,3,2607,卖盘
397,14:29:50,8.69,0.01,60,52140,中性盘
398,14:29:47,8.68,--,56,48608,卖盘
399,14:29:41,8.68,-0.01,73,63364,卖盘
400,14:29:38,8.69,--,84,72996,买盘
401,14:29:35,8.69,0.01,23,19987,中性盘
402,14:29:26,8.68,-0.02,78,67704,卖盘
403,14:29:23,8.7,0.01,100,87000,买盘
404,14:29:20,8.69,-0.01,6,5214,卖盘
405,14:29:17,8.7,--,216,187919,买盘
406,14:29:14,8.7,-0.01,76,66816,卖盘
407,14:29:11,8.71,0.01,14,12194,买盘
408,14:29:08,8.7,--,5,4350,卖盘
409,14:29:05,8.7,-0.01,740,643974,卖盘
410,14:28:59,8.71,--,9,7839,卖盘
411,14:28:53,8.71,--,3,2613,买盘
412,14:28:50,8.71,--,94,81874,卖盘
413,14:28:47,8.71,--,42,36582,卖盘
414,14:28:44,8.71,--,5,4355,卖盘
415,14:28:41,8.71,--,23,20033,卖盘
416,14:28:38,8.71,--,26,22646,卖盘
417,14:28:32,8.71,--,32,27872,卖盘
418,14:28:29,8.71,--,282,245622,卖盘
419,14:28:26,8.71,--,150,130650,卖盘
420,14:28:23,8.71,--,105,91455,卖盘
421,14:28:20,8.71,-0.01,137,119327,卖盘
422,14:28:17,8.72,--,69,60168,买盘
423,14:28:14,8.72,--,1,872,买盘
424,14:28:08,8.72,--,2,1744,买盘
425,14:28:05,8.72,--,19,16568,买盘
426,14:28:02,8.72,--,11,9592,买盘
427,14:27:59,8.72,-0.01,72,62784,卖盘
428,14:27:56,8.73,--,3,2619,买盘
429,14:27:53,8.73,--,210,183330,买盘
430,14:27:44,8.73,--,41,35793,买盘
431,14:27:38,8.73,--,5,4365,卖盘
432,14:27:32,8.73,--,100,87300,卖盘
433,14:27:29,8.73,--,59,51507,卖盘
434,14:27:20,8.73,--,5,4365,卖盘
435,14:27:17,8.73,--,50,43650,卖盘
436,14:27:11,8.73,-0.01,10,8730,卖盘
437,14:27:05,8.74,0.01,4,3496,买盘
438,14:27:02,8.73,--,34,29682,卖盘
439,14:26:59,8.73,-0.01,100,87300,卖盘
440,14:26:56,8.74,--,165,144210,买盘
441,14:26:53,8.74,0.01,4,3496,买盘
442,14:26:50,8.73,-0.01,130,113490,卖盘
443,14:26:47,8.74,0.01,3,2622,买盘
444,14:26:44,8.73,-0.01,11,9603,卖盘
445,14:26:41,8.74,0.01,1,874,买盘
446,14:26:32,8.73,--,1,873,卖盘
447,14:26:29,8.73,--,9,7857,卖盘
448,14:26:23,8.73,--,3,2619,买盘
449,14:26:20,8.73,--,101,88173,买盘
450,14:26:14,8.73,--,373,325629,卖盘
451,14:26:11,8.73,--,10,8730,卖盘
452,14:26:08,8.73,--,1,873,卖盘
453,14:25:59,8.73,--,11,9603,买盘
454,14:25:56,8.73,-0.01,99,86427,卖盘
455,14:25:53,8.74,0.01,28,24472,买盘
456,14:25:50,8.73,--,3,2619,卖盘
457,14:25:47,8.73,--,25,21825,卖盘
458,14:25:44,8.73,--,10,8730,卖盘
459,14:25:38,8.73,-0.01,8,6984,卖盘
460,14:25:35,8.74,0.01,10,8740,买盘
461,14:25:20,8.73,--,16,13968,买盘
462,14:25:14,8.73,-0.01,44,38412,卖盘
463,14:25:11,8.74,--,20,17480,买盘
464,14:25:08,8.74,0.01,10,8740,买盘
465,14:25:05,8.73,--,100,87300,卖盘
466,14:25:02,8.73,--,1,873,卖盘
467,14:24:59,8.73,--,5,4365,卖盘
468,14:24:56,8.73,--,16,13968,买盘
469,14:24:53,8.73,0.01,20,17460,买盘
470,14:24:47,8.72,--,26,22672,卖盘
471,14:24:44,8.72,-0.01,3,2616,卖盘
472,14:24:32,8.73,0.02,22,19206,买盘
473,14:24:29,8.71,-0.02,463,403273,卖盘
474,14:24:26,8.73,0.01,334,291582,买盘
475,14:24:17,8.72,-0.02,740,645280,卖盘
476,14:24:02,8.74,--,12,10488,买盘
477,14:23:59,8.74,--,54,47196,卖盘
478,14:23:56,8.74,-0.01,50,43700,卖盘
479,14:23:50,8.75,0.01,14,12250,买盘
480,14:23:44,8.74,-0.01,20,17480,卖盘
481,14:23:41,8.75,0.01,10,8750,买盘
482,14:23:38,8.74,--,50,43700,卖盘
483,14:23:35,8.74,-0.01,5,4370,卖盘
484,14:23:26,8.75,0.01,2,1750,买盘
485,14:23:23,8.74,-0.01,34,29716,卖盘
486,14:23:20,8.75,0.01,11,9625,买盘
487,14:23:14,8.74,-0.01,81,70794,卖盘
488,14:23:08,8.75,--,30,26250,买盘
489,14:23:05,8.75,--,13,11375,买盘
490,14:22:53,8.75,--,459,401625,卖盘
491,14:22:50,8.75,-0.01,20,17500,卖盘
492,14:22:47,8.76,--,4,3504,买盘
493,14:22:44,8.76,0.01,30,26280,买盘
494,14:22:41,8.75,--,167,146125,卖盘
495,14:22:38,8.75,--,120,105000,卖盘
496,14:22:29,8.75,--,471,412125,卖盘
497,14:22:14,8.75,-0.01,11,9625,卖盘
498,14:22:11,8.76,0.01,65,56940,买盘
499,14:22:08,8.75,-0.01,112,98000,卖盘
500,14:21:59,8.76,--,20,17520,买盘
501,14:21:56,8.76,--,10,8760,买盘
502,14:21:50,8.76,--,11,9636,买盘
503,14:21:47,8.76,0.01,14,12264,买盘
504,14:21:41,8.75,-0.01,13,11375,卖盘
505,14:21:35,8.76,--,1,876,买盘
506,14:21:23,8.76,-0.01,350,306600,卖盘
507,14:21:20,8.77,0.01,20,17540,买盘
508,14:21:17,8.76,-0.01,50,43800,卖盘
509,14:21:14,8.77,0.01,21,18417,买盘
510,14:21:11,8.76,-0.01,2,1752,卖盘
511,14:21:08,8.77,0.01,1,877,买盘
512,14:21:05,8.76,--,2,1752,卖盘
513,14:20:59,8.76,-0.01,20,17520,卖盘
514,14:20:56,8.77,--,15,13155,买盘
515,14:20:47,8.77,--,101,88577,买盘
516,14:20:41,8.77,--,3,2631,买盘
517,14:20:38,8.77,0.01,373,327121,买盘
518,14:20:32,8.76,-0.01,175,153300,卖盘
519,14:20:29,8.77,--,5,4385,买盘
520,14:20:20,8.77,--,146,128042,卖盘
521,14:20:17,8.77,-0.01,35,30695,卖盘
522,14:20:05,8.78,-0.01,45,39510,卖盘
523,14:19:52,8.79,--,10,8790,买盘
524,14:19:46,8.79,--,42,36918,卖盘
525,14:19:40,8.79,--,30,26369,卖盘
526,14:19:37,8.79,--,117,102842,卖盘
527,14:19:31,8.79,--,120,105479,卖盘
528,14:19:28,8.79,--,60,52739,卖盘
529,14:19:25,8.79,--,3,2636,卖盘
530,14:19:22,8.79,-0.01,223,196016,卖盘
531,14:19:16,8.8,--,55,48400,买盘
532,14:19:13,8.8,--,679,597872,卖盘
533,14:19:07,8.8,-0.01,328,288640,卖盘
534,14:19:01,8.81,-0.01,6,5286,卖盘
535,14:18:58,8.82,0.01,294,259308,买盘
536,14:18:55,8.81,--,28,24668,买盘
537,14:18:46,8.81,--,26,23751,买盘
538,14:18:43,8.81,0.01,50,44050,买盘
539,14:18:40,8.8,-0.01,30,26400,卖盘
540,14:18:37,8.81,--,230,202630,卖盘
541,14:18:34,8.81,--,30,26430,卖盘
542,14:18:28,8.81,-0.01,20,17620,卖盘
543,14:18:25,8.82,0.01,76,67032,买盘
544,14:18:19,8.81,--,50,44050,买盘
545,14:18:16,8.81,--,100,88100,买盘
546,14:18:10,8.81,--,600,528600,买盘
547,14:18:07,8.81,--,2,1762,买盘
548,14:18:04,8.81,--,125,110160,买盘
549,14:17:52,8.81,0.01,108,95148,买盘
550,14:17:46,8.8,--,16,14924,卖盘
551,14:17:43,8.8,--,158,139603,买盘
552,14:17:40,8.8,--,245,215600,买盘
553,14:17:37,8.8,--,65,57200,买盘
554,14:17:34,8.8,--,244,214720,买盘
555,14:17:31,8.8,--,7,6160,买盘
556,14:17:28,8.8,--,156,137280,买盘
557,14:17:22,8.8,--,2,1760,买盘
558,14:17:19,8.8,0.01,65,57200,买盘
559,14:17:16,8.79,--,10,8790,卖盘
560,14:17:13,8.79,--,20,17580,卖盘
561,14:17:10,8.79,0.01,220,193379,买盘
562,14:17:07,8.78,-0.01,35,30729,卖盘
563,14:17:04,8.79,--,48,42191,买盘
564,14:17:01,8.79,0.01,1,878,买盘
565,14:16:52,8.78,-0.01,42,36876,卖盘
566,14:16:49,8.79,0.01,9,7910,买盘
567,14:16:43,8.78,--,4,3511,卖盘
568,14:16:31,8.78,0.01,220,193160,买盘
569,14:16:28,8.77,--,30,26310,买盘
570,14:16:25,8.77,--,16,14032,买盘
571,14:16:22,8.77,--,4,3508,买盘
572,14:16:16,8.77,--,55,48235,买盘
573,14:16:10,8.77,--,3,2631,买盘
574,14:16:07,8.77,0.01,20,17540,买盘
575,14:16:04,8.76,--,50,43800,卖盘
576,14:16:01,8.76,--,150,131400,卖盘
577,14:15:55,8.76,--,101,88476,买盘
578,14:15:46,8.76,--,55,48180,买盘
579,14:15:43,8.76,--,7,6132,买盘
580,14:15:37,8.76,--,70,61320,买盘
581,14:15:34,8.76,--,68,59568,买盘
582,14:15:31,8.76,-0.01,1042,912792,卖盘
583,14:15:28,8.77,--,11,9647,买盘
584,14:15:25,8.77,--,21,18417,买盘
585,14:15:22,8.77,--,30,26310,买盘
586,14:15:19,8.77,--,14,12278,买盘
587,14:15:16,8.77,-0.01,499,437623,卖盘
588,14:15:13,8.78,--,181,158918,买盘
589,14:15:04,8.78,0.01,31,27217,买盘
590,14:15:01,8.77,--,10,8770,卖盘
591,14:14:58,8.77,-0.01,16,14032,卖盘
592,14:14:52,8.78,--,12,10536,买盘
593,14:14:49,8.78,--,9,7901,买盘
594,14:14:46,8.78,--,11,9658,买盘
595,14:14:40,8.78,--,10,8780,买盘
596,14:14:37,8.78,0.01,50,43900,买盘
597,14:14:22,8.77,-0.01,38,33326,卖盘
598,14:14:16,8.78,0.01,51,44778,买盘
599,14:14:10,8.77,-0.01,110,96470,卖盘
600,14:14:07,8.78,0.01,30,26339,买盘
601,14:14:01,8.77,--,17,14909,卖盘
602,14:13:55,8.77,-0.01,20,17540,卖盘
603,14:13:52,8.78,--,22,19316,买盘
604,14:13:46,8.78,0.01,85,74630,买盘
605,14:13:43,8.77,--,85,74545,卖盘
606,14:13:34,8.77,--,36,31572,卖盘
607,14:13:28,8.77,--,78,68406,卖盘
608,14:13:22,8.77,--,9,7893,卖盘
609,14:13:19,8.77,-0.01,5,4385,卖盘
610,14:13:13,8.78,0.01,1,877,买盘
611,14:13:07,8.77,-0.01,216,189432,卖盘
612,14:13:01,8.78,--,1,877,买盘
613,14:12:52,8.78,0.01,1,877,买盘
614,14:12:31,8.77,--,54,47358,卖盘
615,14:12:28,8.77,-0.01,10,8770,卖盘
616,14:12:25,8.78,0.01,25,21950,买盘
617,14:12:22,8.77,-0.01,34,29818,卖盘
618,14:12:19,8.78,--,18,15803,买盘
619,14:12:07,8.78,0.01,29,25461,买盘
620,14:12:04,8.77,-0.01,12,10524,卖盘
621,14:11:58,8.78,--,104,91312,买盘
622,14:11:55,8.78,0.01,5,4390,买盘
623,14:11:52,8.77,--,10,8770,卖盘
624,14:11:43,8.77,-0.01,8,7016,卖盘
625,14:11:34,8.78,0.01,1,877,买盘
626,14:11:31,8.77,-0.01,13,11401,卖盘
627,14:11:28,8.78,0.01,6,5268,买盘
628,14:11:25,8.77,-0.01,16,14032,卖盘
629,14:11:19,8.78,--,106,93068,买盘
630,14:11:16,8.78,--,36,31607,买盘
631,14:11:10,8.78,0.01,12,10536,买盘
632,14:11:07,8.77,--,210,184170,卖盘
633,14:11:01,8.77,-0.01,29,25433,卖盘
634,14:10:58,8.78,--,7,6146,买盘
635,14:10:55,8.78,--,72,63215,买盘
636,14:10:52,8.78,--,12,10536,买盘
637,14:10:49,8.78,--,30,26339,买盘
638,14:10:46,8.78,--,3,2634,买盘
639,14:10:43,8.78,--,4,3511,买盘
640,14:10:40,8.78,--,125,109749,卖盘
641,14:10:37,8.78,-0.01,4,3511,卖盘
642,14:10:34,8.79,--,20,17580,买盘
643,14:10:31,8.79,--,35,30764,买盘
644,14:10:25,8.79,0.01,62,54497,买盘
645,14:10:22,8.78,-0.01,19,16682,卖盘
646,14:10:16,8.79,0.01,110,96689,买盘
647,14:10:13,8.78,--,1,877,买盘
648,14:10:10,8.78,0.02,24,21072,买盘
649,14:10:04,8.76,-0.02,100,87600,卖盘
650,14:09:58,8.78,0.01,14,12292,买盘
651,14:09:55,8.77,0.01,38,33326,买盘
652,14:09:52,8.76,-0.01,58,50808,卖盘
653,14:09:49,8.77,--,138,121026,买盘
654,14:09:46,8.77,-0.02,1206,1057662,卖盘
655,14:09:43,8.79,0.01,73,64166,中性盘
656,14:09:37,8.78,-0.01,360,316080,卖盘
657,14:09:34,8.79,--,7,6152,买盘
658,14:09:31,8.79,--,15,13184,买盘
659,14:09:28,8.79,--,1,878,买盘
660,14:09:22,8.79,--,35,30764,买盘
661,14:09:10,8.79,--,11,9668,买盘
662,14:09:04,8.79,--,49,43070,卖盘
663,14:08:58,8.79,--,1,878,卖盘
664,14:08:55,8.79,0.01,32,28127,买盘
665,14:08:52,8.78,-0.01,23,20194,卖盘
666,14:08:49,8.79,-0.01,41,36039,卖盘
667,14:08:46,8.8,0.01,141,124080,买盘
668,14:08:40,8.79,--,500,439499,买盘
669,14:08:37,8.79,--,44,38675,买盘
670,14:08:34,8.79,--,99,87020,买盘
671,14:08:28,8.79,--,261,229418,卖盘
672,14:08:25,8.79,--,47,41312,卖盘
673,14:08:22,8.79,--,6,5273,卖盘
674,14:08:19,8.79,-0.01,14,12305,卖盘
675,14:08:13,8.8,--,149,131120,买盘
676,14:08:10,8.8,0.01,622,547360,买盘
677,14:08:04,8.79,-0.01,30,26369,卖盘
678,14:07:58,8.8,--,87,76560,买盘
679,14:07:55,8.8,0.01,108,95040,买盘
680,14:07:52,8.79,--,2,1757,卖盘
681,14:07:46,8.79,--,50,43949,卖盘
682,14:07:43,8.79,--,5,4395,卖盘
683,14:07:37,8.79,--,161,141519,买盘
684,14:07:34,8.79,--,20,17580,买盘
685,14:07:31,8.79,--,92,80867,买盘
686,14:07:22,8.79,--,12,10547,买盘
687,14:07:19,8.79,0.01,5,4395,买盘
688,14:07:16,8.78,--,45,39510,卖盘
689,14:07:13,8.78,--,163,143114,卖盘
690,14:07:01,8.78,-0.01,10,8780,卖盘
691,14:06:58,8.79,0.01,75,65925,买盘
692,14:06:52,8.78,-0.01,63,55313,卖盘
693,14:06:49,8.79,--,70,61529,买盘
694,14:06:40,8.79,--,3,2636,买盘
695,14:06:34,8.79,--,12,10547,买盘
696,14:06:31,8.79,--,37,32522,卖盘
697,14:06:28,8.79,-0.01,44,38675,卖盘
698,14:06:25,8.8,0.01,10,8800,买盘
699,14:06:19,8.79,-0.01,10,8790,卖盘
700,14:06:16,8.8,0.01,48,42240,买盘
701,14:06:13,8.79,-0.01,58,50981,卖盘
702,14:06:07,8.8,--,10,8800,买盘
703,14:06:04,8.8,--,18,15840,买盘
704,14:06:01,8.8,--,247,217360,卖盘
705,14:05:55,8.8,--,59,51920,卖盘
706,14:05:49,8.8,-0.01,42,36960,卖盘
707,14:05:46,8.81,--,30,26430,买盘
708,14:05:43,8.81,-0.01,959,844879,卖盘
709,14:05:40,8.82,--,31,27342,卖盘
710,14:05:37,8.82,--,10,8820,卖盘
711,14:05:34,8.82,--,144,127008,卖盘
712,14:05:31,8.82,--,538,474516,卖盘
713,14:05:25,8.82,--,11,9702,卖盘
714,14:05:19,8.82,--,61,53802,卖盘
715,14:05:16,8.82,--,1,882,卖盘
716,14:05:10,8.82,-0.01,86,75852,卖盘
717,14:04:58,8.83,--,10,8830,买盘
718,14:04:52,8.83,-0.01,10,8830,卖盘
719,14:04:46,8.84,0.01,50,44200,买盘
720,14:04:43,8.83,--,268,236644,卖盘
721,14:04:40,8.83,--,21,18543,卖盘
722,14:04:34,8.83,--,9,7947,卖盘
723,14:04:31,8.83,-0.01,10,8830,卖盘
724,14:04:28,8.84,--,35,30940,买盘
725,14:04:25,8.84,0.01,10,8840,买盘
726,14:04:19,8.83,--,76,67108,卖盘
727,14:04:16,8.83,--,5,4415,卖盘
728,14:04:10,8.83,0.01,15,13245,买盘
729,14:04:07,8.82,--,20,17640,卖盘
730,14:04:04,8.82,-0.01,50,44100,卖盘
731,14:04:01,8.83,--,9,7947,买盘
732,14:03:58,8.83,--,29,25607,买盘
733,14:03:52,8.83,--,14,12362,中性盘
734,14:03:34,8.83,-0.01,9,7947,卖盘
735,14:03:31,8.84,0.01,17,15028,买盘
736,14:03:28,8.83,--,5,4415,卖盘
737,14:03:25,8.83,0.01,51,45033,中性盘
738,14:03:16,8.82,--,40,35280,卖盘
739,14:03:13,8.82,-0.02,10,8820,卖盘
740,14:03:10,8.84,0.01,118,104312,买盘
741,14:03:04,8.83,--,159,141174,卖盘
742,14:03:01,8.83,-0.01,15,13245,卖盘
743,14:02:58,8.84,0.01,190,167960,买盘
744,14:02:55,8.83,--,7,6181,卖盘
745,14:02:52,8.83,--,60,52980,卖盘
746,14:02:49,8.83,--,11,9713,卖盘
747,14:02:46,8.83,--,108,95469,卖盘
748,14:02:43,8.83,--,94,83002,卖盘
749,14:02:40,8.83,-0.01,20,17660,卖盘
750,14:02:37,8.84,--,31,27404,买盘
751,14:02:28,8.84,--,1,884,买盘
752,14:02:25,8.84,--,6,5304,买盘
753,14:02:22,8.84,0.01,83,73372,买盘
754,14:02:19,8.83,-0.01,70,61810,卖盘
755,14:02:16,8.84,--,61,53924,卖盘
756,14:02:10,8.84,-0.01,11,9724,卖盘
757,14:02:07,8.85,0.01,92,81420,买盘
758,14:01:58,8.84,0.01,113,99892,买盘
759,14:01:55,8.83,--,57,50331,买盘
760,14:01:52,8.83,--,20,17660,买盘
761,14:01:49,8.83,-0.01,228,201324,卖盘
762,14:01:43,8.84,--,45,39780,卖盘
763,14:01:40,8.84,--,54,47736,卖盘
764,14:01:37,8.84,--,115,101660,买盘
765,14:01:34,8.84,--,55,48620,买盘
766,14:01:28,8.84,0.01,93,82212,买盘
767,14:01:25,8.83,--,7,6181,卖盘
768,14:01:19,8.83,-0.01,30,26490,卖盘
769,14:01:16,8.84,--,21,18564,卖盘
770,14:01:13,8.84,--,3,2652,卖盘
771,14:01:10,8.84,0.01,1090,963560,买盘
772,14:01:07,8.83,0.01,18,15894,买盘
773,14:01:04,8.82,-0.01,60,52920,卖盘
774,14:01:01,8.83,0.01,100,88300,买盘
775,14:00:58,8.82,-0.01,7,6174,卖盘
776,14:00:52,8.83,--,1,883,买盘
777,14:00:49,8.83,0.01,1,883,买盘
778,14:00:46,8.82,-0.01,2,1764,卖盘
779,14:00:43,8.83,--,18,15894,卖盘
780,14:00:36,8.83,-0.01,303,267549,卖盘
781,14:00:27,8.84,-0.01,103,91052,卖盘
782,14:00:24,8.85,0.01,2,1770,买盘
783,14:00:21,8.84,-0.01,530,468520,卖盘
784,14:00:18,8.85,0.01,55,48675,买盘
785,14:00:15,8.84,-0.01,31,27404,卖盘
786,14:00:12,8.85,--,30,26550,买盘
787,14:00:06,8.85,--,108,95580,买盘
788,14:00:00,8.85,--,6,5310,买盘
789,13:59:54,8.85,--,103,91155,买盘
790,13:59:45,8.85,--,30,26550,买盘
791,13:59:42,8.85,--,75,66375,卖盘
792,13:59:39,8.85,-0.01,10,8850,卖盘
793,13:59:36,8.86,0.01,68,60247,买盘
794,13:59:33,8.85,-0.01,140,124678,卖盘
795,13:59:27,8.86,0.01,78,69108,买盘
796,13:59:24,8.85,-0.01,215,190275,卖盘
797,13:59:21,8.86,0.01,71,62905,买盘
798,13:59:18,8.85,--,150,132750,卖盘
799,13:59:15,8.85,-0.01,225,199231,卖盘
800,13:59:09,8.86,--,283,250737,买盘
801,13:59:06,8.86,--,173,153278,买盘
802,13:59:00,8.86,--,253,224158,卖盘
803,13:58:54,8.86,--,79,69994,卖盘
804,13:58:51,8.86,--,272,240991,买盘
805,13:58:48,8.86,-0.01,58,51388,卖盘
806,13:58:45,8.87,--,80,70960,买盘
807,13:58:42,8.87,--,150,133050,买盘
808,13:58:39,8.87,0.01,195,172964,买盘
809,13:58:36,8.86,-0.01,34,30123,卖盘
810,13:58:30,8.87,--,475,421324,买盘
811,13:58:27,8.87,0.01,47,41688,买盘
812,13:58:24,8.86,-0.01,44,38984,中性盘
813,13:58:21,8.87,--,30,26609,买盘
814,13:58:18,8.87,--,407,361008,买盘
815,13:58:15,8.87,0.01,307,272309,买盘
816,13:58:12,8.86,-0.02,328,290608,卖盘
817,13:58:09,8.88,0.01,430,381840,买盘
818,13:58:06,8.87,-0.01,124,109987,买盘
819,13:58:03,8.88,0.02,417,370296,买盘
820,13:58:00,8.86,-0.01,254,225044,卖盘
821,13:57:57,8.87,--,511,453256,买盘
822,13:57:51,8.87,-0.01,3793,3364390,卖盘
823,13:57:45,8.88,--,363,322344,买盘
824,13:57:42,8.88,--,282,250416,买盘
825,13:57:39,8.88,--,130,115440,买盘
826,13:57:36,8.88,--,1290,1145520,买盘
827,13:57:33,8.88,--,404,358752,买盘
828,13:57:30,8.88,-0.02,1109,984792,中性盘
829,13:57:27,8.9,0.02,343,305270,买盘
830,13:57:24,8.88,--,235,208680,买盘
831,13:57:21,8.88,-0.02,25,22200,卖盘
832,13:57:18,8.9,0.02,1813,1613570,买盘
833,13:57:15,8.88,0.03,1326,1177488,买盘
834,13:57:12,8.85,--,1557,1377945,买盘
835,13:57:09,8.85,0.02,6591,5833035,买盘
836,13:57:06,8.83,--,681,601323,卖盘
837,13:57:03,8.83,--,805,710815,卖盘
838,13:57:00,8.83,-0.01,392,346136,中性盘
839,13:56:57,8.84,0.02,887,784108,买盘
840,13:56:54,8.82,--,23,20286,卖盘
841,13:56:51,8.82,--,481,424242,买盘
842,13:56:45,8.82,--,155,136710,买盘
843,13:56:42,8.82,--,100,88200,买盘
844,13:56:39,8.82,0.02,193,170226,买盘
845,13:56:36,8.8,--,910,801081,买盘
846,13:56:33,8.8,0.01,242,213804,买盘
847,13:56:30,8.79,-0.01,30,26369,中性盘
848,13:56:27,8.8,0.02,584,513920,买盘
849,13:56:24,8.78,-0.01,105,92225,卖盘
850,13:56:21,8.79,--,200,175799,买盘
851,13:56:18,8.79,--,698,614385,买盘
852,13:56:15,8.79,--,115,101120,买盘
853,13:56:12,8.79,0.01,636,559887,买盘
854,13:56:09,8.78,--,500,438999,买盘
855,13:56:06,8.78,--,445,390745,买盘
856,13:56:03,8.78,0.01,60,52679,买盘
857,13:55:54,8.77,--,104,92049,买盘
858,13:55:51,8.77,--,84,73668,买盘
859,13:55:48,8.77,--,50,43850,买盘
860,13:55:45,8.77,--,20,17540,买盘
861,13:55:36,8.77,--,9,7928,卖盘
862,13:55:33,8.77,--,90,79771,买盘
863,13:55:30,8.77,0.01,23,20206,买盘
864,13:55:27,8.76,-0.01,20,17520,卖盘
865,13:55:24,8.77,0.01,12,11365,买盘
866,13:55:21,8.76,-0.01,65,56975,卖盘
867,13:55:12,8.77,--,10,8770,买盘
868,13:55:06,8.77,0.01,6,6103,买盘
869,13:55:03,8.76,--,58,50808,卖盘
870,13:54:54,8.76,-0.01,5,4415,卖盘
871,13:54:51,8.77,0.01,46,40342,买盘
872,13:54:48,8.76,--,48,42888,买盘
873,13:54:45,8.76,0.01,6,5256,买盘
874,13:54:39,8.75,-0.01,22,19250,卖盘
875,13:54:36,8.76,-0.01,100,87600,卖盘
876,13:54:27,8.77,0.01,114,99978,买盘
877,13:54:18,8.76,--,72,63072,卖盘
878,13:54:15,8.76,0.01,568,497568,中性盘
879,13:54:03,8.75,-0.02,272,238000,卖盘
880,13:54:00,8.77,--,24,21048,买盘
881,13:53:57,8.77,--,11,9682,买盘
882,13:53:54,8.77,--,362,318315,买盘
883,13:53:51,8.77,-0.01,66,57882,卖盘
884,13:53:48,8.78,0.01,22,19316,买盘
885,13:53:45,8.77,--,166,145582,卖盘
886,13:53:39,8.77,-0.01,8,7016,卖盘
887,13:53:36,8.78,0.01,142,124675,买盘
888,13:53:33,8.77,--,8,7016,卖盘
889,13:53:30,8.77,-0.01,10,8770,卖盘
890,13:53:27,8.78,--,20,17560,买盘
891,13:53:18,8.78,--,40,35120,买盘
892,13:53:12,8.78,--,500,438999,卖盘
893,13:53:06,8.78,--,151,132613,卖盘
894,13:53:03,8.78,--,492,432818,卖盘
895,13:52:57,8.78,--,86,75508,卖盘
896,13:52:54,8.78,--,37,32521,卖盘
897,13:52:51,8.78,--,36,32450,卖盘
898,13:52:45,8.78,-0.01,122,107115,卖盘
899,13:52:42,8.79,0.01,444,390275,买盘
900,13:52:39,8.78,--,79,69397,卖盘
901,13:52:36,8.78,-0.01,6,5268,卖盘
902,13:52:33,8.79,--,156,137967,买盘
903,13:52:30,8.79,0.01,245,215390,买盘
904,13:52:24,8.78,-0.01,328,287984,卖盘
905,13:52:21,8.79,--,84,74679,买盘
906,13:52:18,8.79,--,774,680345,买盘
907,13:52:12,8.79,--,809,711146,买盘
908,13:52:09,8.79,--,10,8790,买盘
909,13:52:06,8.79,--,56,50067,买盘
910,13:52:03,8.79,--,32,28127,买盘
911,13:52:00,8.79,0.01,347,305048,买盘
912,13:51:51,8.78,-0.01,20,18402,卖盘
913,13:51:45,8.79,--,30,26369,买盘
914,13:51:42,8.79,0.01,3742,3289217,买盘
915,13:51:39,8.78,--,25,21985,买盘
916,13:51:36,8.78,--,4,3511,买盘
917,13:51:33,8.78,0.01,10,8780,买盘
918,13:51:30,8.77,-0.01,4,4349,卖盘
919,13:51:27,8.78,0.01,44,38632,买盘
920,13:51:18,8.77,--,1,912,卖盘
921,13:51:15,8.77,-0.01,8,7016,卖盘
922,13:51:12,8.78,-0.01,20,17560,买盘
923,13:51:09,8.79,0.02,458,402581,买盘
924,13:51:03,8.77,--,50,43850,买盘
925,13:50:57,8.77,-0.01,83,73527,卖盘
926,13:50:54,8.78,--,30,26339,卖盘
927,13:50:51,8.78,0.01,1369,1202087,买盘
928,13:50:48,8.77,--,1,912,卖盘
929,13:50:45,8.77,--,30,27151,买盘
930,13:50:42,8.77,--,19,16698,买盘
931,13:50:39,8.77,-0.01,34,30659,买盘
932,13:50:36,8.78,0.01,15,13205,买盘
933,13:50:33,8.77,--,88,77176,卖盘
934,13:50:30,8.77,-0.01,42,37675,卖盘
935,13:50:27,8.78,--,59,51837,买盘
936,13:50:18,8.78,0.01,28,25426,买盘
937,13:50:15,8.77,--,358,313966,中性盘
938,13:50:12,8.77,--,38,33326,买盘
939,13:50:09,8.77,-0.01,707,620810,卖盘
940,13:50:06,8.78,0.01,237,208085,买盘
941,13:50:00,8.77,-0.01,80,70160,卖盘
942,13:49:57,8.78,--,169,148382,买盘
943,13:49:51,8.78,0.01,68,59703,买盘
944,13:49:48,8.77,--,50,43850,卖盘
945,13:49:45,8.77,--,30,26310,卖盘
946,13:49:42,8.77,--,38,33326,卖盘
947,13:49:39,8.77,0.01,461,404437,买盘
948,13:49:36,8.76,--,112,98952,卖盘
949,13:49:33,8.76,-0.01,50,43800,卖盘
950,13:49:30,8.77,--,107,93874,买盘
951,13:49:27,8.77,0.01,264,232369,买盘
952,13:49:24,8.76,--,11,9671,卖盘
953,13:49:21,8.76,-0.01,74,65664,卖盘
954,13:49:18,8.77,--,104,91208,买盘
955,13:49:15,8.77,--,10,8770,买盘
956,13:49:09,8.77,--,10,8770,买盘
957,13:49:06,8.77,-0.01,230,201710,卖盘
958,13:49:03,8.78,--,102,89556,卖盘
959,13:49:00,8.78,-0.01,158,138724,中性盘
960,13:48:57,8.79,--,85,74750,买盘
961,13:48:54,8.79,--,50,43949,买盘
962,13:48:51,8.79,--,22,20181,买盘
963,13:48:45,8.79,--,64,56255,买盘
964,13:48:42,8.79,-0.01,756,664945,卖盘
965,13:48:39,8.8,--,86,75680,卖盘
966,13:48:36,8.8,--,116,102080,买盘
967,13:48:33,8.8,0.01,329,289520,买盘
968,13:48:30,8.79,-0.01,1935,1700864,卖盘
969,13:48:27,8.8,--,30,26400,买盘
970,13:48:21,8.8,0.01,187,164560,买盘
971,13:48:18,8.79,--,153,134979,买盘
972,13:48:15,8.79,--,674,592446,买盘
973,13:48:12,8.79,--,20,17580,买盘
974,13:48:03,8.79,0.06,30,26369,买盘
975,13:48:00,8.73,--,4079,3561822,卖盘
976,13:47:57,8.73,--,48,41904,买盘
977,13:47:54,8.73,--,331,288963,买盘
978,13:47:48,8.73,--,42,36666,买盘
979,13:47:45,8.73,--,1,873,买盘
980,13:47:42,8.73,0.03,21,18333,买盘
981,13:47:24,8.7,--,129,112229,卖盘
982,13:47:21,8.7,0.02,8093,7041049,买盘
983,13:47:18,8.68,-0.01,357,309876,卖盘
984,13:47:15,8.69,--,7,6083,买盘
985,13:47:12,8.69,--,272,236368,卖盘
986,13:47:09,8.69,--,5,4345,卖盘
987,13:47:06,8.69,--,212,184228,卖盘
988,13:47:03,8.69,-0.01,57,49533,卖盘
989,13:47:00,8.7,0.01,60,52199,买盘
990,13:46:57,8.69,-0.01,110,95590,卖盘
991,13:46:48,8.7,--,30,26099,买盘
992,13:46:45,8.7,--,2,1739,买盘
993,13:46:42,8.7,-0.03,1644,1431010,卖盘
994,13:46:36,8.73,--,19,16587,卖盘
995,13:46:33,8.73,-0.01,374,326502,卖盘
996,13:46:27,8.74,0.01,97,84778,买盘
997,13:46:24,8.73,-0.01,109,95157,卖盘
998,13:46:15,8.74,--,40,34960,买盘
999,13:46:12,8.74,0.01,135,117990,买盘
1000,13:46:09,8.73,-0.01,2,1746,卖盘
1001,13:46:06,8.74,--,25,21850,买盘
1002,13:46:00,8.74,--,10,8740,买盘
1003,13:45:57,8.74,--,10,8740,买盘
1004,13:45:54,8.74,--,365,319639,买盘
1005,13:45:48,8.74,0.01,44,38456,买盘
1006,13:45:45,8.73,--,37,32301,卖盘
1007,13:45:36,8.73,--,2,1746,卖盘
1008,13:45:33,8.73,-0.01,531,463563,卖盘
1009,13:45:27,8.74,0.01,121,105754,买盘
1010,13:45:18,8.73,--,30,26190,卖盘
1011,13:45:15,8.73,-0.01,21,18333,卖盘
1012,13:45:12,8.74,0.01,50,43700,买盘
1013,13:45:09,8.73,-0.01,20,17460,卖盘
1014,13:45:06,8.74,--,5,4370,买盘
1015,13:45:00,8.74,--,15,13110,买盘
1016,13:44:54,8.74,-0.01,690,603060,卖盘
1017,13:44:48,8.75,--,28,24500,卖盘
1018,13:44:45,8.75,--,30,26250,卖盘
1019,13:44:42,8.75,--,100,87500,卖盘
1020,13:44:39,8.75,--,218,190750,买盘
1021,13:44:36,8.75,--,2741,2398375,买盘
1022,13:44:33,8.75,--,200,175000,买盘
1023,13:44:30,8.75,--,2,1750,买盘
1024,13:44:27,8.75,--,32,28000,买盘
1025,13:44:24,8.75,--,66,57750,买盘
1026,13:44:21,8.75,--,29,25375,买盘
1027,13:44:18,8.75,--,66,57750,买盘
1028,13:44:15,8.75,--,129,112875,买盘
1029,13:44:09,8.75,--,10,8750,买盘
1030,13:44:03,8.75,--,3,2625,买盘
1031,13:44:00,8.75,--,1,875,买盘
1032,13:43:57,8.75,--,133,116375,买盘
1033,13:43:54,8.75,--,119,104125,卖盘
1034,13:43:48,8.75,--,63,55125,买盘
1035,13:43:45,8.75,--,8,7000,买盘
1036,13:43:42,8.75,-0.01,101,88375,卖盘
1037,13:43:36,8.76,--,346,303096,买盘
1038,13:43:33,8.76,0.01,107,93732,买盘
1039,13:43:30,8.75,--,37,32375,买盘
1040,13:43:27,8.75,--,6,5250,买盘
1041,13:43:24,8.75,-0.01,1,875,中性盘
1042,13:43:18,8.76,0.01,614,537864,买盘
1043,13:43:15,8.75,-0.01,164,143500,卖盘
1044,13:43:12,8.76,0.01,10,8760,买盘
1045,13:43:09,8.75,--,149,130375,卖盘
1046,13:43:00,8.75,--,59,51625,卖盘
1047,13:42:54,8.75,-0.01,19,16625,卖盘
1048,13:42:51,8.76,--,187,163812,买盘
1049,13:42:48,8.76,--,65,56940,买盘
1050,13:42:45,8.76,0.01,158,138408,买盘
1051,13:42:42,8.75,-0.01,15,13125,买盘
1052,13:42:36,8.76,0.02,250,219000,买盘
1053,13:42:33,8.74,-0.02,547,478078,卖盘
1054,13:42:30,8.76,0.01,75,65700,买盘
1055,13:42:24,8.75,--,70,61250,卖盘
1056,13:42:21,8.75,--,33,28875,卖盘
1057,13:42:18,8.75,--,85,74375,卖盘
1058,13:42:15,8.75,-0.01,23,20125,卖盘
1059,13:42:12,8.76,0.01,15,13140,买盘
1060,13:42:09,8.75,-0.01,56,49000,卖盘
1061,13:42:06,8.76,--,87,76212,买盘
1062,13:42:03,8.76,--,170,148920,买盘
1063,13:42:00,8.76,--,28,24528,买盘
1064,13:41:51,8.76,0.01,1149,1006524,买盘
1065,13:41:48,8.75,--,5,4375,买盘
1066,13:41:45,8.75,-0.02,257,224875,卖盘
1067,13:41:42,8.77,0.01,650,570050,买盘
1068,13:41:39,8.76,0.01,50,43800,买盘
1069,13:41:36,8.75,-0.01,14,12250,卖盘
1070,13:41:33,8.76,--,76,66576,买盘
1071,13:41:30,8.76,--,195,171363,买盘
1072,13:41:27,8.76,0.01,200,175200,买盘
1073,13:41:21,8.75,--,232,203000,卖盘
1074,13:41:18,8.75,--,26,22750,卖盘
1075,13:41:15,8.75,--,210,183750,卖盘
1076,13:41:12,8.75,--,554,484855,买盘
1077,13:41:09,8.75,--,149,130375,买盘
1078,13:41:03,8.75,--,32,28700,买盘
1079,13:41:00,8.75,--,30,26250,买盘
1080,13:40:57,8.75,--,8,7000,买盘
1081,13:40:54,8.75,--,128,112280,买盘
1082,13:40:48,8.75,--,6,5250,买盘
1083,13:40:42,8.75,0.01,51,44625,买盘
1084,13:40:39,8.74,0.01,263,230281,买盘
1085,13:40:32,8.73,0.01,90,78570,买盘
1086,13:40:29,8.72,-0.03,108,94524,卖盘
1087,13:40:23,8.75,--,60,52500,买盘
1088,13:40:20,8.75,0.02,185,162260,买盘
1089,13:40:17,8.73,--,72,62856,买盘
1090,13:40:14,8.73,--,37,32301,买盘
1091,13:40:11,8.73,--,63,55068,买盘
1092,13:40:08,8.73,--,278,242694,买盘
1093,13:40:05,8.73,--,2,1746,买盘
1094,13:40:02,8.73,--,186,162727,卖盘
1095,13:39:59,8.73,--,137,120124,卖盘
1096,13:39:56,8.73,-0.02,16,13968,卖盘
1097,13:39:53,8.75,0.02,30,26250,买盘
1098,13:39:50,8.73,--,50,43650,买盘
1099,13:39:47,8.73,--,30,26539,卖盘
1100,13:39:44,8.73,-0.02,2,1746,卖盘
1101,13:39:41,8.75,0.02,189,165900,买盘
1102,13:39:38,8.73,-0.02,18,15714,卖盘
1103,13:39:32,8.75,--,129,113137,卖盘
1104,13:39:26,8.75,-0.01,37,32375,卖盘
1105,13:39:23,8.76,0.01,192,168192,买盘
1106,13:39:17,8.75,-0.01,72,63612,卖盘
1107,13:39:11,8.76,0.01,34,29784,买盘
1108,13:39:08,8.75,-0.01,10,8750,卖盘
1109,13:39:05,8.76,--,28,24773,卖盘
1110,13:39:02,8.76,--,170,148920,卖盘
1111,13:38:59,8.76,--,428,375558,卖盘
1112,13:38:56,8.76,--,325,284700,卖盘
1113,13:38:53,8.76,-0.01,1409,1234284,卖盘
1114,13:38:50,8.77,0.01,294,257838,买盘
1115,13:38:44,8.76,-0.01,165,144540,卖盘
1116,13:38:41,8.77,--,176,154352,买盘
1117,13:38:38,8.77,-0.01,1327,1164515,卖盘
1118,13:38:32,8.78,--,6,5268,买盘
1119,13:38:26,8.78,-0.01,730,641115,卖盘
1120,13:38:23,8.79,0.01,197,173162,买盘
1121,13:38:20,8.78,-0.01,54,47412,卖盘
1122,13:38:17,8.79,--,201,176678,买盘
1123,13:38:14,8.79,-0.01,163,143277,卖盘
1124,13:38:11,8.8,--,142,124960,买盘
1125,13:38:08,8.8,0.02,517,455664,买盘
1126,13:38:05,8.78,--,266,233547,卖盘
1127,13:38:02,8.78,-0.01,425,373150,卖盘
1128,13:37:59,8.79,--,178,156461,卖盘
1129,13:37:56,8.79,--,142,124817,买盘
1130,13:37:53,8.79,-0.01,196,172283,卖盘
1131,13:37:50,8.8,0.03,353,310640,买盘
1132,13:37:47,8.77,-0.02,485,426134,卖盘
1133,13:37:44,8.79,0.02,232,203927,买盘
1134,13:37:38,8.77,--,240,210480,卖盘
1135,13:37:35,8.77,--,22,19294,卖盘
1136,13:37:32,8.77,--,136,119272,卖盘
1137,13:37:29,8.77,0.01,355,311808,卖盘
1138,13:37:26,8.76,--,289,253339,卖盘
1139,13:37:23,8.76,--,25,21900,卖盘
1140,13:37:17,8.76,--,411,360491,卖盘
1141,13:37:14,8.76,-0.01,40,35040,卖盘
1142,13:37:11,8.77,--,107,93839,买盘
1143,13:37:08,8.77,0.01,178,156106,买盘
1144,13:37:05,8.76,-0.01,32,28032,中性盘
1145,13:37:02,8.77,--,71,62863,买盘
1146,13:36:59,8.77,0.01,1,877,买盘
1147,13:36:56,8.76,-0.01,88,77368,卖盘
1148,13:36:53,8.77,-0.01,94,82438,买盘
1149,13:36:50,8.78,--,53,46534,买盘
1150,13:36:47,8.78,--,132,115895,卖盘
1151,13:36:44,8.78,-0.02,36,31607,卖盘
1152,13:36:41,8.8,0.01,93,81840,买盘
1153,13:36:38,8.79,--,85,74715,买盘
1154,13:36:35,8.79,-0.03,496,435983,卖盘
1155,13:36:32,8.82,0.01,279,246078,买盘
1156,13:36:29,8.81,--,383,337423,卖盘
1157,13:36:26,8.81,-0.02,741,652821,卖盘
1158,13:36:23,8.83,--,696,614568,买盘
1159,13:36:20,8.83,0.02,199,175717,买盘
1160,13:36:17,8.81,-0.02,635,559435,卖盘
1161,13:36:14,8.83,--,241,212803,买盘
1162,13:36:08,8.83,0.02,435,384105,买盘
1163,13:36:02,8.81,-0.02,207,182367,卖盘
1164,13:35:59,8.83,0.05,1346,1188518,买盘
1165,13:35:56,8.78,--,2712,2381136,卖盘
1166,13:35:53,8.78,-0.01,445,390710,卖盘
1167,13:35:50,8.79,--,147,129212,买盘
1168,13:35:47,8.79,0.01,1875,1648124,买盘
1169,13:35:44,8.78,--,806,707668,买盘
1170,13:35:41,8.78,--,20,17560,买盘
1171,13:35:38,8.78,0.05,42,36876,买盘
1172,13:35:35,8.73,--,4372,3816756,卖盘
1173,13:35:32,8.73,0.01,1101,961173,买盘
1174,13:35:29,8.72,0.01,1406,1226032,买盘
1175,13:35:26,8.71,0.01,2304,2007480,买盘
1176,13:35:23,8.7,0.02,2660,2314200,买盘
1177,13:35:20,8.68,0.01,800,694400,买盘
1178,13:35:17,8.67,--,22,19074,卖盘
1179,13:35:14,8.67,0.01,892,773641,买盘
1180,13:35:11,8.66,--,27,23382,买盘
1181,13:35:05,8.66,-0.01,35,30310,卖盘
1182,13:34:59,8.67,0.03,2,1734,买盘
1183,13:34:53,8.64,-0.01,1299,1122595,卖盘
1184,13:34:47,8.65,0.01,204,177013,买盘
1185,13:34:41,8.64,-0.01,23,19872,卖盘
1186,13:34:35,8.65,--,572,495177,买盘
1187,13:34:32,8.65,0.01,3,2595,买盘
1188,13:34:26,8.64,-0.01,10,9054,卖盘
1189,13:34:23,8.65,0.01,71,61415,买盘
1190,13:34:20,8.64,-0.01,270,233280,卖盘
1191,13:34:14,8.65,0.01,30,25950,买盘
1192,13:34:11,8.64,--,5,4320,卖盘
1193,13:34:02,8.64,--,8,7084,买盘
1194,13:33:59,8.64,-0.01,51,44755,卖盘
1195,13:33:56,8.65,-0.01,266,230090,卖盘
1196,13:33:50,8.66,0.01,105,90930,买盘
1197,13:33:47,8.65,--,47,41329,卖盘
1198,13:33:38,8.65,0.01,1635,1414638,买盘
1199,13:33:35,8.64,0.01,7,6048,买盘
1200,13:33:32,8.63,-0.01,76,66364,卖盘
1201,13:33:29,8.64,0.01,12,10368,买盘
1202,13:33:26,8.63,-0.01,61,52643,卖盘
1203,13:33:23,8.64,0.01,175,151770,买盘
1204,13:33:20,8.63,--,3,2589,卖盘
1205,13:33:14,8.63,--,178,154407,卖盘
1206,13:33:11,8.63,--,20,17260,卖盘
1207,13:33:08,8.63,--,40,34520,卖盘
1208,13:33:02,8.63,-0.02,116,100694,卖盘
1209,13:32:56,8.65,0.02,3,2595,买盘
1210,13:32:53,8.63,--,324,280405,卖盘
1211,13:32:50,8.63,--,64,55232,卖盘
1212,13:32:41,8.63,-0.01,40,34692,卖盘
1213,13:32:35,8.64,0.01,773,667872,买盘
1214,13:32:32,8.63,-0.01,85,73389,卖盘
1215,13:32:29,8.64,0.01,31,26784,买盘
1216,13:32:26,8.63,-0.01,18,15534,卖盘
1217,13:32:23,8.64,0.01,136,118195,买盘
1218,13:32:11,8.63,-0.01,72,62136,卖盘
1219,13:32:08,8.64,--,10,8640,买盘
1220,13:32:05,8.64,-0.01,67,58164,卖盘
1221,13:32:02,8.65,0.01,149,129732,买盘
1222,13:31:59,8.64,--,90,77760,卖盘
1223,13:31:53,8.64,--,109,94780,卖盘
1224,13:31:50,8.64,--,51,44064,卖盘
1225,13:31:47,8.64,0.01,90,77760,买盘
1226,13:31:44,8.63,-0.02,135,117298,卖盘
1227,13:31:41,8.65,0.02,100,86500,买盘
1228,13:31:38,8.63,-0.01,9,7767,卖盘
1229,13:31:32,8.64,--,54,46707,卖盘
1230,13:31:29,8.64,--,291,251424,卖盘
1231,13:31:26,8.64,--,108,93312,卖盘
1232,13:31:23,8.64,--,59,50976,卖盘
1233,13:31:20,8.64,--,19,17193,卖盘
1234,13:31:17,8.64,--,12,10368,卖盘
1235,13:31:14,8.64,-0.01,48,41472,卖盘
1236,13:31:08,8.65,0.01,33,28545,中性盘
1237,13:30:59,8.64,-0.02,279,241401,卖盘
1238,13:30:50,8.66,--,315,273569,卖盘
1239,13:30:47,8.66,--,20,17320,卖盘
1240,13:30:44,8.66,--,262,227498,买盘
1241,13:30:41,8.66,0.02,5,4330,买盘
1242,13:30:38,8.64,--,96,82978,买盘
1243,13:30:35,8.64,-0.01,269,233245,卖盘
1244,13:30:32,8.65,-0.01,9,7785,卖盘
1245,13:30:23,8.66,0.02,15,13024,买盘
1246,13:30:20,8.64,-0.02,15,12960,卖盘
1247,13:30:11,8.66,0.03,5,4330,买盘
1248,13:30:08,8.63,-0.03,45,38938,卖盘
1249,13:30:02,8.66,0.03,26,22516,买盘
1250,13:29:59,8.63,--,108,93497,卖盘
1251,13:29:53,8.63,-0.04,16,13808,卖盘
1252,13:29:50,8.67,0.04,202,175134,买盘
1253,13:29:47,8.63,0.01,150,129450,卖盘
1254,13:29:41,8.62,-0.05,9,7913,卖盘
1255,13:29:38,8.67,0.04,1000,867000,买盘
1256,13:29:35,8.63,--,20,17260,买盘
1257,13:29:23,8.63,--,30,26390,卖盘
1258,13:29:20,8.63,--,7,6403,卖盘
1259,13:29:11,8.63,--,1,863,买盘
1260,13:29:08,8.63,0.01,24,21333,买盘
1261,13:28:59,8.62,0.01,22,19343,买盘
1262,13:28:47,8.61,-0.01,34,30066,卖盘
1263,13:28:44,8.62,--,2,1723,买盘
1264,13:28:41,8.62,--,103,89165,卖盘
1265,13:28:35,8.62,--,5,4310,卖盘
1266,13:28:32,8.62,--,8,6895,卖盘
1267,13:28:29,8.62,-0.03,52,45306,卖盘
1268,13:28:23,8.65,0.04,300,259500,买盘
1269,13:28:20,8.61,--,5,4528,卖盘
1270,13:28:17,8.61,--,20,17220,卖盘
1271,13:28:05,8.61,--,11,9901,卖盘
1272,13:28:02,8.61,--,6,5166,卖盘
1273,13:27:56,8.61,--,38,33062,卖盘
1274,13:27:47,8.61,--,47,41293,卖盘
1275,13:27:41,8.61,--,96,83120,卖盘
1276,13:27:32,8.61,--,60,51660,卖盘
1277,13:27:29,8.61,--,1,1033,卖盘
1278,13:27:23,8.61,--,38,32717,卖盘
1279,13:27:20,8.61,--,19,16565,买盘
1280,13:27:17,8.61,-0.01,4,3444,卖盘
1281,13:27:08,8.62,-0.01,57,49547,卖盘
1282,13:27:02,8.63,0.01,20,17260,买盘
1283,13:26:56,8.62,0.02,420,362488,中性盘
1284,13:26:50,8.6,-0.03,1500,1290000,卖盘
1285,13:26:41,8.63,--,8,7231,卖盘
1286,13:26:38,8.63,--,3,2589,卖盘
1287,13:26:35,8.63,--,9,7905,卖盘
1288,13:26:26,8.63,0.01,30,26286,中性盘
1289,13:26:17,8.62,--,101,87561,卖盘
1290,13:26:11,8.62,-0.03,38,33273,卖盘
1291,13:25:59,8.65,0.03,300,259500,买盘
1292,13:25:56,8.62,0.01,61,52823,买盘
1293,13:25:53,8.61,--,4,3444,卖盘
1294,13:25:47,8.61,-0.01,1,861,卖盘
1295,13:25:44,8.62,--,36,31031,卖盘
1296,13:25:41,8.62,0.01,4,3447,卖盘
1297,13:25:35,8.61,-0.04,200,172200,卖盘
1298,13:25:29,8.65,0.04,2000,1730000,买盘
1299,13:25:26,8.61,-0.01,9,8317,卖盘
1300,13:25:23,8.62,--,2,1723,买盘
1301,13:25:17,8.62,--,32,27739,买盘
1302,13:25:08,8.62,0.01,10,8620,买盘
1303,13:25:05,8.61,-0.01,20,17719,卖盘
1304,13:24:59,8.62,--,15,12929,买盘
1305,13:24:50,8.62,--,46,40462,卖盘
1306,13:24:47,8.62,-0.02,94,81717,卖盘
1307,13:24:35,8.64,0.02,309,267217,买盘
1308,13:24:23,8.62,-0.01,30,26704,卖盘
1309,13:24:14,8.63,--,15,12945,买盘
1310,13:24:11,8.63,--,30,26666,卖盘
1311,13:24:08,8.63,--,54,46602,卖盘
1312,13:24:05,8.63,--,3,2899,卖盘
1313,13:23:56,8.63,--,11,9631,卖盘
1314,13:23:44,8.63,--,1,863,卖盘
1315,13:23:35,8.63,--,29,25527,卖盘
1316,13:23:23,8.63,0.02,98,85074,买盘
1317,13:23:14,8.61,--,55,47768,卖盘
1318,13:23:11,8.61,--,19,16996,买盘
1319,13:23:05,8.61,--,60,51660,买盘
1320,13:23:02,8.61,-0.02,85,73185,卖盘
1321,13:22:59,8.63,--,35,30205,卖盘
1322,13:22:56,8.63,-0.01,49,42407,中性盘
1323,13:22:50,8.64,0.02,500,432000,买盘
1324,13:22:47,8.62,0.01,5,4310,中性盘
1325,13:22:44,8.61,-0.01,131,112842,卖盘
1326,13:22:41,8.62,0.01,4,3447,中性盘
1327,13:22:35,8.61,--,12,10332,卖盘
1328,13:22:32,8.61,-0.01,432,372658,卖盘
1329,13:22:29,8.62,--,1,861,卖盘
1330,13:22:26,8.62,0.01,3,2672,买盘
1331,13:22:20,8.61,-0.01,9,8076,卖盘
1332,13:22:08,8.62,--,27,24032,卖盘
1333,13:22:05,8.62,0.01,23,19929,买盘
1334,13:22:02,8.61,-0.01,50,43239,卖盘
1335,13:21:53,8.62,0.01,12,10343,买盘
1336,13:21:50,8.61,-0.01,119,102820,卖盘
1337,13:21:47,8.62,--,28,24135,买盘
1338,13:21:44,8.62,0.01,8,6895,买盘
1339,13:21:41,8.61,-0.01,207,178278,卖盘
1340,13:21:38,8.62,--,191,164641,买盘
1341,13:21:29,8.62,-0.01,574,495598,卖盘
1342,13:21:26,8.63,0.01,7,6041,买盘
1343,13:21:23,8.62,-0.01,12,11154,卖盘
1344,13:21:20,8.63,0.01,2,1726,买盘
1345,13:21:11,8.62,--,7,6137,卖盘
1346,13:21:08,8.62,0.01,36,31031,买盘
1347,13:20:59,8.61,-0.01,13,11830,卖盘
1348,13:20:56,8.62,0.01,10,8620,买盘
1349,13:20:50,8.61,-0.01,42,36868,卖盘
1350,13:20:47,8.62,-0.01,3,2585,中性盘
1351,13:20:41,8.63,0.01,69,59892,买盘
1352,13:20:32,8.62,-0.01,6,5689,中性盘
1353,13:20:23,8.63,--,202,174999,买盘
1354,13:20:17,8.63,0.02,22,18986,买盘
1355,13:20:11,8.61,-0.01,36,31392,卖盘
1356,13:20:08,8.62,--,3,2585,买盘
1357,13:20:02,8.62,--,576,496977,卖盘
1358,13:19:59,8.62,-0.01,121,104715,卖盘
1359,13:19:50,8.63,--,103,88889,卖盘
1360,13:19:47,8.63,-0.01,300,258900,卖盘
1361,13:19:44,8.64,--,2,1728,买盘
1362,13:19:37,8.64,--,347,299980,卖盘
1363,13:19:28,8.64,--,60,52600,卖盘
1364,13:19:22,8.64,--,2,1728,卖盘
1365,13:19:19,8.64,-0.01,27,24122,卖盘
1366,13:19:16,8.65,0.01,133,115045,买盘
1367,13:19:10,8.64,--,5,4959,卖盘
1368,13:19:07,8.64,-0.01,42,36288,卖盘
1369,13:19:04,8.65,0.01,32,27680,买盘
1370,13:19:01,8.64,-0.01,19,16536,卖盘
1371,13:18:49,8.65,0.01,47,40655,买盘
1372,13:18:46,8.64,-0.01,16,14515,卖盘
1373,13:18:40,8.65,0.01,2,1730,买盘
1374,13:18:37,8.64,-0.01,22,19681,卖盘
1375,13:18:31,8.65,--,31,27022,卖盘
1376,13:18:28,8.65,--,6,5190,卖盘
1377,13:18:25,8.65,--,53,45845,卖盘
1378,13:18:19,8.65,--,16,14635,卖盘
1379,13:18:16,8.65,--,20,17300,卖盘
1380,13:18:10,8.65,-0.01,4,4186,卖盘
1381,13:18:07,8.66,--,9,7794,买盘
1382,13:18:01,8.66,--,42,36856,卖盘
1383,13:17:58,8.66,-0.01,11,9647,卖盘
1384,13:17:52,8.67,0.01,5,4335,买盘
1385,13:17:46,8.66,--,37,32180,卖盘
1386,13:17:37,8.66,--,24,20905,卖盘
1387,13:17:34,8.66,--,10,8660,卖盘
1388,13:17:31,8.66,0.01,23,19918,卖盘
1389,13:17:28,8.65,-0.01,64,55792,卖盘
1390,13:17:25,8.66,--,16,13856,买盘
1391,13:17:16,8.66,0.01,195,168870,卖盘
1392,13:17:10,8.65,-0.02,20,17300,卖盘
1393,13:17:07,8.67,0.01,732,635042,买盘
1394,13:17:01,8.66,-0.01,4,4312,卖盘
1395,13:16:58,8.67,0.01,74,64158,买盘
1396,13:16:55,8.66,--,18,16003,卖盘
1397,13:16:49,8.66,--,20,17320,卖盘
1398,13:16:46,8.66,--,11,10010,卖盘
1399,13:16:37,8.66,-0.01,50,43300,卖盘
1400,13:16:34,8.67,0.01,37,32599,买盘
1401,13:16:31,8.66,--,1,866,卖盘
1402,13:16:25,8.66,--,69,60550,卖盘
1403,13:16:22,8.66,-0.02,2,1732,卖盘
1404,13:16:19,8.68,0.01,117,101642,买盘
1405,13:16:13,8.67,--,30,26010,买盘
1406,13:16:10,8.67,--,7,6069,买盘
1407,13:16:07,8.67,-0.01,98,85815,卖盘
1408,13:16:01,8.68,--,7,6076,买盘
1409,13:15:58,8.68,0.01,2,1736,买盘
1410,13:15:55,8.67,0.02,35,30362,卖盘
1411,13:15:49,8.65,--,6,6020,买盘
1412,13:15:46,8.65,--,71,61968,卖盘
1413,13:15:40,8.65,-0.03,43,37506,卖盘
1414,13:15:34,8.68,--,120,104160,买盘
1415,13:15:31,8.68,0.04,72,62496,买盘
1416,13:15:22,8.64,-0.04,81,70450,卖盘
1417,13:15:19,8.68,0.04,53,46004,买盘
1418,13:15:16,8.64,-0.04,164,142128,卖盘
1419,13:15:10,8.68,0.03,556,482608,买盘
1420,13:15:04,8.65,--,216,186840,中性盘
1421,13:14:58,8.65,0.01,10,8650,买盘
1422,13:14:55,8.64,-0.04,177,153360,卖盘
1423,13:14:49,8.68,0.02,1009,875812,买盘
1424,13:14:46,8.66,0.03,500,433000,买盘
1425,13:14:43,8.63,-0.02,70,61203,卖盘
1426,13:14:40,8.65,--,3,2595,卖盘
1427,13:14:37,8.65,0.02,17,15397,买盘
1428,13:14:34,8.63,--,179,154494,卖盘
1429,13:14:25,8.63,--,93,80604,卖盘
1430,13:14:13,8.63,-0.02,211,182386,卖盘
1431,13:14:07,8.65,0.02,100,86500,买盘
1432,13:14:04,8.63,-0.02,52,45307,卖盘
1433,13:14:01,8.65,--,52,44980,买盘
1434,13:13:58,8.65,--,6,5190,买盘
1435,13:13:55,8.65,--,5,4325,买盘
1436,13:13:52,8.65,--,66,57937,卖盘
1437,13:13:49,8.65,--,70,60550,卖盘
1438,13:13:46,8.65,--,27,23355,卖盘
1439,13:13:43,8.65,--,102,88714,卖盘
1440,13:13:40,8.65,--,10,8650,卖盘
1441,13:13:37,8.65,--,200,173000,卖盘
1442,13:13:31,8.65,--,8,6920,卖盘
1443,13:13:28,8.65,0.03,112,97277,买盘
1444,13:13:25,8.62,-0.03,21,18498,卖盘
1445,13:13:22,8.65,--,709,613285,买盘
1446,13:13:10,8.65,0.02,12,10380,买盘
1447,13:13:07,8.63,-0.01,9,8250,卖盘
1448,13:13:04,8.64,--,50,43200,卖盘
1449,13:13:01,8.64,--,3,2833,卖盘
1450,13:12:58,8.64,0.02,742,641226,买盘
1451,13:12:52,8.62,-0.01,10,9447,卖盘
1452,13:12:43,8.63,0.01,36,31447,买盘
1453,13:12:31,8.62,--,118,101853,卖盘
1454,13:12:25,8.62,0.02,257,222361,买盘
1455,13:12:22,8.6,-0.01,130,112625,卖盘
1456,13:12:19,8.61,0.01,5,4305,买盘
1457,13:12:13,8.6,-0.01,3,2752,卖盘
1458,13:12:07,8.61,0.01,200,172200,买盘
1459,13:12:01,8.6,--,10,9150,卖盘
1460,13:11:49,8.6,--,35,30581,卖盘
1461,13:11:40,8.6,-0.01,82,70967,卖盘
1462,13:11:37,8.61,0.01,6,5166,买盘
1463,13:11:34,8.6,--,10,8600,卖盘
1464,13:11:31,8.6,-0.01,75,64500,卖盘
1465,13:11:25,8.61,--,200,172200,买盘
1466,13:11:22,8.61,--,5,4305,买盘
1467,13:11:19,8.61,--,17,14636,买盘
1468,13:11:16,8.61,--,228,196342,卖盘
1469,13:11:13,8.61,-0.01,727,626653,卖盘
1470,13:11:07,8.62,--,9,7757,买盘
1471,13:11:04,8.62,0.01,7,6033,买盘
1472,13:11:01,8.61,-0.01,92,79831,卖盘
1473,13:10:52,8.62,0.01,200,172399,买盘
1474,13:10:49,8.61,--,9,7817,卖盘
1475,13:10:40,8.61,-0.01,26,22609,卖盘
1476,13:10:37,8.62,0.01,4,3447,买盘
1477,13:10:31,8.61,--,26,22386,卖盘
1478,13:10:28,8.61,-0.01,61,52934,卖盘
1479,13:10:22,8.62,--,100,86199,买盘
1480,13:10:19,8.62,--,66,56891,买盘
1481,13:10:16,8.62,0.01,39,33618,买盘
1482,13:10:10,8.61,-0.01,33,28688,卖盘
1483,13:10:01,8.62,--,51,43961,买盘
1484,13:09:55,8.62,--,60,51719,卖盘
1485,13:09:52,8.62,--,20,17240,卖盘
1486,13:09:49,8.62,-0.01,3,3189,卖盘
1487,13:09:43,8.63,0.01,15,12945,买盘
1488,13:09:40,8.62,--,30,25859,卖盘
1489,13:09:37,8.62,--,8,7154,卖盘
1490,13:09:34,8.62,0.01,4,3447,中性盘
1491,13:09:28,8.61,--,16,14327,卖盘
1492,13:09:22,8.61,--,11,9471,卖盘
1493,13:09:19,8.61,-0.01,7,6750,卖盘
1494,13:09:13,8.62,0.01,47,41082,买盘
1495,13:09:10,8.61,-0.01,26,22489,卖盘
1496,13:08:55,8.62,--,67,57805,卖盘
1497,13:08:49,8.62,--,29,25101,卖盘
1498,13:08:40,8.62,-0.01,43,37066,卖盘
1499,13:08:34,8.63,0.01,54,46602,买盘
1500,13:08:28,8.62,--,143,123559,卖盘
1501,13:08:16,8.62,0.01,144,124541,中性盘
1502,13:08:07,8.61,-0.02,1,1377,卖盘
1503,13:08:01,8.63,0.02,460,396980,买盘
1504,13:07:58,8.61,-0.01,5,4597,卖盘
1505,13:07:49,8.62,--,17,15343,卖盘
1506,13:07:37,8.62,--,1,1034,卖盘
1507,13:07:34,8.62,0.01,62,53443,中性盘
1508,13:07:25,8.61,-0.02,3,2600,卖盘
1509,13:07:22,8.63,0.02,1,863,买盘
1510,13:07:16,8.61,0.01,10,8661,中性盘
1511,13:07:07,8.6,-0.01,5,4764,卖盘
1512,13:07:01,8.61,0.01,28,24108,买盘
1513,13:06:58,8.6,-0.01,10,8995,卖盘
1514,13:06:52,8.61,--,8,6888,买盘
1515,13:06:49,8.61,0.01,19,16358,买盘
1516,13:06:46,8.6,-0.01,15,13691,卖盘
1517,13:06:37,8.61,0.01,53,45633,卖盘
1518,13:06:28,8.6,-0.03,269,231340,卖盘
1519,13:06:25,8.63,0.03,395,341230,买盘
1520,13:06:22,8.6,--,47,40420,卖盘
1521,13:06:16,8.6,-0.02,200,172000,卖盘
1522,13:06:13,8.62,--,30,25859,买盘
1523,13:06:07,8.62,0.02,42,36204,买盘
1524,13:06:04,8.6,-0.02,831,714660,卖盘
1525,13:05:58,8.62,--,500,430999,卖盘
1526,13:05:55,8.62,-0.01,86,74735,卖盘
1527,13:05:49,8.63,0.01,17,14671,买盘
1528,13:05:46,8.62,--,272,234463,卖盘
1529,13:05:37,8.62,--,141,122076,买盘
1530,13:05:34,8.62,0.02,1015,874929,买盘
1531,13:05:25,8.6,-0.02,155,133592,卖盘
1532,13:05:22,8.62,0.01,6,5171,买盘
1533,13:05:16,8.61,-0.01,31,26811,卖盘
1534,13:05:04,8.62,--,66,57616,买盘
1535,13:05:01,8.62,--,3,2585,买盘
1536,13:04:58,8.62,0.01,34,29307,买盘
1537,13:04:55,8.61,--,2,2428,卖盘
1538,13:04:49,8.61,--,10,8610,卖盘
1539,13:04:43,8.61,--,9,8058,卖盘
1540,13:04:34,8.61,--,30,26002,买盘
1541,13:04:31,8.61,-0.01,1,861,中性盘
1542,13:04:22,8.62,0.02,32,27583,买盘
1543,13:04:19,8.6,-0.01,2,2046,卖盘
1544,13:04:16,8.61,-0.01,38,32821,卖盘
1545,13:04:10,8.62,0.01,31,27152,买盘
1546,13:04:04,8.61,--,106,91834,卖盘
1547,13:03:58,8.61,-0.01,7,6027,卖盘
1548,13:03:55,8.62,--,6,5171,买盘
1549,13:03:52,8.62,0.01,61,52788,买盘
1550,13:03:43,8.61,0.01,24,20750,中性盘
1551,13:03:31,8.6,-0.02,80,69126,卖盘
1552,13:03:22,8.62,-0.01,207,179192,买盘
1553,13:03:16,8.63,0.02,197,170011,买盘
1554,13:03:13,8.61,-0.02,142,122261,卖盘
1555,13:03:10,8.63,--,4,3452,买盘
1556,13:03:04,8.63,0.01,702,605929,买盘
1557,13:03:01,8.62,--,15,12929,卖盘
1558,13:02:58,8.62,--,69,59477,卖盘
1559,13:02:55,8.62,-0.01,17,15412,卖盘
1560,13:02:49,8.63,--,64,55232,卖盘
1561,13:02:46,8.63,0.03,161,138943,买盘
1562,13:02:40,8.6,-0.02,39,34124,卖盘
1563,13:02:37,8.62,--,20,17240,卖盘
1564,13:02:34,8.62,0.02,70,61115,买盘
1565,13:02:28,8.6,-0.02,38,32680,卖盘
1566,13:02:25,8.62,0.02,145,124989,买盘
1567,13:02:22,8.6,-0.02,78,67080,卖盘
1568,13:02:13,8.62,0.03,503,433585,买盘
1569,13:02:07,8.59,-0.01,30,25770,卖盘
1570,13:02:04,8.6,--,32,27520,买盘
1571,13:02:01,8.6,0.01,3,2580,买盘
1572,13:01:40,8.59,--,354,304189,买盘
1573,13:01:37,8.59,--,62,53258,买盘
1574,13:01:34,8.59,--,80,68720,买盘
1575,13:01:31,8.59,--,54,46386,买盘
1576,13:01:25,8.59,--,250,214750,买盘
1577,13:01:22,8.59,0.01,644,553196,买盘
1578,13:01:16,8.58,-0.01,116,99528,卖盘
1579,13:01:13,8.59,--,633,543747,买盘
1580,13:01:10,8.59,--,57,48963,买盘
1581,13:01:07,8.59,--,10,8590,买盘
1582,13:01:04,8.59,--,19,16321,买盘
1583,13:00:52,8.59,0.01,320,274880,买盘
1584,13:00:49,8.58,--,2,1716,卖盘
1585,13:00:46,8.58,-0.01,2,1716,卖盘
1586,13:00:43,8.59,0.01,10,8590,买盘
1587,13:00:40,8.58,-0.01,36,30888,卖盘
1588,13:00:16,8.59,--,10,8590,买盘
1589,13:00:13,8.59,--,84,72156,买盘
1590,13:00:10,8.59,--,136,116824,买盘
1591,13:00:07,8.59,--,2583,2218797,买盘
1592,13:00:04,8.59,-0.04,5072,4357603,卖盘
1593,11:29:59,8.63,0.01,63,54990,买盘
1594,11:29:53,8.62,--,12,10343,买盘
1595,11:29:50,8.62,--,154,133092,买盘
1596,11:29:44,8.62,--,8,6895,买盘
1597,11:29:38,8.62,-0.01,38,32755,中性盘
1598,11:29:29,8.63,0.03,200,172600,买盘
1599,11:29:26,8.6,--,17,14620,买盘
1600,11:29:17,8.6,0.01,10,8600,买盘
1601,11:29:11,8.59,--,3799,3263804,买盘
1602,11:29:05,8.59,--,3684,3164556,买盘
1603,11:28:59,8.59,--,60,51540,买盘
1604,11:28:56,8.59,--,53,45527,买盘
1605,11:28:47,8.59,--,29,24911,买盘
1606,11:28:44,8.59,0.01,2,1718,买盘
1607,11:28:35,8.58,--,8,6864,卖盘
1608,11:28:32,8.58,--,49,42419,买盘
1609,11:28:29,8.58,--,3,2574,买盘
1610,11:28:26,8.58,--,92,78936,买盘
1611,11:28:23,8.58,--,10,8580,买盘
1612,11:28:17,8.58,--,111,95238,买盘
1613,11:28:14,8.58,--,40,34320,买盘
1614,11:28:11,8.58,--,20,17160,买盘
1615,11:28:08,8.58,--,35,30030,买盘
1616,11:27:59,8.58,--,5,4290,买盘
1617,11:27:56,8.58,--,89,76362,买盘
1618,11:27:53,8.58,0.01,93,79794,买盘
1619,11:27:47,8.57,--,30,25710,卖盘
1620,11:27:44,8.57,-0.01,60,51420,卖盘
1621,11:27:41,8.58,--,99,84942,买盘
1622,11:27:38,8.58,--,31,26598,买盘
1623,11:27:35,8.58,0.01,25,21450,买盘
1624,11:27:29,8.57,-0.01,20,17140,卖盘
1625,11:27:26,8.58,--,28,24024,买盘
1626,11:27:23,8.58,--,99,84942,买盘
1627,11:27:20,8.58,--,57,48906,买盘
1628,11:27:17,8.58,--,94,80652,买盘
1629,11:27:02,8.58,--,14,12012,买盘
1630,11:26:59,8.58,--,78,67404,卖盘
1631,11:26:53,8.58,--,169,145379,买盘
1632,11:26:50,8.58,--,127,108966,买盘
1633,11:26:44,8.58,--,3,2574,买盘
1634,11:26:41,8.58,--,10,8580,买盘
1635,11:26:38,8.58,--,19,16302,买盘
1636,11:26:26,8.58,--,590,506220,买盘
1637,11:26:23,8.58,--,15,12870,买盘
1638,11:26:20,8.58,--,1,858,买盘
1639,11:26:11,8.58,--,102,87996,卖盘
1640,11:26:02,8.58,--,5,4290,卖盘
1641,11:25:56,8.58,--,783,671814,卖盘
1642,11:25:44,8.58,--,50,42900,卖盘
1643,11:25:41,8.58,-0.01,10,8580,卖盘
1644,11:25:38,8.59,0.01,30,25770,买盘
1645,11:25:32,8.58,-0.01,580,497640,卖盘
1646,11:25:26,8.59,0.01,65,55835,买盘
1647,11:25:20,8.58,-0.01,2,1716,卖盘
1648,11:25:08,8.59,--,50,42950,买盘
1649,11:25:05,8.59,0.01,52,44668,买盘
1650,11:25:02,8.58,-0.01,1,858,卖盘
1651,11:24:59,8.59,0.01,148,127132,买盘
1652,11:24:56,8.58,-0.01,78,66924,卖盘
1653,11:24:47,8.59,--,59,50681,买盘
1654,11:24:44,8.59,0.01,148,127132,买盘
1655,11:24:35,8.58,-0.01,100,85800,卖盘
1656,11:24:29,8.59,--,4,3436,买盘
1657,11:24:26,8.59,0.01,17,14603,买盘
1658,11:24:20,8.58,-0.01,12,10296,卖盘
1659,11:24:17,8.59,--,2,1718,买盘
1660,11:24:11,8.59,0.01,27,23193,买盘
1661,11:24:08,8.58,--,20,17160,卖盘
1662,11:24:02,8.58,-0.01,20,17160,卖盘
1663,11:23:59,8.59,0.01,2,1718,买盘
1664,11:23:56,8.58,-0.01,5,4290,卖盘
1665,11:23:53,8.59,0.01,72,61848,买盘
1666,11:23:47,8.58,-0.01,35,30030,卖盘
1667,11:23:44,8.59,--,50,42950,买盘
1668,11:23:38,8.59,0.01,4,3436,买盘
1669,11:23:35,8.58,-0.01,5,4290,卖盘
1670,11:23:29,8.59,--,22,18898,买盘
1671,11:23:26,8.59,0.01,100,85900,买盘
1672,11:23:23,8.58,--,4,3432,卖盘
1673,11:23:05,8.58,--,71,60918,卖盘
1674,11:23:02,8.58,--,298,255684,卖盘
1675,11:22:59,8.58,--,50,42900,卖盘
1676,11:22:50,8.58,-0.01,25,21450,卖盘
1677,11:22:47,8.59,--,221,189839,买盘
1678,11:22:41,8.59,--,5,4295,买盘
1679,11:22:38,8.59,0.01,5,4295,买盘
1680,11:22:35,8.58,-0.01,76,65208,卖盘
1681,11:22:17,8.59,0.01,19,16321,买盘
1682,11:22:11,8.58,-0.01,103,88374,卖盘
1683,11:22:08,8.59,--,2,1718,买盘
1684,11:22:05,8.59,--,2,1718,买盘
1685,11:22:02,8.59,--,2,1718,买盘
1686,11:21:59,8.59,--,2,1718,买盘
1687,11:21:56,8.59,0.01,20,17180,买盘
1688,11:21:53,8.58,-0.01,1,858,卖盘
1689,11:21:50,8.59,--,199,170941,买盘
1690,11:21:47,8.59,--,20,17180,买盘
1691,11:21:44,8.59,--,30,25770,买盘
1692,11:21:29,8.59,0.01,128,109952,买盘
1693,11:21:23,8.58,--,98,84084,卖盘
1694,11:21:17,8.58,--,100,85800,卖盘
1695,11:21:08,8.58,-0.01,34,29172,卖盘
1696,11:20:59,8.59,0.01,1,859,买盘
1697,11:20:50,8.58,--,30,25740,卖盘
1698,11:20:29,8.58,-0.01,2,1716,卖盘
1699,11:20:20,8.59,--,17,14603,买盘
1700,11:20:14,8.59,--,98,84182,买盘
1701,11:20:11,8.59,--,6,5154,买盘
1702,11:20:08,8.59,--,39,33501,买盘
1703,11:19:59,8.59,--,12,10308,买盘
1704,11:19:53,8.59,0.01,27,23193,买盘
1705,11:19:47,8.58,-0.01,14,12012,卖盘
1706,11:19:44,8.59,--,187,160633,买盘
1707,11:19:41,8.59,--,34,29206,买盘
1708,11:19:32,8.59,--,199,171318,买盘
1709,11:19:29,8.59,--,20,17180,买盘
1710,11:19:26,8.59,--,15,12885,买盘
1711,11:19:23,8.59,--,27,23193,买盘
1712,11:19:16,8.59,--,39,33501,买盘
1713,11:19:10,8.59,--,20,17180,买盘
1714,11:19:07,8.59,--,100,85900,买盘
1715,11:19:04,8.59,--,8,6872,买盘
1716,11:19:01,8.59,--,118,101362,买盘
1717,11:18:58,8.59,--,5,4295,买盘
1718,11:18:52,8.59,--,60,51540,买盘
1719,11:18:46,8.59,--,43,36937,买盘
1720,11:18:43,8.59,--,1,859,买盘
1721,11:18:40,8.59,--,1,859,买盘
1722,11:18:37,8.59,0.01,14,12026,买盘
1723,11:18:34,8.58,-0.01,50,42900,卖盘
1724,11:18:28,8.59,--,20,17180,买盘
1725,11:18:22,8.59,--,55,47245,买盘
1726,11:18:19,8.59,--,5,4295,买盘
1727,11:18:16,8.59,--,11,9449,买盘
1728,11:18:13,8.59,--,14,12026,买盘
1729,11:18:04,8.59,0.01,192,164928,买盘
1730,11:17:58,8.58,-0.01,17,14586,卖盘
1731,11:17:55,8.59,--,15,12885,买盘
1732,11:17:49,8.59,0.01,6,5154,买盘
1733,11:17:46,8.58,--,15,12870,卖盘
1734,11:17:37,8.58,-0.01,3,2574,卖盘
1735,11:17:31,8.59,--,102,87618,买盘
1736,11:17:25,8.59,--,348,298932,买盘
1737,11:17:22,8.59,0.01,193,165787,买盘
1738,11:17:19,8.58,-0.01,164,140712,卖盘
1739,11:17:16,8.59,--,3,2577,买盘
1740,11:17:10,8.59,--,181,155479,买盘
1741,11:17:07,8.59,--,50,42950,买盘
1742,11:17:01,8.59,--,4772,4099148,买盘
1743,11:16:49,8.59,--,1,859,买盘
1744,11:16:46,8.59,--,2,1718,买盘
1745,11:16:43,8.59,--,153,131427,买盘
1746,11:16:34,8.59,--,1,859,买盘
1747,11:16:22,8.59,-0.03,1994,1713670,卖盘
1748,11:16:16,8.62,--,34,29376,买盘
1749,11:16:13,8.62,--,120,103439,买盘
1750,11:16:10,8.62,0.01,109,93957,买盘
1751,11:16:04,8.61,--,59,51642,卖盘
1752,11:16:01,8.61,-0.01,45,38745,卖盘
1753,11:15:58,8.62,--,2,1723,买盘
1754,11:15:55,8.62,--,30,25859,买盘
1755,11:15:52,8.62,--,10,8620,买盘
1756,11:15:49,8.62,--,126,109111,卖盘
1757,11:15:43,8.62,--,56,48634,买盘
1758,11:15:37,8.62,--,128,110456,买盘
1759,11:15:25,8.62,0.01,70,60339,买盘
1760,11:15:22,8.61,--,23,20457,卖盘
1761,11:15:13,8.61,--,72,62439,买盘
1762,11:15:07,8.61,--,29,24969,买盘
1763,11:15:04,8.61,--,59,50902,卖盘
1764,11:15:01,8.61,0.01,53,45633,买盘
1765,11:14:58,8.6,--,4,3440,卖盘
1766,11:14:55,8.6,-0.01,96,82594,卖盘
1767,11:14:52,8.61,--,1,861,买盘
1768,11:14:46,8.61,--,176,152224,买盘
1769,11:14:43,8.61,--,68,58547,买盘
1770,11:14:37,8.61,0.01,42,36162,买盘
1771,11:14:34,8.6,-0.01,71,61060,卖盘
1772,11:14:31,8.61,0.01,205,176505,买盘
1773,11:14:25,8.6,-0.01,60,51600,卖盘
1774,11:14:19,8.61,0.01,10,8610,中性盘
1775,11:14:13,8.6,--,200,172000,卖盘
1776,11:13:58,8.6,--,166,142760,买盘
1777,11:13:52,8.6,--,21,18060,买盘
1778,11:13:49,8.6,0.01,11,9460,买盘
1779,11:13:46,8.59,--,4,3436,卖盘
1780,11:13:40,8.59,-0.01,24,20616,卖盘
1781,11:13:34,8.6,0.01,25,21500,买盘
1782,11:13:31,8.59,--,30,25770,卖盘
1783,11:13:16,8.59,--,99,85556,买盘
1784,11:13:10,8.59,--,56,48104,买盘
1785,11:13:07,8.59,--,10,8590,买盘
1786,11:13:01,8.59,--,26,22334,买盘
1787,11:12:58,8.59,--,20,17180,买盘
1788,11:12:55,8.59,--,2,1718,买盘
1789,11:12:52,8.59,0.01,11,9449,买盘
1790,11:12:49,8.58,-0.01,20,17160,卖盘
1791,11:12:46,8.59,--,12,10308,买盘
1792,11:12:43,8.59,--,290,249110,买盘
1793,11:12:37,8.59,--,35,30408,卖盘
1794,11:12:34,8.59,--,7,6528,买盘
1795,11:12:25,8.59,--,12,10308,买盘
1796,11:12:19,8.59,--,11,9449,买盘
1797,11:12:16,8.59,--,28,24052,买盘
1798,11:12:13,8.59,0.01,40,34360,买盘
1799,11:12:01,8.58,-0.01,34,29172,卖盘
1800,11:11:58,8.59,--,13,11167,买盘
1801,11:11:49,8.59,--,1,859,买盘
1802,11:11:43,8.59,--,39,33501,买盘
1803,11:11:37,8.59,--,30,25770,买盘
1804,11:11:34,8.59,--,50,42950,买盘
1805,11:11:31,8.59,-0.01,289,248594,卖盘
1806,11:11:28,8.6,--,54,46440,买盘
1807,11:11:25,8.6,0.01,20,17200,买盘
1808,11:11:19,8.59,-0.01,25,21475,卖盘
1809,11:11:13,8.6,0.01,141,121776,买盘
1810,11:11:10,8.59,0.01,42,36078,买盘
1811,11:11:07,8.58,-0.01,10,8580,卖盘
1812,11:11:04,8.59,--,109,93631,买盘
1813,11:11:01,8.59,--,121,103939,买盘
1814,11:10:55,8.59,--,3,2577,买盘
1815,11:10:49,8.59,--,35,30065,买盘
1816,11:10:43,8.59,--,59,50681,买盘
1817,11:10:40,8.59,--,101,86759,买盘
1818,11:10:31,8.59,--,9,7731,买盘
1819,11:10:25,8.59,--,77,66143,买盘
1820,11:10:16,8.59,--,20,17180,买盘
1821,11:10:13,8.59,--,4,3436,买盘
1822,11:10:10,8.59,--,52,44668,买盘
1823,11:10:07,8.59,--,4,3436,买盘
1824,11:10:01,8.59,--,15,12885,买盘
1825,11:09:55,8.59,--,42,36078,买盘
1826,11:09:52,8.59,--,1,859,买盘
1827,11:09:46,8.59,--,474,407166,买盘
1828,11:09:34,8.59,0.01,420,360780,买盘
1829,11:09:28,8.58,--,100,85800,卖盘
1830,11:09:25,8.58,--,40,34320,卖盘
1831,11:09:16,8.58,--,40,34320,买盘
1832,11:09:10,8.58,--,9,7722,卖盘
1833,11:09:07,8.58,--,22,18876,卖盘
1834,11:08:55,8.58,--,245,210210,买盘
1835,11:08:52,8.58,--,51,43758,买盘
1836,11:08:49,8.58,--,59,50622,买盘
1837,11:08:34,8.58,--,313,268554,卖盘
1838,11:08:22,8.58,-0.01,20,17160,卖盘
1839,11:08:16,8.59,0.01,6,5154,买盘
1840,11:07:58,8.58,-0.01,15,12870,卖盘
1841,11:07:55,8.59,--,2,1718,买盘
1842,11:07:52,8.59,0.01,60,51540,买盘
1843,11:07:46,8.58,-0.01,10,8580,中性盘
1844,11:07:43,8.59,0.01,1517,1303103,买盘
1845,11:07:40,8.58,--,10,8580,买盘
1846,11:07:37,8.58,--,10,8580,买盘
1847,11:07:34,8.58,--,35,30373,卖盘
1848,11:07:28,8.58,--,60,51480,卖盘
1849,11:07:25,8.58,-0.01,16,13728,卖盘
1850,11:07:19,8.59,0.01,207,177813,买盘
1851,11:07:16,8.58,--,5,4804,买盘
1852,11:07:10,8.58,--,11,9438,买盘
1853,11:07:04,8.58,--,61,52681,卖盘
1854,11:07:01,8.58,--,198,169884,卖盘
1855,11:06:55,8.58,--,20,17160,卖盘
1856,11:06:52,8.58,0.01,1926,1653022,买盘
1857,11:06:46,8.57,--,205,175685,卖盘
1858,11:06:43,8.57,-0.01,14,11998,卖盘
1859,11:06:37,8.58,--,102,87516,买盘
1860,11:06:31,8.58,--,35,30030,买盘
1861,11:06:28,8.58,--,80,68640,买盘
1862,11:06:25,8.58,--,8,6864,买盘
1863,11:06:19,8.58,--,19,16302,买盘
1864,11:06:16,8.58,--,6,5148,买盘
1865,11:06:13,8.58,--,178,152724,卖盘
1866,11:06:10,8.58,--,71,60918,买盘
1867,11:06:07,8.58,--,29,24882,卖盘
1868,11:06:01,8.58,--,471,404118,买盘
1869,11:05:52,8.58,--,3,2574,买盘
1870,11:05:46,8.58,--,205,175890,买盘
1871,11:05:43,8.58,--,2,1716,买盘
1872,11:05:37,8.58,--,10,8580,买盘
1873,11:05:31,8.58,0.01,1,858,买盘
1874,11:05:28,8.57,--,2,1714,卖盘
1875,11:05:25,8.57,--,602,515914,买盘
1876,11:05:22,8.57,--,1,857,买盘
1877,11:05:16,8.57,--,10,8570,买盘
1878,11:05:10,8.57,--,1,857,买盘
1879,11:05:04,8.57,--,36,30852,买盘
1880,11:04:52,8.57,--,36,30852,买盘
1881,11:04:49,8.57,0.01,114,97698,买盘
1882,11:04:46,8.56,--,19,16264,卖盘
1883,11:04:43,8.56,--,4,3424,卖盘
1884,11:04:40,8.56,--,9,7704,买盘
1885,11:04:37,8.56,--,25,21400,买盘
1886,11:04:34,8.56,0.01,9,7704,买盘
1887,11:04:28,8.55,-0.01,471,402705,卖盘
1888,11:04:25,8.56,0.01,400,342400,买盘
1889,11:04:22,8.55,0.01,5,4651,买盘
1890,11:04:19,8.54,-0.01,77,65758,卖盘
1891,11:04:16,8.55,--,220,188100,买盘
1892,11:04:13,8.55,--,841,719533,卖盘
1893,11:04:07,8.55,--,6,5130,卖盘
1894,11:03:58,8.55,--,70,59850,卖盘
1895,11:03:49,8.55,-0.01,536,458280,卖盘
1896,11:03:43,8.56,--,8,6848,买盘
1897,11:03:37,8.56,--,117,100152,买盘
1898,11:03:31,8.56,--,124,106144,买盘
1899,11:03:28,8.56,-0.01,213,182328,卖盘
1900,11:03:25,8.57,--,10,8570,买盘
1901,11:03:13,8.57,0.01,40,34280,买盘
1902,11:03:07,8.56,--,425,363800,卖盘
1903,11:03:04,8.56,--,42,35952,卖盘
1904,11:03:01,8.56,--,192,164352,卖盘
1905,11:02:55,8.56,--,30,25680,卖盘
1906,11:02:52,8.56,--,35,29960,卖盘
1907,11:02:40,8.56,--,10,8560,卖盘
1908,11:02:37,8.56,--,10,8560,卖盘
1909,11:02:34,8.56,--,50,42800,卖盘
1910,11:02:31,8.56,--,5,4280,卖盘
1911,11:02:28,8.56,--,73,62488,卖盘
1912,11:02:25,8.56,--,21,17976,卖盘
1913,11:02:22,8.56,--,58,49648,卖盘
1914,11:02:16,8.56,-0.01,5,4280,卖盘
1915,11:02:10,8.57,0.01,50,42850,买盘
1916,11:02:04,8.56,-0.01,20,17120,卖盘
1917,11:02:01,8.57,0.01,32,27424,买盘
1918,11:01:58,8.56,--,20,17120,卖盘
1919,11:01:55,8.56,-0.01,300,256800,卖盘
1920,11:01:52,8.57,0.01,50,42850,中性盘
1921,11:01:43,8.56,--,30,25680,卖盘
1922,11:01:37,8.56,-0.01,295,252520,卖盘
1923,11:01:31,8.57,--,60,51420,卖盘
1924,11:01:28,8.57,-0.01,26,22282,卖盘
1925,11:01:25,8.58,0.01,247,211926,买盘
1926,11:01:22,8.57,-0.01,69,59133,卖盘
1927,11:01:16,8.58,--,50,42900,买盘
1928,11:01:10,8.58,--,86,73788,卖盘
1929,11:01:07,8.58,--,416,356928,卖盘
1930,11:01:04,8.58,--,372,319176,卖盘
1931,11:01:01,8.58,--,123,105534,卖盘
1932,11:00:55,8.58,-0.01,1,858,卖盘
1933,11:00:52,8.59,0.01,92,79028,买盘
1934,11:00:49,8.58,-0.01,10,8580,卖盘
1935,11:00:40,8.59,--,225,193275,卖盘
1936,11:00:37,8.59,-0.01,130,111670,卖盘
1937,11:00:34,8.6,--,64,55040,买盘
1938,11:00:22,8.6,--,140,120400,买盘
1939,11:00:16,8.6,--,10,8600,买盘
1940,11:00:13,8.6,0.01,429,368940,买盘
1941,11:00:10,8.59,-0.01,1005,863295,卖盘
1942,11:00:07,8.6,--,42,36120,买盘
1943,11:00:04,8.6,--,18,15480,买盘
1944,10:59:58,8.6,--,127,109220,买盘
1945,10:59:55,8.6,--,189,162540,买盘
1946,10:59:40,8.6,--,102,87720,买盘
1947,10:59:28,8.6,--,6,5160,买盘
1948,10:59:25,8.6,0.01,7,6020,买盘
1949,10:59:22,8.59,-0.01,11,9449,卖盘
1950,10:59:04,8.6,0.01,6,5160,买盘
1951,10:58:58,8.59,--,8,6872,卖盘
1952,10:58:46,8.59,--,54,46386,买盘
1953,10:58:40,8.59,--,175,150325,买盘
1954,10:58:37,8.59,--,10,8590,买盘
1955,10:58:33,8.59,--,7,6013,买盘
1956,10:58:30,8.59,--,50,42950,买盘
1957,10:58:21,8.59,--,30,25770,买盘
1958,10:58:15,8.59,--,101,86759,买盘
1959,10:58:09,8.59,--,21,18039,买盘
1960,10:58:06,8.59,--,10,8590,买盘
1961,10:58:03,8.59,--,1,859,买盘
1962,10:57:57,8.59,-0.01,127,109093,卖盘
1963,10:57:54,8.6,0.01,22,18920,买盘
1964,10:57:51,8.59,-0.01,5,4295,卖盘
1965,10:57:45,8.6,--,500,430000,买盘
1966,10:57:42,8.6,0.01,146,125560,买盘
1967,10:57:33,8.59,--,65,55835,卖盘
1968,10:57:27,8.59,0.01,1,859,中性盘
1969,10:57:18,8.58,-0.01,446,382668,卖盘
1970,10:57:12,8.59,--,10,8590,买盘
1971,10:57:06,8.59,0.01,23,19757,买盘
1972,10:57:03,8.58,-0.01,20,17160,卖盘
1973,10:56:54,8.59,--,35,30065,买盘
1974,10:56:51,8.59,--,54,47236,买盘
1975,10:56:48,8.59,-0.01,77,66572,卖盘
1976,10:56:45,8.6,0.01,4,3440,买盘
1977,10:56:39,8.59,--,14,12026,卖盘
1978,10:56:36,8.59,--,10,8590,卖盘
1979,10:56:27,8.59,--,9,8160,买盘
1980,10:56:12,8.59,--,25,21475,买盘
1981,10:56:09,8.59,--,128,110381,卖盘
1982,10:56:00,8.59,-0.01,11,9449,卖盘
1983,10:55:54,8.6,--,5,4300,买盘
1984,10:55:48,8.6,0.01,47,40420,买盘
1985,10:55:45,8.59,--,483,414897,卖盘
1986,10:55:42,8.59,-0.01,52,44668,卖盘
1987,10:55:39,8.6,--,10,8600,买盘
1988,10:55:36,8.6,--,52,44720,买盘
1989,10:55:33,8.6,--,10,8600,买盘
1990,10:55:27,8.6,--,10,8600,买盘
1991,10:55:24,8.6,--,30,25800,买盘
1992,10:55:21,8.6,--,24,20640,买盘
1993,10:55:15,8.6,-0.01,75,64500,卖盘
1994,10:55:06,8.61,-0.01,29,25063,卖盘
1995,10:55:03,8.62,--,247,213681,买盘
1996,10:54:54,8.62,0.02,100,86199,买盘
1997,10:54:51,8.6,-0.01,71,61662,卖盘
1998,10:54:48,8.61,0.01,22,18942,中性盘
1999,10:54:42,8.6,--,21,18318,卖盘
2000,10:54:39,8.6,-0.02,35,30100,卖盘
2001,10:54:36,8.62,--,4,3447,买盘
2002,10:54:33,8.62,0.02,415,357729,买盘
2003,10:54:27,8.6,--,71,61060,卖盘
2004,10:54:24,8.6,0.01,39,33540,中性盘
2005,10:54:18,8.59,-0.01,218,187262,卖盘
2006,10:54:15,8.6,0.01,23,19780,买盘
2007,10:54:06,8.59,--,1,859,卖盘
2008,10:54:03,8.59,--,20,17180,卖盘
2009,10:53:57,8.59,--,47,40802,买盘
2010,10:53:54,8.59,--,10,8590,买盘
2011,10:53:51,8.59,0.01,37,31783,买盘
2012,10:53:45,8.58,-0.01,28,24024,卖盘
2013,10:53:42,8.59,--,18,15462,买盘
2014,10:53:39,8.59,--,10,8590,买盘
2015,10:53:33,8.59,--,40,34360,买盘
2016,10:53:21,8.59,--,300,257700,买盘
2017,10:53:18,8.59,--,51,43809,买盘
2018,10:53:15,8.59,--,3,2577,买盘
2019,10:53:09,8.59,-0.01,387,332433,卖盘
2020,10:53:06,8.6,--,33,28380,买盘
2021,10:53:03,8.6,--,18,15480,买盘
2022,10:53:00,8.6,--,40,34400,买盘
2023,10:52:54,8.6,--,94,80840,买盘
2024,10:52:51,8.6,--,10,8600,买盘
2025,10:52:48,8.6,--,4,3440,买盘
2026,10:52:45,8.6,--,5,4300,买盘
2027,10:52:36,8.6,--,40,34400,买盘
2028,10:52:33,8.6,--,23,19780,买盘
2029,10:52:27,8.6,--,6,5160,买盘
2030,10:52:24,8.6,--,15,12900,买盘
2031,10:52:21,8.6,0.01,49,42140,买盘
2032,10:52:18,8.59,-0.01,10,8590,卖盘
2033,10:52:15,8.6,0.01,30,25800,买盘
2034,10:52:09,8.59,--,10,8590,卖盘
2035,10:52:06,8.59,-0.01,38,32642,卖盘
2036,10:52:00,8.6,--,800,688000,买盘
2037,10:51:57,8.6,0.01,1,860,买盘
2038,10:51:48,8.59,--,6,5154,卖盘
2039,10:51:39,8.59,--,20,17180,卖盘
2040,10:51:36,8.59,--,21,18039,卖盘
2041,10:51:27,8.59,--,165,141735,买盘
2042,10:51:24,8.59,--,74,63566,买盘
2043,10:51:18,8.59,0.01,2,1718,买盘
2044,10:51:15,8.58,-0.01,41,35178,卖盘
2045,10:51:12,8.59,--,1,859,买盘
2046,10:51:09,8.59,--,19,16321,买盘
2047,10:51:03,8.59,--,3,2577,买盘
2048,10:51:00,8.59,--,41,35219,买盘
2049,10:50:54,8.59,--,5,4295,买盘
2050,10:50:51,8.59,--,93,79887,买盘
2051,10:50:48,8.59,-0.01,379,325561,卖盘
2052,10:50:42,8.6,0.01,685,589100,买盘
2053,10:50:36,8.59,-0.01,80,68720,卖盘
2054,10:50:33,8.6,0.01,42,36120,买盘
2055,10:50:27,8.59,--,21,18039,卖盘
2056,10:50:24,8.59,-0.01,10,8590,卖盘
2057,10:50:15,8.6,--,30,25800,买盘
2058,10:50:12,8.6,-0.01,501,430860,卖盘
2059,10:50:09,8.61,--,6,5166,买盘
2060,10:50:06,8.61,--,3,2583,买盘
2061,10:50:00,8.61,--,3,2583,买盘
2062,10:49:57,8.61,--,142,122261,卖盘
2063,10:49:51,8.61,--,188,161868,买盘
2064,10:49:48,8.61,--,252,216972,买盘
2065,10:49:42,8.61,--,30,25830,买盘
2066,10:49:39,8.61,--,43,37023,买盘
2067,10:49:36,8.61,--,3,2583,买盘
2068,10:49:30,8.61,--,10,8610,买盘
2069,10:49:24,8.61,--,10,8610,买盘
2070,10:49:21,8.61,--,160,137760,卖盘
2071,10:49:09,8.61,-0.01,100,86100,卖盘
2072,10:49:06,8.62,0.01,5,4310,买盘
2073,10:49:03,8.61,--,20,17220,卖盘
2074,10:49:00,8.61,-0.01,89,76629,卖盘
2075,10:48:57,8.62,0.01,1,861,买盘
2076,10:48:54,8.61,-0.01,20,17220,卖盘
2077,10:48:51,8.62,--,4,3447,买盘
2078,10:48:45,8.62,--,65,56029,买盘
2079,10:48:42,8.62,--,79,68098,买盘
2080,10:48:39,8.62,--,2,1723,买盘
2081,10:48:36,8.62,--,117,100853,卖盘
2082,10:48:33,8.62,--,55,47409,卖盘
2083,10:48:24,8.62,--,20,17240,卖盘
2084,10:48:21,8.62,0.01,177,152574,买盘
2085,10:48:15,8.61,-0.01,53,45633,卖盘
2086,10:48:12,8.62,--,74,63787,买盘
2087,10:48:09,8.62,--,53,45685,买盘
2088,10:48:03,8.62,0.01,15,12929,买盘
2089,10:48:00,8.61,--,300,258299,卖盘
2090,10:47:57,8.61,--,298,256577,卖盘
2091,10:47:48,8.61,--,3,2583,卖盘
2092,10:47:45,8.61,--,313,269493,买盘
2093,10:47:42,8.61,--,20,17220,买盘
2094,10:47:39,8.61,--,10,8610,买盘
2095,10:47:36,8.61,--,5,4305,买盘
2096,10:47:33,8.61,--,132,113651,买盘
2097,10:47:30,8.61,--,10,8610,买盘
2098,10:47:27,8.61,--,28,24108,买盘
2099,10:47:24,8.61,--,57,49077,买盘
2100,10:47:21,8.61,--,108,92988,买盘
2101,10:47:12,8.61,--,34,29273,买盘
2102,10:47:06,8.61,0.01,92,79212,买盘
2103,10:46:54,8.6,--,48,41280,卖盘
2104,10:46:51,8.6,--,80,68800,买盘
2105,10:46:48,8.6,--,16,13760,买盘
2106,10:46:45,8.6,--,221,190060,买盘
2107,10:46:42,8.6,0.01,24,20640,买盘
2108,10:46:39,8.59,-0.01,141,121119,卖盘
2109,10:46:33,8.6,0.01,2,1720,买盘
2110,10:46:30,8.59,-0.01,10,8590,卖盘
2111,10:46:27,8.6,0.01,100,86000,买盘
2112,10:46:24,8.59,--,239,205301,买盘
2113,10:46:21,8.59,--,25,21475,买盘
2114,10:46:18,8.59,--,69,59271,买盘
2115,10:46:15,8.59,--,82,70438,买盘
2116,10:46:12,8.59,--,23,19757,买盘
2117,10:46:09,8.59,--,1008,865872,买盘
2118,10:46:06,8.59,--,85,73015,买盘
2119,10:46:03,8.59,--,11,9449,买盘
2120,10:46:00,8.59,--,10,8590,买盘
2121,10:45:57,8.59,--,28,24052,买盘
2122,10:45:54,8.59,0.01,71,60989,买盘
2123,10:45:42,8.58,--,168,144144,卖盘
2124,10:45:39,8.58,-0.01,204,175032,卖盘
2125,10:45:36,8.59,0.01,81,69579,买盘
2126,10:45:33,8.58,--,115,98670,买盘
2127,10:45:30,8.58,--,133,114114,买盘
2128,10:45:27,8.58,--,57,48906,买盘
2129,10:45:24,8.58,0.01,145,124607,买盘
2130,10:45:21,8.57,-0.01,495,424215,卖盘
2131,10:45:15,8.58,--,6,5148,买盘
2132,10:45:12,8.58,--,44,37752,买盘
2133,10:45:06,8.58,--,169,145002,买盘
2134,10:45:03,8.58,--,11,9438,买盘
2135,10:44:57,8.58,--,20,17160,买盘
2136,10:44:54,8.58,0.01,6,5148,买盘
2137,10:44:51,8.57,-0.01,35,29995,卖盘
2138,10:44:48,8.58,--,32,27456,买盘
2139,10:44:39,8.58,--,30,25740,买盘
2140,10:44:36,8.58,--,30,25740,买盘
2141,10:44:33,8.58,--,16,13728,买盘
2142,10:44:30,8.58,--,12,10296,买盘
2143,10:44:27,8.58,--,48,41184,买盘
2144,10:44:24,8.58,0.01,9,7722,买盘
2145,10:44:21,8.57,-0.01,168,143976,卖盘
2146,10:44:15,8.58,--,10,8580,买盘
2147,10:44:12,8.58,--,105,90090,卖盘
2148,10:44:09,8.58,--,104,89232,卖盘
2149,10:44:06,8.58,--,5,4290,卖盘
2150,10:44:03,8.58,-0.01,5,4290,卖盘
2151,10:44:00,8.59,0.01,254,218186,买盘
2152,10:43:57,8.58,--,30,25740,卖盘
2153,10:43:54,8.58,--,10,8580,卖盘
2154,10:43:51,8.58,--,2,1716,卖盘
2155,10:43:48,8.58,--,24,20592,卖盘
2156,10:43:42,8.58,--,26,22308,买盘
2157,10:43:39,8.58,-0.01,291,249678,卖盘
2158,10:43:33,8.59,0.01,29,24911,买盘
2159,10:43:30,8.58,--,45,38610,卖盘
2160,10:43:27,8.58,--,44,37752,卖盘
2161,10:43:24,8.58,--,100,85800,卖盘
2162,10:43:21,8.58,--,75,64350,卖盘
2163,10:43:12,8.58,0.01,10,8580,中性盘
2164,10:43:09,8.57,--,54,46278,卖盘
2165,10:43:06,8.57,-0.03,109,93413,卖盘
2166,10:43:03,8.6,0.02,778,669080,买盘
2167,10:43:00,8.58,--,2,1716,买盘
2168,10:42:57,8.58,-0.01,326,279708,卖盘
2169,10:42:48,8.59,0.01,7,6013,中性盘
2170,10:42:45,8.58,--,60,51480,卖盘
2171,10:42:39,8.58,--,5,4290,卖盘
2172,10:42:36,8.58,-0.02,27,23166,卖盘
2173,10:42:30,8.6,--,23,19780,买盘
2174,10:42:24,8.6,--,1727,1485598,卖盘
2175,10:42:21,8.6,--,94,80840,卖盘
2176,10:42:18,8.6,-0.01,311,267460,卖盘
2177,10:42:15,8.61,0.01,1203,1035782,买盘
2178,10:42:12,8.6,--,1211,1041460,卖盘
2179,10:42:06,8.6,-0.01,5,4300,卖盘
2180,10:42:03,8.61,0.01,731,629391,买盘
2181,10:42:00,8.6,-0.01,692,595120,卖盘
2182,10:41:57,8.61,0.01,3,2583,买盘
2183,10:41:54,8.6,-0.01,19,16340,卖盘
2184,10:41:51,8.61,--,2357,2029376,买盘
2185,10:41:48,8.61,0.01,4,3444,买盘
2186,10:41:45,8.6,-0.01,1310,1126600,卖盘
2187,10:41:39,8.61,-0.01,40,34440,卖盘
2188,10:41:36,8.62,--,11,9482,买盘
2189,10:41:33,8.62,--,374,322387,卖盘
2190,10:41:27,8.62,--,5,4310,卖盘
2191,10:41:24,8.62,-0.01,6,5171,卖盘
2192,10:41:21,8.63,--,52,44876,买盘
2193,10:41:09,8.63,--,110,94930,卖盘
2194,10:41:06,8.63,0.01,110,94930,卖盘
2195,10:41:00,8.62,-0.02,1726,1487811,卖盘
2196,10:40:54,8.64,--,19,16416,买盘
2197,10:40:51,8.64,--,80,69120,买盘
2198,10:40:45,8.64,0.01,49,42336,买盘
2199,10:40:42,8.63,--,18,15534,卖盘
2200,10:40:39,8.63,--,5,4315,卖盘
2201,10:40:36,8.63,-0.01,3,2589,卖盘
2202,10:40:33,8.64,--,25,21600,买盘
2203,10:40:30,8.64,--,18,15552,买盘
2204,10:40:27,8.64,--,100,86400,买盘
2205,10:40:18,8.64,--,115,99360,卖盘
2206,10:40:15,8.64,--,12,10368,卖盘
2207,10:40:12,8.64,--,10,8640,卖盘
2208,10:40:03,8.64,--,23,19872,卖盘
2209,10:39:57,8.64,-0.01,5,4320,卖盘
2210,10:39:54,8.65,0.02,6,5190,买盘
2211,10:39:51,8.63,--,43,37109,卖盘
2212,10:39:45,8.63,--,30,25890,卖盘
2213,10:39:42,8.63,--,42,36246,卖盘
2214,10:39:39,8.63,-0.01,68,58684,卖盘
2215,10:39:33,8.64,--,3,2592,买盘
2216,10:39:21,8.64,-0.01,368,317952,卖盘
2217,10:39:18,8.65,--,10,8650,买盘
2218,10:39:09,8.65,--,89,76985,买盘
2219,10:39:06,8.65,0.01,7,6055,买盘
2220,10:39:00,8.64,-0.01,48,41472,卖盘
2221,10:38:57,8.65,--,1,865,卖盘
2222,10:38:54,8.65,--,93,80445,卖盘
2223,10:38:51,8.65,--,32,27680,卖盘
2224,10:38:45,8.65,--,100,86500,卖盘
2225,10:38:42,8.65,-0.01,94,81310,卖盘
2226,10:38:33,8.66,0.01,50,43300,买盘
2227,10:38:30,8.65,-0.01,79,68335,卖盘
2228,10:38:27,8.66,0.01,123,106518,买盘
2229,10:38:05,8.65,-0.01,100,86500,卖盘
2230,10:38:02,8.66,--,233,201778,卖盘
2231,10:37:56,8.66,--,30,25980,卖盘
2232,10:37:53,8.66,--,17,14722,卖盘
2233,10:37:47,8.66,--,3,2598,卖盘
2234,10:37:44,8.66,0.01,101,87466,买盘
2235,10:37:38,8.65,--,9,7785,卖盘
2236,10:37:35,8.65,-0.01,104,89960,卖盘
2237,10:37:32,8.66,--,5,4330,买盘
2238,10:37:29,8.66,0.01,22,19052,买盘
2239,10:37:26,8.65,-0.02,22,19030,卖盘
2240,10:37:23,8.67,0.02,112,97104,买盘
2241,10:37:20,8.65,-0.01,63,54495,卖盘
2242,10:37:17,8.66,--,173,149818,卖盘
2243,10:37:14,8.66,--,12,10392,卖盘
2244,10:37:11,8.66,--,6,5196,卖盘
2245,10:37:08,8.66,--,4,3464,卖盘
2246,10:37:05,8.66,--,25,21650,卖盘
2247,10:37:02,8.66,--,11,9526,卖盘
2248,10:36:59,8.66,--,29,25114,卖盘
2249,10:36:56,8.66,--,15,12990,卖盘
2250,10:36:50,8.66,--,31,26846,卖盘
2251,10:36:47,8.66,--,53,45898,卖盘
2252,10:36:41,8.66,--,74,64084,卖盘
2253,10:36:35,8.66,--,8,6928,卖盘
2254,10:36:32,8.66,-0.01,30,25980,卖盘
2255,10:36:29,8.67,--,2,1734,买盘
2256,10:36:26,8.67,--,11,9537,买盘
2257,10:36:23,8.67,--,202,175134,买盘
2258,10:36:11,8.67,--,16,13872,买盘
2259,10:36:05,8.67,--,44,38148,买盘
2260,10:35:59,8.67,--,5,4335,买盘
2261,10:35:56,8.67,--,46,39882,卖盘
2262,10:35:53,8.67,--,20,17340,卖盘
2263,10:35:50,8.67,--,348,301716,卖盘
2264,10:35:47,8.67,-0.01,40,34680,卖盘
2265,10:35:44,8.68,0.01,19,16492,买盘
2266,10:35:41,8.67,-0.01,3,2601,卖盘
2267,10:35:38,8.68,0.01,20,17360,买盘
2268,10:35:32,8.67,--,85,73695,卖盘
2269,10:35:29,8.67,--,44,38148,卖盘
2270,10:35:23,8.67,--,24,20808,卖盘
2271,10:35:20,8.67,--,170,147390,卖盘
2272,10:35:17,8.67,-0.01,500,433500,卖盘
2273,10:35:11,8.68,0.01,168,145824,买盘
2274,10:35:05,8.67,--,20,17340,买盘
2275,10:35:02,8.67,-0.01,446,386682,卖盘
2276,10:34:59,8.68,--,95,82460,买盘
2277,10:34:56,8.68,--,5,4340,买盘
2278,10:34:53,8.68,--,25,21700,买盘
2279,10:34:50,8.68,-0.01,401,348068,中性盘
2280,10:34:41,8.69,0.02,56,48664,买盘
2281,10:34:38,8.67,-0.01,194,168198,卖盘
2282,10:34:35,8.68,-0.01,560,486080,卖盘
2283,10:34:32,8.69,0.01,57,49533,买盘
2284,10:34:17,8.68,--,4,3472,卖盘
2285,10:34:14,8.68,--,995,863660,买盘
2286,10:34:11,8.68,0.01,30,26040,买盘
2287,10:34:08,8.67,0.01,1198,1039515,买盘
2288,10:34:05,8.66,--,53,45898,卖盘
2289,10:34:02,8.66,--,26,22516,卖盘
2290,10:33:59,8.66,--,563,487558,买盘
2291,10:33:56,8.66,--,36,31176,买盘
2292,10:33:50,8.66,--,115,99590,买盘
2293,10:33:47,8.66,--,42,36372,买盘
2294,10:33:44,8.66,--,7,6062,买盘
2295,10:33:41,8.66,--,72,62352,买盘
2296,10:33:38,8.66,--,47,40702,卖盘
2297,10:33:35,8.66,--,60,51960,卖盘
2298,10:33:23,8.66,0.01,20,17320,中性盘
2299,10:33:20,8.65,-0.01,147,127155,卖盘
2300,10:33:14,8.66,--,10,8660,卖盘
2301,10:33:11,8.66,0.01,75,64950,买盘
2302,10:33:02,8.65,--,16,13840,卖盘
2303,10:32:59,8.65,0.01,1434,1240410,买盘
2304,10:32:53,8.64,--,59,50976,卖盘
2305,10:32:50,8.64,--,105,90720,卖盘
2306,10:32:47,8.64,--,85,73457,买盘
2307,10:32:44,8.64,-0.01,162,140814,卖盘
2308,10:32:35,8.65,0.01,8,6920,买盘
2309,10:32:32,8.64,--,5,4320,卖盘
2310,10:32:29,8.64,--,122,105408,卖盘
2311,10:32:26,8.64,0.01,57,49265,买盘
2312,10:32:23,8.63,--,457,395236,卖盘
2313,10:32:17,8.63,--,30,25907,卖盘
2314,10:32:14,8.63,-0.01,76,65588,卖盘
2315,10:32:08,8.64,0.01,134,115776,买盘
2316,10:32:05,8.63,-0.01,111,95793,卖盘
2317,10:32:02,8.64,--,100,86400,买盘
2318,10:31:59,8.64,0.01,130,112320,买盘
2319,10:31:56,8.63,-0.01,126,108738,卖盘
2320,10:31:50,8.64,0.01,53,45792,买盘
2321,10:31:47,8.63,-0.01,87,75081,卖盘
2322,10:31:44,8.64,--,29,25902,卖盘
2323,10:31:41,8.64,--,130,112320,卖盘
2324,10:31:38,8.64,-0.01,20,17280,卖盘
2325,10:31:29,8.65,0.01,30,25950,买盘
2326,10:31:26,8.64,-0.01,359,310176,卖盘
2327,10:31:20,8.65,--,117,101205,卖盘
2328,10:31:17,8.65,--,678,586470,卖盘
2329,10:31:14,8.65,-0.01,30,25950,卖盘
2330,10:31:08,8.66,--,155,134230,卖盘
2331,10:31:05,8.66,--,8,6928,卖盘
2332,10:30:59,8.66,--,71,61486,卖盘
2333,10:30:53,8.66,-0.01,26,22516,卖盘
2334,10:30:50,8.67,--,215,186405,卖盘
2335,10:30:47,8.67,-0.01,2,1734,卖盘
2336,10:30:41,8.68,--,236,205282,卖盘
2337,10:30:38,8.68,--,128,111104,卖盘
2338,10:30:35,8.68,--,63,54684,卖盘
2339,10:30:32,8.68,--,23,20398,卖盘
2340,10:30:29,8.68,--,140,121520,卖盘
2341,10:30:26,8.68,--,62,53816,卖盘
2342,10:30:23,8.68,-0.01,2,1736,卖盘
2343,10:30:20,8.69,0.01,100,86900,买盘
2344,10:30:17,8.68,-0.01,28,24304,卖盘
2345,10:30:14,8.69,--,10,8690,买盘
2346,10:30:08,8.69,--,311,270259,卖盘
2347,10:29:59,8.69,--,80,69520,卖盘
2348,10:29:56,8.69,--,37,32152,卖盘
2349,10:29:47,8.69,--,80,69520,卖盘
2350,10:29:44,8.69,-0.01,10,8690,卖盘
2351,10:29:38,8.7,0.01,12,10440,买盘
2352,10:29:35,8.69,--,10,8690,卖盘
2353,10:29:32,8.69,-0.01,86,74734,卖盘
2354,10:29:23,8.7,--,10,8700,买盘
2355,10:29:20,8.7,--,15,13049,卖盘
2356,10:29:17,8.7,--,275,239249,卖盘
2357,10:29:11,8.7,--,217,188789,卖盘
2358,10:29:08,8.7,--,2,1739,卖盘
2359,10:29:05,8.7,--,160,139200,卖盘
2360,10:29:02,8.7,--,149,129629,买盘
2361,10:28:56,8.7,-0.01,101,87870,卖盘
2362,10:28:53,8.71,0.01,212,184652,买盘
2363,10:28:50,8.7,0.01,99,86130,买盘
2364,10:28:44,8.69,-0.01,117,101673,卖盘
2365,10:28:41,8.7,--,223,194009,买盘
2366,10:28:38,8.7,--,389,338430,卖盘
2367,10:28:35,8.7,--,225,195749,买盘
2368,10:28:32,8.7,--,295,256649,卖盘
2369,10:28:29,8.7,--,223,194009,买盘
2370,10:28:26,8.7,--,121,105269,卖盘
2371,10:28:23,8.7,-0.01,5,4350,卖盘
2372,10:28:20,8.71,0.01,37,32227,买盘
2373,10:28:14,8.7,-0.01,10,8700,卖盘
2374,10:28:11,8.71,0.01,92,80132,买盘
2375,10:28:08,8.7,--,94,81780,买盘
2376,10:28:05,8.7,--,85,73950,买盘
2377,10:28:02,8.7,--,22,19140,卖盘
2378,10:27:56,8.7,-0.01,12,10440,卖盘
2379,10:27:53,8.71,0.01,62,54002,买盘
2380,10:27:50,8.7,-0.01,21,18270,卖盘
2381,10:27:47,8.71,0.01,21,18291,买盘
2382,10:27:44,8.7,--,126,109619,卖盘
2383,10:27:41,8.7,-0.01,11,9570,卖盘
2384,10:27:38,8.71,0.01,51,44421,买盘
2385,10:27:29,8.7,--,10,8700,卖盘
2386,10:27:26,8.7,0.01,20,17400,卖盘
2387,10:27:23,8.69,-0.02,18,15642,卖盘
2388,10:27:17,8.71,0.02,34,29614,买盘
2389,10:27:14,8.69,-0.01,2,1738,卖盘
2390,10:27:08,8.7,--,103,89609,卖盘
2391,10:27:05,8.7,--,16,13919,卖盘
2392,10:27:02,8.7,--,97,84390,卖盘
2393,10:26:59,8.7,0.01,97,84390,买盘
2394,10:26:56,8.69,-0.01,15,13035,卖盘
2395,10:26:53,8.7,--,6,5220,买盘
2396,10:26:50,8.7,--,113,98309,买盘
2397,10:26:47,8.7,--,153,133110,买盘
2398,10:26:35,8.7,0.02,282,245339,买盘
2399,10:26:26,8.68,-0.01,15,13020,卖盘
2400,10:26:23,8.69,--,29,25201,买盘
2401,10:26:17,8.69,--,18,15642,买盘
2402,10:26:14,8.69,--,150,130349,买盘
2403,10:26:11,8.69,0.01,10,8690,买盘
2404,10:26:08,8.68,-0.01,15,13020,卖盘
2405,10:26:05,8.69,--,2,1738,买盘
2406,10:26:02,8.69,--,10,8690,买盘
2407,10:25:59,8.69,--,1,869,买盘
2408,10:25:56,8.69,--,48,41712,买盘
2409,10:25:47,8.69,--,10,8690,买盘
2410,10:25:41,8.69,--,10,8690,买盘
2411,10:25:38,8.69,-0.01,422,366718,卖盘
2412,10:25:35,8.7,--,5,4350,买盘
2413,10:25:32,8.7,--,125,108749,买盘
2414,10:25:29,8.7,0.01,50,43500,买盘
2415,10:25:23,8.69,--,36,31284,卖盘
2416,10:25:17,8.69,--,80,69520,买盘
2417,10:25:14,8.69,--,100,86900,买盘
2418,10:25:11,8.69,--,9,7821,买盘
2419,10:25:05,8.69,-0.01,85,73865,卖盘
2420,10:25:02,8.7,0.01,1,869,买盘
2421,10:24:59,8.69,-0.01,20,17380,卖盘
2422,10:24:56,8.7,0.01,105,91349,买盘
2423,10:24:53,8.69,-0.01,40,34760,卖盘
2424,10:24:47,8.7,--,23,20010,买盘
2425,10:24:44,8.7,--,110,95699,买盘
2426,10:24:38,8.7,0.01,10,8700,买盘
2427,10:24:35,8.69,-0.01,55,47795,卖盘
2428,10:24:32,8.7,--,180,156600,买盘
2429,10:24:29,8.7,0.01,30,26099,买盘
2430,10:24:26,8.69,-0.01,25,21725,中性盘
2431,10:24:20,8.7,0.01,35,30449,买盘
2432,10:24:17,8.69,--,143,124267,卖盘
2433,10:24:14,8.69,-0.01,79,68651,卖盘
2434,10:24:08,8.7,--,528,459359,买盘
2435,10:23:59,8.7,--,162,140940,卖盘
2436,10:23:56,8.7,-0.01,20,17400,卖盘
2437,10:23:53,8.71,0.01,33,28743,买盘
2438,10:23:50,8.7,-0.01,40,34800,卖盘
2439,10:23:47,8.71,0.01,30,26130,买盘
2440,10:23:44,8.7,-0.01,94,81780,卖盘
2441,10:23:41,8.71,0.01,50,43550,买盘
2442,10:23:38,8.7,-0.01,13,11309,卖盘
2443,10:23:35,8.71,--,6,5226,买盘
2444,10:23:32,8.71,--,80,69680,买盘
2445,10:23:29,8.71,--,30,26130,买盘
2446,10:23:26,8.71,--,18,15678,买盘
2447,10:23:23,8.71,0.02,102,88842,买盘
2448,10:23:17,8.69,-0.02,61,53009,卖盘
2449,10:23:14,8.71,-0.01,20,17420,卖盘
2450,10:23:11,8.72,--,31,27032,买盘
2451,10:23:08,8.72,0.02,362,315664,买盘
2452,10:23:05,8.7,-0.01,470,408899,卖盘
2453,10:22:59,8.71,--,55,47905,卖盘
2454,10:22:56,8.71,--,134,116714,买盘
2455,10:22:53,8.71,--,58,50518,买盘
2456,10:22:50,8.71,0.01,81,70551,买盘
2457,10:22:47,8.7,--,5,4350,卖盘
2458,10:22:44,8.7,--,56,48719,卖盘
2459,10:22:41,8.7,--,109,94829,卖盘
2460,10:22:38,8.7,-0.01,25,21750,卖盘
2461,10:22:35,8.71,0.01,614,534794,买盘
2462,10:22:32,8.7,--,5,4350,卖盘
2463,10:22:29,8.7,--,89,77430,买盘
2464,10:22:26,8.7,--,11,9570,买盘
2465,10:22:23,8.7,0.01,5,4350,买盘
2466,10:22:20,8.69,-0.01,88,76472,卖盘
2467,10:22:17,8.7,0.01,3,2610,买盘
2468,10:22:14,8.69,-0.01,195,169455,卖盘
2469,10:22:11,8.7,0.01,253,220109,买盘
2470,10:22:05,8.69,-0.01,232,201608,卖盘
2471,10:22:02,8.7,0.01,7,6089,买盘
2472,10:21:59,8.69,--,50,43450,卖盘
2473,10:21:56,8.69,--,5,4345,卖盘
2474,10:21:50,8.69,--,75,65174,卖盘
2475,10:21:47,8.69,0.01,77,67347,买盘
2476,10:21:44,8.68,-0.01,40,34720,卖盘
2477,10:21:41,8.69,0.01,9,7821,买盘
2478,10:21:38,8.68,-0.01,134,116312,卖盘
2479,10:21:35,8.69,--,14,12166,买盘
2480,10:21:32,8.69,--,50,43450,买盘
2481,10:21:29,8.69,-0.01,110,96024,卖盘
2482,10:21:26,8.7,0.01,19,16530,买盘
2483,10:21:23,8.69,-0.02,111,96459,卖盘
2484,10:21:17,8.71,--,3,2613,买盘
2485,10:21:14,8.71,0.02,61,53131,买盘
2486,10:21:11,8.69,-0.01,305,265045,卖盘
2487,10:21:05,8.7,0.01,40,34800,中性盘
2488,10:21:02,8.69,-0.01,127,110363,卖盘
2489,10:20:59,8.7,--,60,52199,买盘
2490,10:20:56,8.7,--,38,33060,买盘
2491,10:20:53,8.7,--,62,53939,卖盘
2492,10:20:44,8.7,-0.01,168,146160,卖盘
2493,10:20:41,8.71,--,135,117585,卖盘
2494,10:20:38,8.71,--,44,38324,卖盘
2495,10:20:35,8.71,--,94,81874,买盘
2496,10:20:32,8.71,0.01,236,205556,买盘
2497,10:20:29,8.7,--,170,147900,卖盘
2498,10:20:26,8.7,--,60,52199,卖盘
2499,10:20:23,8.7,--,59,51329,买盘
2500,10:20:20,8.7,--,77,66990,卖盘
2501,10:20:17,8.7,--,58,50459,卖盘
2502,10:20:14,8.7,--,30,26099,卖盘
2503,10:20:11,8.7,--,10,8700,卖盘
2504,10:20:08,8.7,0.01,236,205319,买盘
2505,10:20:02,8.69,--,36,31284,卖盘
2506,10:19:56,8.69,--,66,57354,卖盘
2507,10:19:53,8.69,0.01,81,70823,买盘
2508,10:19:50,8.68,-0.01,1,868,卖盘
2509,10:19:47,8.69,--,105,91245,买盘
2510,10:19:44,8.69,--,19,16511,卖盘
2511,10:19:41,8.69,-0.01,151,131219,卖盘
2512,10:19:35,8.7,0.01,154,133980,买盘
2513,10:19:32,8.69,0.01,29,25201,买盘
2514,10:19:29,8.68,-0.02,23,19964,卖盘
2515,10:19:26,8.7,--,201,174870,买盘
2516,10:19:20,8.7,--,42,36540,买盘
2517,10:19:17,8.7,--,98,85260,买盘
2518,10:19:11,8.7,--,95,82650,卖盘
2519,10:19:08,8.7,-0.01,3,2610,卖盘
2520,10:19:05,8.71,0.01,95,82745,买盘
2521,10:19:02,8.7,-0.02,27,23489,卖盘
2522,10:18:59,8.72,--,310,270320,买盘
2523,10:18:56,8.72,--,26,22672,买盘
2524,10:18:53,8.72,--,24,20928,卖盘
2525,10:18:50,8.72,--,100,87200,卖盘
2526,10:18:47,8.72,--,2021,1762312,卖盘
2527,10:18:44,8.72,--,499,435128,卖盘
2528,10:18:41,8.72,--,46,40112,卖盘
2529,10:18:37,8.72,-0.01,336,292992,卖盘
2530,10:18:31,8.73,--,145,126585,买盘
2531,10:18:25,8.73,--,639,557847,买盘
2532,10:18:22,8.73,--,171,149283,买盘
2533,10:18:19,8.73,--,399,348327,买盘
2534,10:18:16,8.73,0.01,8,6984,买盘
2535,10:18:07,8.72,--,822,716784,卖盘
2536,10:18:04,8.72,--,72,62784,卖盘
2537,10:17:58,8.72,--,131,114232,卖盘
2538,10:17:55,8.72,0.06,6181,5389832,买盘
2539,10:17:46,8.66,--,4,3464,买盘
2540,10:17:43,8.66,--,2,1732,买盘
2541,10:17:40,8.66,--,99,85734,卖盘
2542,10:17:37,8.66,--,8,6928,卖盘
2543,10:17:31,8.66,--,20,17320,卖盘
2544,10:17:28,8.66,--,5,4330,卖盘
2545,10:17:16,8.66,--,10,8660,卖盘
2546,10:17:13,8.66,--,5,4330,卖盘
2547,10:17:07,8.66,--,2,1732,卖盘
2548,10:17:04,8.66,--,30,25980,卖盘
2549,10:17:01,8.66,--,30,25980,卖盘
2550,10:16:55,8.66,-0.01,10,8660,卖盘
2551,10:16:52,8.67,0.01,2,1734,买盘
2552,10:16:49,8.66,-0.01,40,34640,卖盘
2553,10:16:46,8.67,--,36,31212,买盘
2554,10:16:40,8.67,0.01,1,867,买盘
2555,10:16:28,8.66,--,30,25980,卖盘
2556,10:16:25,8.66,--,9,7794,卖盘
2557,10:16:16,8.66,0.01,20,17320,中性盘
2558,10:16:04,8.65,-0.01,20,17300,卖盘
2559,10:15:52,8.66,--,20,17320,买盘
2560,10:15:49,8.66,0.01,16,13856,买盘
2561,10:15:43,8.65,-0.01,2,1747,卖盘
2562,10:15:34,8.66,0.01,5,4330,中性盘
2563,10:15:31,8.65,--,40,34600,卖盘
2564,10:15:28,8.65,--,3,2595,卖盘
2565,10:15:22,8.65,--,103,89095,卖盘
2566,10:15:16,8.65,--,20,17300,卖盘
2567,10:15:13,8.65,--,6,5190,卖盘
2568,10:15:10,8.65,0.01,66,57090,买盘
2569,10:15:01,8.64,--,4,3456,卖盘
2570,10:14:58,8.64,-0.01,2,1728,卖盘
2571,10:14:55,8.65,--,9,7785,买盘
2572,10:14:43,8.65,--,12,10380,买盘
2573,10:14:40,8.65,--,12,10380,买盘
2574,10:14:37,8.65,0.01,68,58820,卖盘
2575,10:14:31,8.64,--,30,25920,卖盘
2576,10:14:28,8.64,-0.02,120,103680,卖盘
2577,10:14:25,8.66,--,8,6928,买盘
2578,10:14:22,8.66,0.01,11,9526,买盘
2579,10:14:19,8.65,--,100,86500,买盘
2580,10:14:16,8.65,--,5,4325,买盘
2581,10:14:13,8.65,--,70,60550,买盘
2582,10:14:07,8.65,-0.02,1325,1146125,卖盘
2583,10:14:04,8.67,--,11,9537,买盘
2584,10:14:01,8.67,--,210,182070,买盘
2585,10:13:58,8.67,--,32,27744,买盘
2586,10:13:52,8.67,--,41,35547,买盘
2587,10:13:46,8.67,--,167,144789,买盘
2588,10:13:40,8.67,-0.01,71,61557,卖盘
2589,10:13:37,8.68,0.01,7,6076,买盘
2590,10:13:34,8.67,-0.01,27,23409,卖盘
2591,10:13:31,8.68,0.01,5,4340,买盘
2592,10:13:28,8.67,--,30,26010,卖盘
2593,10:13:25,8.67,-0.02,15,13005,中性盘
2594,10:13:19,8.69,0.01,263,228547,买盘
2595,10:13:13,8.68,0.01,21,18228,中性盘
2596,10:13:10,8.67,-0.01,23,19941,卖盘
2597,10:13:07,8.68,--,10,8680,卖盘
2598,10:13:04,8.68,-0.01,5,4340,卖盘
2599,10:13:01,8.69,0.01,17,14773,买盘
2600,10:12:58,8.68,-0.01,55,47740,卖盘
2601,10:12:55,8.69,0.01,5,4345,买盘
2602,10:12:52,8.68,-0.01,4,3472,卖盘
2603,10:12:49,8.69,--,14,12166,买盘
2604,10:12:43,8.69,0.01,117,101673,买盘
2605,10:12:40,8.68,--,30,26040,卖盘
2606,10:12:37,8.68,--,42,36456,卖盘
2607,10:12:34,8.68,--,312,270816,卖盘
2608,10:12:28,8.68,--,24,20832,卖盘
2609,10:12:25,8.68,-0.01,26,22568,卖盘
2610,10:12:22,8.69,--,5,4345,买盘
2611,10:12:19,8.69,0.01,38,33022,买盘
2612,10:12:16,8.68,-0.01,168,145824,卖盘
2613,10:12:13,8.69,--,113,98197,买盘
2614,10:12:10,8.69,--,97,84293,买盘
2615,10:12:04,8.69,--,45,39105,买盘
2616,10:12:01,8.69,0.01,139,120791,买盘
2617,10:11:58,8.68,-0.01,30,26040,卖盘
2618,10:11:55,8.69,0.01,30,26070,买盘
2619,10:11:52,8.68,-0.01,20,17360,卖盘
2620,10:11:49,8.69,0.01,53,46057,买盘
2621,10:11:46,8.68,--,8,6944,卖盘
2622,10:11:43,8.68,--,63,54684,卖盘
2623,10:11:40,8.68,--,30,26040,卖盘
2624,10:11:34,8.68,-0.01,15,13020,卖盘
2625,10:11:31,8.69,0.01,38,33022,买盘
2626,10:11:25,8.68,--,32,27776,卖盘
2627,10:11:16,8.68,--,23,19964,卖盘
2628,10:11:10,8.68,-0.01,56,48608,卖盘
2629,10:11:07,8.69,0.02,33,28677,买盘
2630,10:11:04,8.67,--,1,867,卖盘
2631,10:11:01,8.67,--,20,17340,卖盘
2632,10:10:58,8.67,-0.01,1301,1127967,卖盘
2633,10:10:55,8.68,0.01,32,27776,买盘
2634,10:10:52,8.67,-0.01,38,32946,卖盘
2635,10:10:46,8.68,0.01,10,8680,买盘
2636,10:10:43,8.67,--,148,128316,买盘
2637,10:10:37,8.67,--,81,70227,买盘
2638,10:10:31,8.67,--,60,52020,买盘
2639,10:10:25,8.67,--,5,4335,买盘
2640,10:10:22,8.67,--,13,11271,卖盘
2641,10:10:19,8.67,--,15,13005,卖盘
2642,10:10:16,8.67,-0.01,104,90168,卖盘
2643,10:10:10,8.68,0.01,39,33852,买盘
2644,10:10:07,8.67,--,50,43350,卖盘
2645,10:10:04,8.67,--,1,867,卖盘
2646,10:10:01,8.67,0.01,182,157794,买盘
2647,10:09:55,8.66,--,10,8660,卖盘
2648,10:09:49,8.66,--,2,1732,卖盘
2649,10:09:46,8.66,--,21,18186,卖盘
2650,10:09:40,8.66,--,31,26846,买盘
2651,10:09:37,8.66,--,49,42434,买盘
2652,10:09:34,8.66,-0.01,30,25980,中性盘
2653,10:09:31,8.67,0.02,58,50286,买盘
2654,10:09:28,8.65,-0.02,66,57090,卖盘
2655,10:09:25,8.67,0.01,334,289578,买盘
2656,10:09:19,8.66,-0.01,22,19052,卖盘
2657,10:09:07,8.67,0.01,159,137853,买盘
2658,10:09:01,8.66,--,5,4330,买盘
2659,10:08:52,8.66,--,2,1732,卖盘
2660,10:08:49,8.66,-0.01,29,25114,卖盘
2661,10:08:46,8.67,0.01,276,239292,买盘
2662,10:08:43,8.66,--,64,55424,买盘
2663,10:08:40,8.66,--,185,160210,卖盘
2664,10:08:34,8.66,--,25,21650,卖盘
2665,10:08:28,8.66,-0.01,135,116910,买盘
2666,10:08:25,8.67,0.01,200,173400,买盘
2667,10:08:16,8.66,--,3,2598,买盘
2668,10:08:10,8.66,0.01,87,75342,买盘
2669,10:08:07,8.65,--,1,865,卖盘
2670,10:08:01,8.65,--,88,76120,卖盘
2671,10:07:49,8.65,-0.01,130,112450,卖盘
2672,10:07:46,8.66,0.01,21,18186,买盘
2673,10:07:43,8.65,--,136,117640,卖盘
2674,10:07:40,8.65,-0.01,10,8650,卖盘
2675,10:07:37,8.66,0.01,54,46764,买盘
2676,10:07:34,8.65,-0.01,3,2595,卖盘
2677,10:07:31,8.66,--,4,3464,买盘
2678,10:07:28,8.66,0.01,20,17320,买盘
2679,10:07:25,8.65,--,114,98610,卖盘
2680,10:07:22,8.65,-0.01,32,27680,卖盘
2681,10:07:19,8.66,--,9,7794,买盘
2682,10:07:16,8.66,0.01,12,10392,买盘
2683,10:07:13,8.65,-0.01,17,14705,卖盘
2684,10:07:10,8.66,0.01,53,45898,买盘
2685,10:07:07,8.65,-0.01,42,36330,卖盘
2686,10:07:01,8.66,--,12,10392,买盘
2687,10:06:58,8.66,0.01,65,56290,买盘
2688,10:06:55,8.65,-0.01,50,43250,卖盘
2689,10:06:52,8.66,--,152,131632,买盘
2690,10:06:40,8.66,--,29,25114,买盘
2691,10:06:37,8.66,-0.01,29,25114,卖盘
2692,10:06:34,8.67,--,60,52020,买盘
2693,10:06:31,8.67,--,144,124848,买盘
2694,10:06:25,8.67,-0.01,150,130050,卖盘
2695,10:06:19,8.68,0.01,2,1736,买盘
2696,10:06:16,8.67,--,20,17340,卖盘
2697,10:06:13,8.67,--,42,36414,卖盘
2698,10:06:10,8.67,--,20,17340,卖盘
2699,10:06:07,8.67,-0.01,50,43350,卖盘
2700,10:06:04,8.68,--,326,282968,买盘
2701,10:06:01,8.68,--,45,39060,买盘
2702,10:05:52,8.68,0.01,82,71176,买盘
2703,10:05:49,8.67,--,43,37281,卖盘
2704,10:05:46,8.67,-0.01,35,30345,卖盘
2705,10:05:43,8.68,--,40,34720,买盘
2706,10:05:40,8.68,--,80,69440,买盘
2707,10:05:37,8.68,--,20,17360,买盘
2708,10:05:34,8.68,0.01,3,2604,买盘
2709,10:05:31,8.67,-0.01,5,4335,卖盘
2710,10:05:28,8.68,-0.01,99,85932,卖盘
2711,10:05:25,8.69,--,59,51271,买盘
2712,10:05:22,8.69,0.01,71,61699,买盘
2713,10:05:19,8.68,--,243,210924,买盘
2714,10:05:16,8.68,-0.01,180,156240,卖盘
2715,10:05:13,8.69,0.01,51,44319,买盘
2716,10:05:10,8.68,--,1053,914004,卖盘
2717,10:05:07,8.68,--,12,10416,卖盘
2718,10:05:04,8.68,--,220,190960,卖盘
2719,10:05:01,8.68,--,82,71176,卖盘
2720,10:04:58,8.68,--,12,10416,卖盘
2721,10:04:55,8.68,0.01,128,111104,买盘
2722,10:04:52,8.67,-0.01,520,450840,卖盘
2723,10:04:49,8.68,--,27,23436,买盘
2724,10:04:34,8.68,0.01,111,96348,买盘
2725,10:04:31,8.67,--,133,115311,买盘
2726,10:04:28,8.67,--,254,220218,卖盘
2727,10:04:25,8.67,-0.01,332,287844,卖盘
2728,10:04:22,8.68,0.01,14,12152,买盘
2729,10:04:16,8.67,-0.01,56,48552,中性盘
2730,10:04:10,8.68,0.02,110,95480,买盘
2731,10:04:07,8.66,-0.01,52,45032,卖盘
2732,10:04:04,8.67,-0.01,43,37281,中性盘
2733,10:04:01,8.68,0.02,1128,979104,买盘
2734,10:03:58,8.66,--,20,17320,卖盘
2735,10:03:55,8.66,--,88,76208,卖盘
2736,10:03:43,8.66,-0.01,2,1732,中性盘
2737,10:03:31,8.67,0.02,200,173400,买盘
2738,10:03:25,8.65,--,20,17300,卖盘
2739,10:03:22,8.65,--,1022,884030,买盘
2740,10:03:16,8.65,0.01,120,103800,买盘
2741,10:03:13,8.64,--,6,5184,卖盘
2742,10:03:10,8.64,-0.01,76,65664,卖盘
2743,10:03:07,8.65,0.01,23,19895,买盘
2744,10:03:04,8.64,--,101,87264,卖盘
2745,10:03:01,8.64,-0.01,10,8640,卖盘
2746,10:02:55,8.65,0.01,165,142725,买盘
2747,10:02:49,8.64,--,64,55296,买盘
2748,10:02:46,8.64,--,7,6048,买盘
2749,10:02:43,8.64,--,307,265248,卖盘
2750,10:02:40,8.64,-0.01,210,181440,买盘
2751,10:02:37,8.65,0.01,245,211925,买盘
2752,10:02:34,8.64,-0.01,37,31968,卖盘
2753,10:02:28,8.65,0.01,38,32870,买盘
2754,10:02:25,8.64,--,55,47520,卖盘
2755,10:02:19,8.64,--,35,30240,卖盘
2756,10:02:16,8.64,0.01,118,101952,买盘
2757,10:02:13,8.63,--,42,36246,卖盘
2758,10:02:10,8.63,-0.01,48,41424,卖盘
2759,10:02:07,8.64,--,87,75168,买盘
2760,10:02:04,8.64,--,237,204768,买盘
2761,10:02:01,8.64,0.01,169,146016,买盘
2762,10:01:58,8.63,-0.01,11,9493,卖盘
2763,10:01:55,8.64,--,415,358560,卖盘
2764,10:01:46,8.64,-0.01,394,340416,卖盘
2765,10:01:43,8.65,--,37,32005,买盘
2766,10:01:40,8.65,--,27,23355,卖盘
2767,10:01:37,8.65,--,46,39790,卖盘
2768,10:01:34,8.65,--,447,386655,卖盘
2769,10:01:31,8.65,--,50,43250,卖盘
2770,10:01:28,8.65,-0.01,21,18165,卖盘
2771,10:01:19,8.66,--,253,219098,卖盘
2772,10:01:16,8.66,-0.01,1379,1194214,卖盘
2773,10:01:13,8.67,0.01,114,98838,买盘
2774,10:01:10,8.66,-0.01,8,6928,卖盘
2775,10:01:07,8.67,--,140,121380,买盘
2776,10:01:04,8.67,--,39,33813,买盘
2777,10:01:01,8.67,--,183,158661,买盘
2778,10:00:58,8.67,0.01,69,59823,买盘
2779,10:00:55,8.66,-0.01,228,197448,卖盘
2780,10:00:52,8.67,--,82,71094,买盘
2781,10:00:49,8.67,--,150,130050,卖盘
2782,10:00:37,8.67,0.01,162,140454,买盘
2783,10:00:34,8.66,-0.01,52,45032,卖盘
2784,10:00:31,8.67,--,120,104040,买盘
2785,10:00:28,8.67,--,18,15606,买盘
2786,10:00:25,8.67,-0.01,106,91902,卖盘
2787,10:00:22,8.68,0.02,519,450492,买盘
2788,10:00:13,8.66,-0.01,85,73610,卖盘
2789,10:00:10,8.67,-0.01,55,47685,卖盘
2790,10:00:07,8.68,0.01,41,35588,买盘
2791,10:00:04,8.67,--,48,41616,卖盘
2792,10:00:01,8.67,--,1,867,卖盘
2793,09:59:58,8.67,0.01,47,40749,买盘
2794,09:59:55,8.66,-0.01,201,174066,卖盘
2795,09:59:52,8.67,0.01,45,39015,卖盘
2796,09:59:49,8.66,--,507,439062,卖盘
2797,09:59:46,8.66,-0.01,3,2598,卖盘
2798,09:59:43,8.67,0.01,250,216750,买盘
2799,09:59:37,8.66,-0.01,82,71012,卖盘
2800,09:59:34,8.67,0.01,204,176868,买盘
2801,09:59:28,8.66,--,80,69280,买盘
2802,09:59:25,8.66,-0.01,15,12990,买盘
2803,09:59:19,8.67,0.01,664,575688,买盘
2804,09:59:16,8.66,--,230,199180,卖盘
2805,09:59:13,8.66,--,250,216500,卖盘
2806,09:59:10,8.66,--,10,8660,卖盘
2807,09:59:01,8.66,--,31,26846,卖盘
2808,09:58:58,8.66,--,10,8660,卖盘
2809,09:58:55,8.66,--,109,94394,买盘
2810,09:58:52,8.66,--,30,25980,买盘
2811,09:58:49,8.66,0.01,16,13856,买盘
2812,09:58:46,8.65,-0.01,22,19030,卖盘
2813,09:58:43,8.66,--,285,246810,买盘
2814,09:58:40,8.66,--,5,4330,买盘
2815,09:58:37,8.66,--,3,2598,买盘
2816,09:58:34,8.66,--,121,104786,买盘
2817,09:58:31,8.66,--,629,544714,卖盘
2818,09:58:28,8.66,-0.01,955,827030,卖盘
2819,09:58:25,8.67,0.01,1622,1406274,买盘
2820,09:58:22,8.66,--,72,62352,卖盘
2821,09:58:19,8.66,-0.01,52,45032,卖盘
2822,09:58:16,8.67,--,135,117045,买盘
2823,09:58:13,8.67,--,37,32079,买盘
2824,09:58:09,8.67,0.01,12,10404,买盘
2825,09:58:06,8.66,-0.01,3,2598,卖盘
2826,09:58:03,8.67,--,51,44217,买盘
2827,09:58:00,8.67,-0.01,355,307785,卖盘
2828,09:57:54,8.68,--,23,19964,买盘
2829,09:57:51,8.68,--,11,9548,买盘
2830,09:57:48,8.68,--,90,78120,买盘
2831,09:57:45,8.68,0.01,157,136276,买盘
2832,09:57:42,8.67,-0.01,21,18207,卖盘
2833,09:57:39,8.68,--,22,19096,买盘
2834,09:57:36,8.68,--,85,73780,买盘
2835,09:57:33,8.68,-0.01,31,26908,卖盘
2836,09:57:30,8.69,0.01,220,191180,买盘
2837,09:57:27,8.68,--,161,139748,卖盘
2838,09:57:24,8.68,0.02,223,193564,买盘
2839,09:57:21,8.66,-0.02,81,70146,卖盘
2840,09:57:18,8.68,0.01,630,546840,买盘
2841,09:57:15,8.67,-0.01,31,26877,卖盘
2842,09:57:12,8.68,--,48,41664,买盘
2843,09:57:09,8.68,--,13,11284,买盘
2844,09:57:06,8.68,--,304,263872,卖盘
2845,09:57:00,8.68,--,401,348068,卖盘
2846,09:56:57,8.68,-0.01,10,8680,卖盘
2847,09:56:54,8.69,--,332,288508,买盘
2848,09:56:48,8.69,-0.01,398,345862,卖盘
2849,09:56:45,8.7,-0.01,50,43500,买盘
2850,09:56:42,8.71,--,307,267397,买盘
2851,09:56:39,8.71,--,410,357110,买盘
2852,09:56:36,8.71,--,43,37453,买盘
2853,09:56:33,8.71,--,320,278720,卖盘
2854,09:56:30,8.71,--,304,264784,卖盘
2855,09:56:27,8.71,--,25,21775,卖盘
2856,09:56:24,8.71,--,239,208169,卖盘
2857,09:56:21,8.71,-0.01,618,538278,卖盘
2858,09:56:18,8.72,--,358,312176,买盘
2859,09:56:12,8.72,-0.01,106,92432,买盘
2860,09:56:09,8.73,0.02,557,486261,买盘
2861,09:56:06,8.71,--,176,153296,卖盘
2862,09:56:03,8.71,--,3,2613,卖盘
2863,09:56:00,8.71,--,790,688090,买盘
2864,09:55:57,8.71,0.01,16,13936,买盘
2865,09:55:54,8.7,--,288,250559,卖盘
2866,09:55:51,8.7,--,25,21750,卖盘
2867,09:55:48,8.7,--,221,192269,卖盘
2868,09:55:45,8.7,--,266,231419,卖盘
