,time,price,change,volume,amount,type
0,15:00:21,16.46,-0.01,3415,5622472,卖盘
1,14:57:21,16.47,--,0,0,买盘
2,14:57:03,16.47,-0.01,11,18117,卖盘
3,14:57:00,16.48,--,343,565264,买盘
4,14:56:57,16.48,0.01,594,978912,买盘
5,14:56:54,16.47,-0.01,320,527040,卖盘
6,14:56:51,16.48,--,78,128544,买盘
7,14:56:48,16.48,--,83,136784,买盘
8,14:56:45,16.48,--,151,248848,买盘
9,14:56:39,16.48,--,68,112064,买盘
10,14:56:36,16.48,--,214,352672,买盘
11,14:56:33,16.48,0.01,48,79104,买盘
12,14:56:30,16.47,--,124,204228,卖盘
13,14:56:27,16.47,-0.01,309,508922,卖盘
14,14:56:24,16.48,--,77,126896,卖盘
15,14:56:21,16.48,--,97,159856,卖盘
16,14:56:18,16.48,--,560,922880,卖盘
17,14:56:15,16.48,--,464,764672,卖盘
18,14:56:12,16.48,-0.01,121,199408,卖盘
19,14:56:09,16.49,0.01,827,1363722,买盘
20,14:56:03,16.48,--,96,158208,卖盘
21,14:55:57,16.48,-0.01,200,329600,卖盘
22,14:55:54,16.49,--,56,92343,买盘
23,14:55:51,16.49,--,27,44522,卖盘
24,14:55:48,16.49,--,353,582097,卖盘
25,14:55:45,16.49,--,435,717314,卖盘
26,14:55:39,16.49,-0.01,120,197879,卖盘
27,14:55:36,16.5,0.01,87,143550,买盘
28,14:55:30,16.49,--,219,361130,卖盘
29,14:55:27,16.49,-0.01,101,166548,卖盘
30,14:55:24,16.5,0.01,32,52800,买盘
31,14:55:21,16.49,--,48,79151,卖盘
32,14:55:18,16.49,-0.01,104,171495,卖盘
33,14:55:15,16.5,--,11,18150,买盘
34,14:55:12,16.5,--,31,51150,买盘
35,14:55:09,16.5,--,122,201300,买盘
36,14:55:06,16.5,--,1558,2571822,卖盘
37,14:55:03,16.5,--,143,235950,卖盘
38,14:55:00,16.5,--,174,287100,卖盘
39,14:54:57,16.5,--,447,737550,卖盘
40,14:54:54,16.5,--,363,598950,卖盘
41,14:54:51,16.5,--,340,561000,卖盘
42,14:54:48,16.5,-0.01,50,82500,卖盘
43,14:54:45,16.51,--,299,493649,买盘
44,14:54:42,16.51,0.01,76,125476,买盘
45,14:54:39,16.5,--,337,556644,卖盘
46,14:54:36,16.5,--,97,160050,卖盘
47,14:54:33,16.5,--,321,529650,卖盘
48,14:54:30,16.5,-0.01,173,285450,卖盘
49,14:54:27,16.51,--,145,239395,买盘
50,14:54:21,16.51,0.01,215,354965,买盘
51,14:54:18,16.5,-0.01,178,293700,卖盘
52,14:54:12,16.51,--,1206,1991106,买盘
53,14:54:09,16.51,--,193,318643,买盘
54,14:54:06,16.51,--,45,74295,买盘
55,14:54:03,16.51,--,233,385739,卖盘
56,14:53:57,16.51,-0.01,378,624078,卖盘
57,14:53:54,16.52,0.01,217,358484,买盘
58,14:53:48,16.51,--,155,255905,卖盘
59,14:53:45,16.51,--,241,397891,卖盘
60,14:53:42,16.51,--,37,61087,卖盘
61,14:53:39,16.51,-0.01,168,277368,卖盘
62,14:53:36,16.52,0.01,160,264320,买盘
63,14:53:33,16.51,--,282,465582,卖盘
64,14:53:30,16.51,--,33,54483,卖盘
65,14:53:24,16.51,-0.01,637,1051687,卖盘
66,14:53:21,16.52,--,2,3304,买盘
67,14:53:15,16.52,0.01,171,282492,买盘
68,14:53:09,16.51,--,199,328549,卖盘
69,14:53:06,16.51,--,283,467233,卖盘
70,14:53:03,16.51,--,402,663702,卖盘
71,14:53:00,16.51,--,88,145288,卖盘
72,14:52:57,16.51,--,20,33020,卖盘
73,14:52:54,16.51,-0.01,36,59436,卖盘
74,14:52:51,16.52,0.01,115,189980,买盘
75,14:52:45,16.51,-0.01,403,665353,卖盘
76,14:52:42,16.52,--,48,79296,买盘
77,14:52:39,16.52,0.01,346,571592,买盘
78,14:52:36,16.51,--,78,128778,卖盘
79,14:52:33,16.51,-0.01,75,123825,卖盘
80,14:52:27,16.52,--,97,160244,买盘
81,14:52:24,16.52,--,203,335356,买盘
82,14:52:21,16.52,--,324,535248,买盘
83,14:52:18,16.52,0.01,254,419608,买盘
84,14:52:15,16.51,-0.01,106,175006,卖盘
85,14:52:12,16.52,--,335,553420,卖盘
86,14:52:06,16.52,0.01,98,163481,买盘
87,14:52:03,16.51,--,374,617474,卖盘
88,14:52:00,16.51,--,147,242697,卖盘
89,14:51:57,16.51,-0.01,76,125476,卖盘
90,14:51:54,16.52,--,631,1042412,买盘
91,14:51:48,16.52,0.01,366,604632,买盘
92,14:51:45,16.51,--,73,120523,卖盘
93,14:51:42,16.51,--,226,373126,卖盘
94,14:51:39,16.51,--,148,244348,卖盘
95,14:51:36,16.51,--,363,599313,卖盘
96,14:51:33,16.51,-0.01,177,292227,卖盘
97,14:51:30,16.52,--,10,16520,买盘
98,14:51:27,16.52,--,221,365092,买盘
99,14:51:24,16.52,--,124,204848,买盘
100,14:51:18,16.52,--,67,110684,买盘
101,14:51:15,16.52,--,10,16520,买盘
102,14:51:09,16.52,--,500,826925,卖盘
103,14:51:06,16.52,--,10,16520,卖盘
104,14:51:03,16.52,-0.01,311,513772,卖盘
105,14:50:57,16.53,0.01,116,192739,买盘
106,14:50:54,16.52,--,382,631064,卖盘
107,14:50:51,16.52,--,57,94164,卖盘
108,14:50:48,16.52,--,208,343616,卖盘
109,14:50:45,16.52,--,71,117292,卖盘
110,14:50:42,16.52,--,437,721924,卖盘
111,14:50:39,16.52,--,5,8260,卖盘
112,14:50:36,16.52,-0.01,120,198240,卖盘
113,14:50:33,16.53,--,226,373578,买盘
114,14:50:30,16.53,--,231,381843,买盘
115,14:50:27,16.53,--,110,181830,买盘
116,14:50:24,16.53,0.01,42,69426,买盘
117,14:50:21,16.52,--,201,332052,卖盘
118,14:50:18,16.52,--,67,110684,卖盘
119,14:50:15,16.52,--,206,340312,卖盘
120,14:50:12,16.52,--,11,18172,卖盘
121,14:50:09,16.52,-0.01,201,332052,卖盘
122,14:50:03,16.53,--,73,120702,买盘
123,14:50:00,16.53,0.01,47,77691,买盘
124,14:49:57,16.52,-0.01,156,257712,卖盘
125,14:49:51,16.53,--,247,408291,买盘
126,14:49:48,16.53,0.01,146,241338,买盘
127,14:49:42,16.52,-0.01,92,151984,卖盘
128,14:49:39,16.53,0.01,36,59508,买盘
129,14:49:36,16.52,--,239,394828,卖盘
130,14:49:33,16.52,-0.01,83,137116,卖盘
131,14:49:30,16.53,0.01,43,71079,买盘
132,14:49:27,16.52,--,63,104076,卖盘
133,14:49:24,16.52,-0.01,18,29736,卖盘
134,14:49:21,16.53,--,225,371925,买盘
135,14:49:18,16.53,0.01,53,87609,买盘
136,14:49:15,16.52,--,222,366909,卖盘
137,14:49:12,16.52,--,128,211456,卖盘
138,14:49:09,16.52,-0.01,205,338660,卖盘
139,14:49:06,16.53,--,245,404985,买盘
140,14:49:03,16.53,--,28,46284,买盘
141,14:49:00,16.53,0.01,77,128471,买盘
142,14:48:57,16.52,-0.01,246,406392,卖盘
143,14:48:54,16.53,--,141,233073,买盘
144,14:48:51,16.53,0.01,51,84303,买盘
145,14:48:48,16.52,--,20,33040,卖盘
146,14:48:42,16.52,--,598,987896,卖盘
147,14:48:39,16.52,-0.01,236,389872,卖盘
148,14:48:36,16.53,--,230,380190,买盘
149,14:48:33,16.53,--,191,315723,买盘
150,14:48:30,16.53,--,201,332253,买盘
151,14:48:27,16.53,--,74,122322,买盘
152,14:48:24,16.53,--,67,110751,买盘
153,14:48:21,16.53,--,54,89262,买盘
154,14:48:18,16.53,-0.01,157,259521,卖盘
155,14:48:15,16.54,0.01,33,54582,买盘
156,14:48:12,16.53,--,88,145464,卖盘
157,14:48:09,16.53,-0.01,200,330600,卖盘
158,14:48:06,16.54,0.01,177,292758,买盘
159,14:48:03,16.53,--,221,365313,卖盘
160,14:48:00,16.53,--,72,119016,卖盘
161,14:47:57,16.53,--,51,84303,卖盘
162,14:47:54,16.53,-0.01,74,122322,卖盘
163,14:47:51,16.54,-0.01,24,39696,中性盘
164,14:47:48,16.55,0.02,3,4965,买盘
165,14:47:45,16.53,--,220,363660,卖盘
166,14:47:42,16.53,--,365,603345,卖盘
167,14:47:39,16.53,--,31,51243,卖盘
168,14:47:33,16.53,--,44,72732,卖盘
169,14:47:30,16.53,-0.01,359,593427,卖盘
170,14:47:27,16.54,--,16,26464,中性盘
171,14:47:24,16.54,--,22,36388,卖盘
172,14:47:21,16.54,--,58,95932,买盘
173,14:47:18,16.54,--,113,186902,买盘
174,14:47:15,16.54,0.01,133,219982,买盘
175,14:47:12,16.53,--,15,24795,卖盘
176,14:47:09,16.53,--,50,82650,卖盘
177,14:47:03,16.53,-0.01,21,34713,卖盘
178,14:47:00,16.54,--,11,18194,买盘
179,14:46:57,16.54,--,5,8270,买盘
180,14:46:54,16.54,--,17,28118,买盘
181,14:46:51,16.54,--,42,69468,买盘
182,14:46:48,16.54,--,11,18194,买盘
183,14:46:45,16.54,--,9,14886,买盘
184,14:46:42,16.54,--,31,51274,买盘
185,14:46:36,16.54,-0.01,99,163746,卖盘
186,14:46:33,16.55,0.01,207,342585,买盘
187,14:46:30,16.54,--,111,183594,卖盘
188,14:46:24,16.54,--,37,61198,卖盘
189,14:46:21,16.54,-0.01,791,1308314,卖盘
190,14:46:15,16.55,--,25,41375,买盘
191,14:46:12,16.55,--,77,127435,卖盘
192,14:46:09,16.55,--,917,1517635,买盘
193,14:46:06,16.55,--,177,294325,卖盘
194,14:46:03,16.55,--,16,26480,卖盘
195,14:46:00,16.55,--,212,350860,卖盘
196,14:45:57,16.55,--,28,46340,卖盘
197,14:45:54,16.55,--,100,165500,卖盘
198,14:45:51,16.55,-0.01,118,195290,卖盘
199,14:45:48,16.56,--,8,13247,买盘
200,14:45:42,16.56,0.01,5,8280,买盘
201,14:45:39,16.55,-0.02,345,570975,卖盘
202,14:45:30,16.57,0.01,10,16570,买盘
203,14:45:27,16.56,--,31,51335,卖盘
204,14:45:24,16.56,--,43,71208,卖盘
205,14:45:18,16.56,-0.01,132,218591,卖盘
206,14:45:15,16.57,0.01,260,430820,买盘
207,14:45:12,16.56,--,324,536544,卖盘
208,14:45:06,16.56,--,4,6623,卖盘
209,14:45:03,16.56,-0.01,51,84456,卖盘
210,14:44:57,16.57,--,21,34797,买盘
211,14:44:54,16.57,--,116,192212,买盘
212,14:44:51,16.57,--,39,64623,卖盘
213,14:44:48,16.57,--,236,391052,买盘
214,14:44:45,16.57,--,12,19884,买盘
215,14:44:42,16.57,--,14,23198,买盘
216,14:44:36,16.57,--,11,18227,买盘
217,14:44:30,16.57,--,146,241922,买盘
218,14:44:24,16.57,--,74,122618,卖盘
219,14:44:21,16.57,--,3,4971,卖盘
220,14:44:18,16.57,--,65,107705,卖盘
221,14:44:15,16.57,--,6,9942,卖盘
222,14:44:09,16.57,--,20,33140,卖盘
223,14:44:06,16.57,--,24,39768,卖盘
224,14:44:03,16.57,0.01,7,11599,买盘
225,14:44:00,16.56,-0.02,31,51335,卖盘
226,14:43:57,16.58,0.01,263,436319,买盘
227,14:43:54,16.57,--,10,16570,买盘
228,14:43:51,16.57,--,12,19884,买盘
229,14:43:48,16.57,--,22,36454,买盘
230,14:43:45,16.57,--,1,1657,买盘
231,14:43:42,16.57,--,1,1657,买盘
232,14:43:39,16.57,--,8,13256,卖盘
233,14:43:33,16.57,--,22,36454,卖盘
234,14:43:30,16.57,-0.01,4,6628,卖盘
235,14:43:24,16.58,0.01,13,21553,买盘
236,14:43:21,16.57,--,64,106048,卖盘
237,14:43:18,16.57,--,25,41425,卖盘
238,14:43:12,16.57,--,30,49710,卖盘
239,14:43:09,16.57,--,152,251864,买盘
240,14:42:57,16.57,--,72,119304,买盘
241,14:42:51,16.57,0.02,29,48053,买盘
242,14:42:48,16.55,-0.01,60,99300,卖盘
243,14:42:45,16.56,--,22,36432,卖盘
244,14:42:42,16.56,--,34,56303,卖盘
245,14:42:39,16.56,--,13,21528,卖盘
246,14:42:36,16.56,0.01,180,298080,买盘
247,14:42:30,16.55,-0.01,44,72820,卖盘
248,14:42:27,16.56,--,10,16560,买盘
249,14:42:24,16.56,0.01,42,69552,买盘
250,14:42:21,16.55,-0.01,264,436920,卖盘
251,14:42:15,16.56,0.01,104,172224,买盘
252,14:42:12,16.55,--,101,167155,卖盘
253,14:42:09,16.55,--,5,8275,卖盘
254,14:42:06,16.55,-0.01,24,39720,卖盘
255,14:42:03,16.56,0.01,12,19872,买盘
256,14:42:00,16.55,--,60,99300,卖盘
257,14:41:57,16.55,--,11,18205,卖盘
258,14:41:51,16.55,--,29,47995,卖盘
259,14:41:45,16.55,--,154,254870,买盘
260,14:41:42,16.55,--,1,1655,买盘
261,14:41:39,16.55,--,10,16550,卖盘
262,14:41:36,16.55,--,22,36410,卖盘
263,14:41:33,16.55,-0.01,2,3310,中性盘
264,14:41:24,16.56,0.01,67,110951,买盘
265,14:41:21,16.55,0.01,5,8275,买盘
266,14:41:18,16.54,-0.01,216,357264,卖盘
267,14:41:12,16.55,0.01,209,345895,买盘
268,14:41:09,16.54,--,36,59544,买盘
269,14:41:06,16.54,--,135,223290,买盘
270,14:41:03,16.54,0.01,34,56236,买盘
271,14:40:57,16.53,--,41,67773,卖盘
272,14:40:54,16.53,--,9,14877,卖盘
273,14:40:51,16.53,0.01,55,90915,中性盘
274,14:40:48,16.52,--,159,262668,卖盘
275,14:40:38,16.52,-0.01,57,94164,卖盘
276,14:40:35,16.53,--,46,76038,买盘
277,14:40:32,16.53,--,167,276051,卖盘
278,14:40:29,16.53,--,51,84303,卖盘
279,14:40:26,16.53,0.01,23,38019,中性盘
280,14:40:23,16.52,-0.01,168,277536,卖盘
281,14:40:20,16.53,--,150,247950,买盘
282,14:40:17,16.53,--,134,221502,买盘
283,14:40:14,16.53,0.01,1,1653,买盘
284,14:40:11,16.52,-0.01,61,100772,卖盘
285,14:40:08,16.53,--,20,33060,买盘
286,14:40:05,16.53,0.01,5,8265,买盘
287,14:40:02,16.52,-0.01,46,75992,卖盘
288,14:39:59,16.53,0.01,61,100833,买盘
289,14:39:53,16.52,--,32,52864,卖盘
290,14:39:50,16.52,--,4,6608,卖盘
291,14:39:47,16.52,-0.01,92,151984,卖盘
292,14:39:41,16.53,0.01,5,8265,买盘
293,14:39:38,16.52,--,22,36344,卖盘
294,14:39:32,16.52,--,106,175112,买盘
295,14:39:29,16.52,0.01,67,110684,中性盘
296,14:39:26,16.51,-0.01,305,504215,卖盘
297,14:39:23,16.52,-0.01,101,167843,卖盘
298,14:39:20,16.53,0.01,230,380190,买盘
299,14:39:17,16.52,--,8,13216,卖盘
300,14:39:14,16.52,--,81,133812,卖盘
301,14:39:11,16.52,--,102,168504,卖盘
302,14:39:08,16.52,-0.01,13,21476,卖盘
303,14:39:05,16.53,0.01,66,109098,买盘
304,14:39:02,16.52,--,78,129516,卖盘
305,14:38:59,16.52,--,59,97468,卖盘
306,14:38:56,16.52,--,131,216412,卖盘
307,14:38:53,16.52,--,41,67732,卖盘
308,14:38:50,16.52,-0.01,165,272580,卖盘
309,14:38:47,16.53,0.01,7,11571,买盘
310,14:38:44,16.52,--,1,1652,卖盘
311,14:38:41,16.52,--,22,36344,卖盘
312,14:38:38,16.52,--,27,44604,卖盘
313,14:38:35,16.52,-0.01,111,183372,卖盘
314,14:38:32,16.53,--,86,142158,卖盘
315,14:38:26,16.53,--,127,209931,卖盘
316,14:38:23,16.53,-0.01,183,302499,卖盘
317,14:38:20,16.54,0.01,26,43004,买盘
318,14:38:14,16.53,--,75,123975,卖盘
319,14:38:11,16.53,-0.01,42,69426,卖盘
320,14:38:05,16.54,-0.01,400,661600,卖盘
321,14:38:02,16.55,-0.01,90,150009,卖盘
322,14:37:56,16.56,0.01,163,269928,买盘
323,14:37:53,16.55,--,273,451815,卖盘
324,14:37:47,16.55,--,530,877150,卖盘
325,14:37:44,16.55,--,14,23170,卖盘
326,14:37:41,16.55,-0.01,40,66200,卖盘
327,14:37:38,16.56,--,200,331200,卖盘
328,14:37:35,16.56,-0.01,56,92736,卖盘
329,14:37:32,16.57,0.01,1,1657,买盘
330,14:37:26,16.56,--,164,271584,卖盘
331,14:37:23,16.56,--,143,236807,卖盘
332,14:37:17,16.56,-0.01,480,794879,卖盘
333,14:37:14,16.57,0.01,39,64623,买盘
334,14:37:11,16.56,-0.01,21,34776,卖盘
335,14:37:08,16.57,--,164,271748,卖盘
336,14:37:05,16.57,--,226,374482,卖盘
337,14:37:02,16.57,--,31,51367,卖盘
338,14:36:59,16.57,--,21,34797,卖盘
339,14:36:56,16.57,--,38,62966,卖盘
340,14:36:53,16.57,-0.01,115,190555,卖盘
341,14:36:50,16.58,0.01,30,49739,买盘
342,14:36:41,16.57,-0.02,371,614747,卖盘
343,14:36:38,16.59,-0.01,2,3318,卖盘
344,14:36:35,16.6,0.01,1006,1669960,买盘
345,14:36:29,16.59,--,105,174195,卖盘
346,14:36:26,16.59,--,35,58065,卖盘
347,14:36:23,16.59,-0.01,5,8295,卖盘
348,14:36:20,16.6,--,23,38180,买盘
349,14:36:17,16.6,0.01,3,4980,买盘
350,14:36:14,16.59,-0.01,38,63042,卖盘
351,14:36:08,16.6,--,278,461480,卖盘
352,14:36:05,16.6,--,79,131140,卖盘
353,14:36:02,16.6,--,117,194220,卖盘
354,14:35:59,16.6,--,63,104580,卖盘
355,14:35:56,16.6,--,45,74700,卖盘
356,14:35:53,16.6,--,27,44820,卖盘
357,14:35:50,16.6,--,22,36520,卖盘
358,14:35:47,16.6,--,120,199200,卖盘
359,14:35:44,16.6,--,20,33200,卖盘
360,14:35:41,16.6,-0.01,11,18260,卖盘
361,14:35:38,16.61,0.01,20,33220,买盘
362,14:35:35,16.6,--,15,24900,卖盘
363,14:35:32,16.6,-0.01,46,77953,卖盘
364,14:35:29,16.61,--,80,132880,卖盘
365,14:35:26,16.61,--,24,39864,卖盘
366,14:35:23,16.61,-0.01,9,14949,卖盘
367,14:35:20,16.62,0.01,3,4986,买盘
368,14:35:17,16.61,--,27,44847,卖盘
369,14:35:14,16.61,--,23,38203,卖盘
370,14:35:11,16.61,--,22,36542,卖盘
371,14:35:05,16.61,--,1,1661,卖盘
372,14:34:59,16.61,--,15,24915,卖盘
373,14:34:56,16.61,--,47,78067,卖盘
374,14:34:53,16.61,0.01,71,117997,买盘
375,14:34:50,16.6,-0.01,13,21580,卖盘
376,14:34:47,16.61,--,10,16610,买盘
377,14:34:44,16.61,--,66,111220,卖盘
378,14:34:41,16.61,--,23,38203,卖盘
379,14:34:35,16.61,--,12,19932,卖盘
380,14:34:32,16.61,--,21,34881,卖盘
381,14:34:23,16.61,--,50,83050,卖盘
382,14:34:17,16.61,0.01,55,91421,买盘
383,14:34:11,16.6,-0.01,30,49800,卖盘
384,14:34:11,16.61,--,246,408606,买盘
385,14:34:05,16.61,0.01,11,18271,买盘
386,14:34:02,16.6,--,18,29880,卖盘
387,14:33:59,16.6,--,14,23240,卖盘
388,14:33:56,16.6,-0.01,62,102920,卖盘
389,14:33:50,16.61,--,150,249150,买盘
390,14:33:44,16.61,0.01,17,28237,买盘
391,14:33:38,16.6,--,367,609220,卖盘
392,14:33:35,16.6,--,24,39840,卖盘
393,14:33:32,16.6,0.01,145,240700,买盘
394,14:33:23,16.59,--,41,68019,卖盘
395,14:33:20,16.59,0.01,109,181826,买盘
396,14:33:14,16.58,--,111,184037,卖盘
397,14:33:11,16.58,--,205,339889,卖盘
398,14:33:08,16.58,--,5,8290,卖盘
399,14:33:02,16.58,0.01,567,940351,买盘
400,14:32:56,16.57,0.01,92,152444,买盘
401,14:32:53,16.56,-0.01,35,57959,卖盘
402,14:32:50,16.57,--,636,1053852,买盘
403,14:32:41,16.57,--,231,382767,买盘
404,14:32:35,16.57,--,11,18227,买盘
405,14:32:29,16.57,0.01,57,94449,买盘
406,14:32:23,16.56,-0.01,121,200375,卖盘
407,14:32:20,16.57,--,173,286661,买盘
408,14:32:17,16.57,--,10,16570,买盘
409,14:32:14,16.57,--,272,450704,卖盘
410,14:32:11,16.57,--,12,19884,卖盘
411,14:32:08,16.57,--,84,139188,卖盘
412,14:32:05,16.57,--,208,344656,买盘
413,14:32:02,16.57,--,22,36454,买盘
414,14:31:59,16.57,--,7,11599,买盘
415,14:31:56,16.57,--,21,34797,买盘
416,14:31:53,16.57,--,258,427506,买盘
417,14:31:47,16.57,--,13,21541,买盘
418,14:31:41,16.57,--,13,21541,买盘
419,14:31:38,16.57,-0.01,436,722452,卖盘
420,14:31:32,16.58,0.01,57,94505,买盘
421,14:31:29,16.57,-0.01,35,57995,卖盘
422,14:31:26,16.58,0.01,109,180721,买盘
423,14:31:23,16.57,--,101,167357,卖盘
424,14:31:20,16.57,--,11,18227,卖盘
425,14:31:17,16.57,-0.01,60,99420,卖盘
426,14:31:11,16.58,--,8,13263,买盘
427,14:31:08,16.58,--,119,197301,卖盘
428,14:31:05,16.58,-0.01,22,36475,卖盘
429,14:31:02,16.59,--,18,29862,买盘
430,14:30:56,16.59,0.01,52,86268,买盘
431,14:30:56,16.58,-0.01,23,38133,卖盘
432,14:30:41,16.59,--,33,55410,卖盘
433,14:30:35,16.59,--,1,1659,卖盘
434,14:30:32,16.59,--,166,275394,卖盘
435,14:30:29,16.59,--,63,104517,卖盘
436,14:30:20,16.59,-0.01,0,530,卖盘
437,14:30:17,16.6,--,49,81340,买盘
438,14:30:14,16.6,--,9,14940,买盘
439,14:30:11,16.6,0.01,5,8300,买盘
440,14:30:08,16.59,--,5,8295,卖盘
441,14:30:05,16.59,--,1,1659,卖盘
442,14:30:02,16.59,--,3,4977,卖盘
443,14:29:59,16.59,-0.01,400,663600,卖盘
444,14:29:56,16.6,0.01,595,988164,买盘
445,14:29:53,16.59,--,26,43134,卖盘
446,14:29:50,16.59,--,19,31521,卖盘
447,14:29:47,16.59,0.03,166,275394,买盘
448,14:29:44,16.56,-0.02,1600,2649600,卖盘
449,14:29:41,16.58,0.01,102,169115,中性盘
450,14:29:38,16.57,--,45,74565,卖盘
451,14:29:35,16.57,-0.01,86,142502,卖盘
452,14:29:32,16.58,--,90,149219,卖盘
453,14:29:29,16.58,0.01,55,91189,买盘
454,14:29:26,16.57,-0.01,149,246893,卖盘
455,14:29:23,16.58,--,14,23211,买盘
456,14:29:17,16.58,0.01,29,48081,买盘
457,14:29:14,16.57,--,10,16570,卖盘
458,14:29:11,16.57,-0.01,280,463960,卖盘
459,14:29:08,16.58,0.01,119,197301,买盘
460,14:29:05,16.57,--,63,104391,卖盘
461,14:29:02,16.57,--,11,18227,卖盘
462,14:28:59,16.57,--,16,26512,卖盘
463,14:28:56,16.57,--,91,150787,卖盘
464,14:28:53,16.57,--,137,227009,卖盘
465,14:28:50,16.57,--,27,44739,卖盘
466,14:28:47,16.57,--,55,91135,卖盘
467,14:28:44,16.57,0.01,92,152444,买盘
468,14:28:41,16.56,--,24,39744,卖盘
469,14:28:38,16.56,--,657,1087992,卖盘
470,14:28:32,16.56,--,62,102671,卖盘
471,14:28:29,16.56,--,58,96047,卖盘
472,14:28:26,16.56,--,131,216935,卖盘
473,14:28:23,16.56,--,67,110951,卖盘
474,14:28:20,16.56,-0.02,10,16560,卖盘
475,14:28:17,16.58,0.01,197,326625,买盘
476,14:28:14,16.57,-0.01,10,16570,中性盘
477,14:28:08,16.58,0.02,1,1657,买盘
478,14:28:05,16.56,-0.01,1040,1722239,卖盘
479,14:28:02,16.57,--,16,26512,卖盘
480,14:27:59,16.57,--,21,34797,卖盘
481,14:27:53,16.57,-0.01,23,38111,卖盘
482,14:27:47,16.58,0.01,59,97821,中性盘
483,14:27:44,16.57,-0.01,21,34797,卖盘
484,14:27:41,16.58,-0.01,340,563720,卖盘
485,14:27:38,16.59,0.01,1,1659,买盘
486,14:27:35,16.58,--,10,16580,卖盘
487,14:27:32,16.58,--,10,16580,卖盘
488,14:27:29,16.58,-0.01,103,170773,卖盘
489,14:27:26,16.59,--,2,3318,买盘
490,14:27:20,16.59,0.01,1,1659,买盘
491,14:27:17,16.58,-0.01,49,81241,卖盘
492,14:27:14,16.59,0.01,14,23226,卖盘
493,14:27:11,16.58,-0.01,50,82899,卖盘
494,14:27:08,16.59,--,3,4977,卖盘
495,14:27:05,16.59,--,82,136038,买盘
496,14:26:59,16.59,0.01,5,8295,买盘
497,14:26:56,16.58,--,53,87873,卖盘
498,14:26:53,16.58,-0.01,50,82899,卖盘
499,14:26:47,16.59,--,12,19908,买盘
500,14:26:44,16.59,0.01,60,99540,买盘
501,14:26:41,16.58,--,46,76267,卖盘
502,14:26:35,16.58,--,7,11605,卖盘
503,14:26:32,16.58,--,8,13263,卖盘
504,14:26:29,16.58,--,84,139272,卖盘
505,14:26:26,16.58,-0.01,8,13263,卖盘
506,14:26:23,16.59,0.01,32,53088,买盘
507,14:26:20,16.58,-0.01,13,21553,卖盘
508,14:26:17,16.59,--,10,16590,买盘
509,14:26:11,16.59,--,1,1659,买盘
510,14:26:08,16.59,0.01,102,169218,买盘
511,14:26:05,16.58,--,12,19895,卖盘
512,14:26:02,16.58,-0.01,102,169115,卖盘
513,14:25:59,16.59,--,29,48111,买盘
514,14:25:50,16.59,--,73,121107,买盘
515,14:25:47,16.59,--,10,16590,买盘
516,14:25:41,16.59,0.01,38,63042,买盘
517,14:25:38,16.58,--,48,79583,卖盘
518,14:25:35,16.58,-0.01,5,8290,卖盘
519,14:25:32,16.59,--,3,4977,买盘
520,14:25:29,16.59,0.01,10,16590,买盘
521,14:25:26,16.58,-0.01,5,8290,卖盘
522,14:25:23,16.59,--,12,19908,买盘
523,14:25:20,16.59,-0.01,42,69678,买盘
524,14:25:05,16.6,--,21,34860,买盘
525,14:25:02,16.6,0.01,354,588835,买盘
526,14:24:59,16.59,--,7,11613,卖盘
527,14:24:56,16.59,--,12,19908,卖盘
528,14:24:50,16.59,--,9,14931,卖盘
529,14:24:44,16.59,--,24,39816,卖盘
530,14:24:41,16.59,--,29,48111,卖盘
531,14:24:35,16.59,--,8,13272,卖盘
532,14:24:32,16.59,--,14,23226,卖盘
533,14:24:29,16.59,--,184,305256,卖盘
534,14:24:26,16.59,-0.01,35,58065,卖盘
535,14:24:23,16.6,0.01,47,78020,买盘
536,14:24:14,16.59,-0.01,12,19908,卖盘
537,14:24:11,16.6,--,50,83000,卖盘
538,14:24:08,16.6,--,121,200860,卖盘
539,14:24:05,16.6,--,228,378480,卖盘
540,14:24:02,16.6,--,87,144420,卖盘
541,14:23:59,16.6,--,8,13280,卖盘
542,14:23:56,16.6,--,10,16600,卖盘
543,14:23:50,16.6,--,89,147740,卖盘
544,14:23:47,16.6,--,31,51460,买盘
545,14:23:44,16.6,0.01,4,6640,中性盘
546,14:23:41,16.59,-0.01,224,371616,卖盘
547,14:23:32,16.6,--,40,66400,卖盘
548,14:23:29,16.6,--,16,26560,卖盘
549,14:23:26,16.6,--,12,19920,卖盘
550,14:23:23,16.6,--,15,24900,卖盘
551,14:23:20,16.6,--,239,398267,买盘
552,14:23:17,16.6,0.01,9,14940,买盘
553,14:23:11,16.59,--,53,87927,卖盘
554,14:23:08,16.59,-0.01,100,165900,卖盘
555,14:23:02,16.6,--,5,8300,买盘
556,14:22:59,16.6,--,5,8432,卖盘
557,14:22:53,16.6,--,46,76360,卖盘
558,14:22:50,16.6,--,254,421640,卖盘
559,14:22:47,16.6,--,174,288840,卖盘
560,14:22:44,16.6,--,12,19920,卖盘
561,14:22:41,16.6,--,240,398400,卖盘
562,14:22:38,16.6,--,210,348600,卖盘
563,14:22:35,16.6,--,76,126160,卖盘
564,14:22:26,16.6,--,10,16600,卖盘
565,14:22:23,16.6,-0.01,8,13280,卖盘
566,14:22:17,16.61,--,3,4983,买盘
567,14:22:11,16.61,0.01,81,134541,买盘
568,14:22:08,16.6,-0.01,21,34860,卖盘
569,14:22:02,16.61,--,155,259049,卖盘
570,14:21:59,16.61,-0.01,11,18271,卖盘
571,14:21:56,16.62,0.01,87,144594,买盘
572,14:21:50,16.61,--,44,73084,卖盘
573,14:21:47,16.61,--,61,101321,卖盘
574,14:21:35,16.61,--,24,39864,卖盘
575,14:21:32,16.61,--,5,8305,卖盘
576,14:21:29,16.61,-0.01,21,34881,卖盘
577,14:21:26,16.62,0.01,127,211074,买盘
578,14:21:23,16.61,--,18,29898,卖盘
579,14:21:17,16.61,--,21,34881,卖盘
580,14:21:14,16.61,-0.01,76,126236,卖盘
581,14:21:11,16.62,0.01,52,86424,买盘
582,14:21:08,16.61,--,31,51491,卖盘
583,14:21:05,16.61,--,1,1661,卖盘
584,14:20:59,16.61,-0.01,74,122914,卖盘
585,14:20:56,16.62,0.01,6,9972,买盘
586,14:20:53,16.61,--,30,49830,卖盘
587,14:20:50,16.61,--,51,84711,卖盘
588,14:20:47,16.61,-0.01,4,6644,卖盘
589,14:20:44,16.62,--,20,33240,买盘
590,14:20:38,16.62,0.01,12,19944,买盘
591,14:20:29,16.61,--,69,114609,卖盘
592,14:20:26,16.61,--,11,18271,卖盘
593,14:20:20,16.61,--,11,18271,卖盘
594,14:20:14,16.61,--,32,53152,卖盘
595,14:20:08,16.61,--,10,16610,卖盘
596,14:20:02,16.61,--,17,28237,卖盘
597,14:19:58,16.61,--,20,33220,卖盘
598,14:19:55,16.61,--,17,28237,卖盘
599,14:19:52,16.61,--,80,132880,卖盘
600,14:19:49,16.61,-0.01,10,16610,卖盘
601,14:19:46,16.62,--,1,1662,买盘
602,14:19:34,16.62,--,40,66480,卖盘
603,14:19:28,16.62,--,57,94734,卖盘
604,14:19:22,16.62,--,48,79776,卖盘
605,14:19:19,16.62,--,5,8310,卖盘
606,14:19:16,16.62,--,72,119664,卖盘
607,14:19:10,16.62,-0.01,21,34902,卖盘
608,14:19:07,16.63,--,4,6652,买盘
609,14:18:58,16.63,--,29,48227,买盘
610,14:18:55,16.63,--,126,209538,买盘
611,14:18:49,16.63,0.01,11,18293,买盘
612,14:18:46,16.62,--,5,8310,卖盘
613,14:18:43,16.62,-0.01,21,34902,卖盘
614,14:18:40,16.63,--,109,181267,买盘
615,14:18:34,16.63,--,61,101443,买盘
616,14:18:28,16.63,0.01,61,101443,买盘
617,14:18:25,16.62,--,101,167862,卖盘
618,14:18:19,16.62,--,52,86424,卖盘
619,14:18:16,16.62,-0.01,21,34902,卖盘
620,14:18:10,16.63,--,5,8315,买盘
621,14:18:07,16.63,--,1,1663,买盘
622,14:18:04,16.63,--,66,109758,卖盘
623,14:18:01,16.63,--,45,74835,卖盘
624,14:17:58,16.63,--,57,94791,卖盘
625,14:17:55,16.63,-0.01,1,1663,卖盘
626,14:17:46,16.64,--,31,51584,买盘
627,14:17:43,16.64,0.01,6,9984,买盘
628,14:17:40,16.63,-0.01,1,1663,卖盘
629,14:17:34,16.64,-0.01,15,24960,中性盘
630,14:17:31,16.65,0.01,113,188144,买盘
631,14:17:28,16.64,-0.01,5,8320,买盘
632,14:17:22,16.65,0.01,29,48284,买盘
633,14:17:19,16.64,-0.01,11,18304,卖盘
634,14:17:16,16.65,--,46,76590,买盘
635,14:17:13,16.65,0.01,69,114884,买盘
636,14:17:10,16.64,--,68,113152,卖盘
637,14:17:07,16.64,-0.01,53,88192,卖盘
638,14:17:04,16.65,--,5,8325,买盘
639,14:16:58,16.65,--,55,91574,买盘
640,14:16:55,16.65,0.01,19,31634,买盘
641,14:16:52,16.64,--,12,19968,卖盘
642,14:16:49,16.64,-0.01,29,48256,中性盘
643,14:16:28,16.65,0.02,56,93239,买盘
644,14:16:25,16.63,--,25,41575,卖盘
645,14:16:22,16.63,0.01,15,24945,中性盘
646,14:16:19,16.62,-0.01,146,242652,卖盘
647,14:16:16,16.63,0.01,100,166300,买盘
648,14:16:13,16.62,--,1,1662,卖盘
649,14:16:10,16.62,--,20,33240,卖盘
650,14:16:07,16.62,--,1,1662,卖盘
651,14:16:04,16.62,--,13,21606,卖盘
652,14:16:01,16.62,--,430,714660,买盘
653,14:15:58,16.62,--,91,151242,买盘
654,14:15:49,16.62,0.01,10,16620,买盘
655,14:15:46,16.61,--,29,48169,卖盘
656,14:15:37,16.61,-0.01,17,28237,卖盘
657,14:15:31,16.62,--,30,49860,买盘
658,14:15:28,16.62,0.01,10,16620,买盘
659,14:15:22,16.61,-0.01,130,215930,卖盘
660,14:15:19,16.62,0.01,2,3324,买盘
661,14:15:16,16.61,--,6,9966,卖盘
662,14:15:07,16.61,-0.01,49,81389,卖盘
663,14:15:04,16.62,0.01,1,1662,买盘
664,14:15:01,16.61,-0.01,6,9966,卖盘
665,14:14:52,16.62,0.01,6,9972,买盘
666,14:14:49,16.61,--,6,9966,卖盘
667,14:14:43,16.61,--,12,19932,卖盘
668,14:14:40,16.61,--,2,3388,买盘
669,14:14:37,16.61,0.01,78,129558,买盘
670,14:14:34,16.6,-0.01,65,107900,卖盘
671,14:14:28,16.61,--,22,36542,买盘
672,14:14:22,16.61,0.01,160,267288,买盘
673,14:14:16,16.6,--,13,21580,卖盘
674,14:14:13,16.6,--,1,1660,卖盘
675,14:14:10,16.6,--,45,74700,卖盘
676,14:14:07,16.6,--,151,250660,卖盘
677,14:14:04,16.6,--,89,147740,卖盘
678,14:14:01,16.6,-0.01,32,53120,卖盘
679,14:13:58,16.61,--,18,29898,买盘
680,14:13:43,16.61,0.01,10,16610,买盘
681,14:13:40,16.6,-0.01,32,53120,卖盘
682,14:13:37,16.61,--,68,112948,买盘
683,14:13:34,16.61,--,20,33220,买盘
684,14:13:28,16.61,0.01,10,16610,买盘
685,14:13:25,16.6,--,16,26560,卖盘
686,14:13:22,16.6,-0.01,2,3320,卖盘
687,14:13:13,16.61,--,26,43186,买盘
688,14:13:04,16.61,0.01,100,166100,买盘
689,14:13:01,16.6,-0.01,58,96280,卖盘
690,14:12:58,16.61,--,66,109626,买盘
691,14:12:55,16.61,0.01,326,541486,买盘
692,14:12:52,16.6,-0.01,5,8300,卖盘
693,14:12:49,16.61,0.01,45,74745,买盘
694,14:12:46,16.6,-0.01,58,96280,卖盘
695,14:12:43,16.61,--,10,16610,买盘
696,14:12:40,16.61,0.01,31,51491,买盘
697,14:12:37,16.6,--,22,36520,卖盘
698,14:12:34,16.6,--,109,180940,卖盘
699,14:12:31,16.6,-0.01,51,84660,卖盘
700,14:12:28,16.61,0.01,100,166100,买盘
701,14:12:22,16.6,--,17,28220,卖盘
702,14:12:19,16.6,--,29,48140,卖盘
703,14:12:16,16.6,--,59,97940,卖盘
704,14:12:13,16.6,-0.01,281,466460,卖盘
705,14:12:01,16.61,0.01,4,6644,买盘
706,14:11:58,16.6,--,39,64740,卖盘
707,14:11:55,16.6,-0.01,10,16600,卖盘
708,14:11:52,16.61,--,15,24915,买盘
709,14:11:49,16.61,0.01,18,29898,买盘
710,14:11:46,16.6,-0.01,72,121113,卖盘
711,14:11:43,16.61,--,38,63118,卖盘
712,14:11:37,16.61,-0.01,77,127897,卖盘
713,14:11:34,16.62,0.01,3,4986,买盘
714,14:11:31,16.61,--,21,34881,卖盘
715,14:11:28,16.61,--,20,33220,卖盘
716,14:11:25,16.61,--,28,46508,卖盘
717,14:11:22,16.61,--,21,34881,卖盘
718,14:11:19,16.61,--,26,43186,卖盘
719,14:11:16,16.61,0.01,60,99726,买盘
720,14:11:10,16.6,--,271,449860,卖盘
721,14:11:07,16.6,--,397,659020,卖盘
722,14:11:01,16.6,-0.01,121,200860,卖盘
723,14:10:52,16.61,--,39,66373,卖盘
724,14:10:49,16.61,--,96,159456,卖盘
725,14:10:46,16.61,--,22,36608,买盘
726,14:10:43,16.61,--,34,56474,买盘
727,14:10:40,16.61,0.01,23,38203,买盘
728,14:10:37,16.6,-0.01,143,237380,卖盘
729,14:10:34,16.61,--,73,121253,买盘
730,14:10:31,16.61,0.01,25,41525,买盘
731,14:10:25,16.6,--,36,59760,卖盘
732,14:10:19,16.6,--,60,99600,卖盘
733,14:10:16,16.6,-0.01,26,43160,卖盘
734,14:10:13,16.61,0.01,17,28237,买盘
735,14:10:10,16.6,-0.01,45,74700,卖盘
736,14:10:04,16.61,--,43,71423,买盘
737,14:10:01,16.61,0.01,21,34881,买盘
738,14:09:58,16.6,--,10,16600,卖盘
739,14:09:55,16.6,--,2,3320,卖盘
740,14:09:52,16.6,-0.01,10,16600,卖盘
741,14:09:46,16.61,0.01,67,111287,买盘
742,14:09:43,16.6,--,33,54780,买盘
743,14:09:37,16.6,--,42,69720,卖盘
744,14:09:34,16.6,-0.01,5,8300,卖盘
745,14:09:31,16.61,--,73,121253,买盘
746,14:09:28,16.61,0.01,63,104643,买盘
747,14:09:25,16.6,--,44,73040,买盘
748,14:09:22,16.6,-0.01,21,34860,中性盘
749,14:09:16,16.61,0.01,317,526537,买盘
750,14:09:13,16.6,-0.01,143,238973,卖盘
751,14:09:07,16.61,--,1,1661,买盘
752,14:09:04,16.61,--,5,8305,买盘
753,14:08:58,16.61,--,5,8305,买盘
754,14:08:52,16.61,--,15,24915,卖盘
755,14:08:49,16.61,--,1,1661,卖盘
756,14:08:46,16.61,--,16,26576,卖盘
757,14:08:37,16.61,0.01,6,9966,买盘
758,14:08:34,16.6,-0.01,151,250660,卖盘
759,14:08:28,16.61,--,2,3322,买盘
760,14:08:25,16.61,0.01,14,23254,买盘
761,14:08:22,16.6,--,151,250660,卖盘
762,14:08:19,16.6,--,71,117860,卖盘
763,14:08:13,16.6,--,187,310420,卖盘
764,14:08:10,16.6,--,30,49800,卖盘
765,14:08:07,16.6,--,12,19920,卖盘
766,14:08:04,16.6,--,31,51460,卖盘
767,14:07:58,16.6,--,150,249000,卖盘
768,14:07:55,16.6,--,67,111220,卖盘
769,14:07:52,16.6,-0.01,26,43160,卖盘
770,14:07:49,16.61,0.01,12,19932,买盘
771,14:07:46,16.6,--,10,16600,卖盘
772,14:07:43,16.6,--,127,210820,卖盘
773,14:07:37,16.6,-0.01,111,185422,卖盘
774,14:07:34,16.61,--,5,8305,卖盘
775,14:07:31,16.61,0.01,3,4983,中性盘
776,14:07:25,16.6,-0.01,42,69720,卖盘
777,14:07:22,16.61,--,25,41525,买盘
778,14:07:19,16.61,-0.01,26,43186,买盘
779,14:07:13,16.62,0.02,130,216060,买盘
780,14:07:07,16.6,-0.01,10,16600,卖盘
781,14:07:04,16.61,-0.01,17,28237,中性盘
782,14:06:58,16.62,0.02,62,103044,买盘
783,14:06:55,16.6,-0.02,50,83000,卖盘
784,14:06:52,16.62,--,51,84762,买盘
785,14:06:49,16.62,--,5,8310,买盘
786,14:06:43,16.62,--,1,1662,买盘
787,14:06:40,16.62,-0.01,5,8310,中性盘
788,14:06:37,16.63,0.01,607,1009440,买盘
789,14:06:34,16.62,--,137,227694,卖盘
790,14:06:28,16.62,-0.01,10,16620,卖盘
791,14:06:25,16.63,--,6,9978,买盘
792,14:06:19,16.63,--,129,214527,卖盘
793,14:06:13,16.63,--,4,6652,卖盘
794,14:06:10,16.63,--,14,23282,卖盘
795,14:06:07,16.63,--,1,1663,卖盘
796,14:06:04,16.63,--,39,64856,卖盘
797,14:06:01,16.63,--,70,116410,买盘
798,14:05:58,16.63,--,3,4989,买盘
799,14:05:55,16.63,-0.01,7,11641,卖盘
800,14:05:52,16.64,0.01,100,166400,买盘
801,14:05:49,16.63,--,39,64856,买盘
802,14:05:46,16.63,--,22,36586,卖盘
803,14:05:43,16.63,--,22,36586,卖盘
804,14:05:34,16.63,--,21,34923,卖盘
805,14:05:31,16.63,--,9,14967,卖盘
806,14:05:28,16.63,-0.01,304,505551,卖盘
807,14:05:25,16.64,--,10,16640,买盘
808,14:05:22,16.64,--,10,16640,买盘
809,14:05:19,16.64,0.01,10,16640,买盘
810,14:05:13,16.63,-0.01,38,63193,卖盘
811,14:05:10,16.64,0.01,43,71552,买盘
812,14:05:04,16.63,-0.01,10,16630,卖盘
813,14:04:58,16.64,0.01,80,133120,买盘
814,14:04:55,16.63,-0.01,55,91465,卖盘
815,14:04:52,16.64,--,6,9984,买盘
816,14:04:49,16.64,0.01,40,66560,买盘
817,14:04:46,16.63,-0.01,15,24945,卖盘
818,14:04:43,16.64,--,5,8320,买盘
819,14:04:34,16.64,0.01,22,36608,买盘
820,14:04:31,16.63,--,14,23282,中性盘
821,14:04:25,16.63,--,48,79824,买盘
822,14:04:22,16.63,--,10,16630,买盘
823,14:04:19,16.63,0.01,2,3326,买盘
824,14:04:16,16.62,--,2,3324,卖盘
825,14:04:13,16.62,-0.01,17,28254,卖盘
826,14:04:10,16.63,--,19,31596,买盘
827,14:04:04,16.63,--,9,14967,买盘
828,14:04:01,16.63,0.01,81,134703,买盘
829,14:03:55,16.62,--,24,39888,卖盘
830,14:03:52,16.62,--,23,38924,买盘
831,14:03:49,16.62,--,24,40851,卖盘
832,14:03:46,16.62,-0.01,27,45572,卖盘
833,14:03:43,16.63,0.01,7,11641,买盘
834,14:03:40,16.62,--,10,16620,卖盘
835,14:03:34,16.62,-0.01,1,1662,卖盘
836,14:03:31,16.63,0.02,9,14967,买盘
837,14:03:25,16.61,--,260,431893,卖盘
838,14:03:19,16.61,-0.01,5,8305,卖盘
839,14:03:16,16.62,--,5,8310,买盘
840,14:03:13,16.62,--,16,26592,买盘
841,14:03:10,16.62,--,10,16620,买盘
842,14:03:04,16.62,--,8,13296,买盘
843,14:03:01,16.62,--,6,9972,买盘
844,14:02:55,16.62,0.01,5,8310,买盘
845,14:02:52,16.61,-0.01,10,16610,卖盘
846,14:02:49,16.62,--,82,136284,买盘
847,14:02:40,16.62,--,53,88086,买盘
848,14:02:37,16.62,--,5,8310,买盘
849,14:02:34,16.62,--,160,267548,卖盘
850,14:02:31,16.62,-0.01,5,8310,卖盘
851,14:02:28,16.63,0.01,22,36586,买盘
852,14:02:25,16.62,-0.01,2,3324,卖盘
853,14:02:22,16.63,--,30,49890,买盘
854,14:02:19,16.63,--,179,297677,卖盘
855,14:02:16,16.63,--,35,58205,卖盘
856,14:02:10,16.63,--,11,18293,卖盘
857,14:02:04,16.63,-0.01,100,166300,卖盘
858,14:01:58,16.64,0.01,7,11648,买盘
859,14:01:55,16.63,-0.01,14,23282,卖盘
860,14:01:52,16.64,0.01,20,33280,买盘
861,14:01:46,16.63,--,24,39912,卖盘
862,14:01:43,16.63,0.01,85,141355,买盘
863,14:01:40,16.62,-0.02,10,16620,卖盘
864,14:01:34,16.64,--,60,99840,买盘
865,14:01:34,16.64,0.01,80,133120,买盘
866,14:01:25,16.63,-0.01,41,68183,卖盘
867,14:01:22,16.64,--,29,48256,买盘
868,14:01:19,16.64,0.02,16,26624,买盘
869,14:01:13,16.62,-0.02,65,108030,卖盘
870,14:01:10,16.64,--,64,106496,买盘
871,14:01:07,16.64,--,154,256256,买盘
872,14:01:04,16.64,0.01,22,36608,买盘
873,14:01:01,16.63,--,1,1663,卖盘
874,14:00:58,16.63,--,31,51553,卖盘
875,14:00:55,16.63,--,79,131377,卖盘
876,14:00:52,16.63,-0.01,63,104769,卖盘
877,14:00:49,16.64,--,2,3328,买盘
878,14:00:46,16.64,0.01,11,18304,买盘
879,14:00:43,16.63,-0.01,30,49890,卖盘
880,14:00:36,16.64,-0.01,171,284544,卖盘
881,14:00:30,16.65,--,15,24974,买盘
882,14:00:27,16.65,--,300,499499,买盘
883,14:00:21,16.65,--,30,49949,买盘
884,14:00:18,16.65,--,120,199799,买盘
885,14:00:15,16.65,0.01,6,9990,买盘
886,14:00:12,16.64,0.01,13,21632,中性盘
887,14:00:03,16.63,--,20,33260,卖盘
888,13:59:57,16.63,-0.02,168,279384,卖盘
889,13:59:54,16.65,--,32,53279,中性盘
890,13:59:48,16.65,0.02,39,64934,中性盘
891,13:59:45,16.63,-0.02,73,121399,卖盘
892,13:59:42,16.65,--,26,43289,卖盘
893,13:59:39,16.65,0.02,21,34965,中性盘
894,13:59:36,16.63,-0.02,25,41575,卖盘
895,13:59:33,16.65,-0.01,40,66600,中性盘
896,13:59:27,16.66,0.03,146,243236,买盘
897,13:59:24,16.63,-0.03,21,34923,卖盘
898,13:59:21,16.66,--,15,24990,买盘
899,13:59:18,16.66,0.03,47,78302,买盘
900,13:59:15,16.63,-0.05,354,588702,卖盘
901,13:59:09,16.68,--,245,408660,买盘
902,13:59:06,16.68,0.01,114,190152,买盘
903,13:59:00,16.67,-0.01,86,143362,中性盘
904,13:58:54,16.68,0.01,109,181812,买盘
905,13:58:51,16.67,--,37,61679,买盘
906,13:58:48,16.67,-0.01,57,95019,中性盘
907,13:58:45,16.68,--,75,125100,买盘
908,13:58:42,16.68,0.01,31,51708,买盘
909,13:58:39,16.67,-0.01,26,43342,中性盘
910,13:58:36,16.68,--,184,306912,买盘
911,13:58:33,16.68,--,75,125100,买盘
912,13:58:30,16.68,--,18,30024,买盘
913,13:58:27,16.68,--,29,48372,买盘
914,13:58:24,16.68,0.01,2,3336,买盘
915,13:58:18,16.67,--,17,28339,卖盘
916,13:58:15,16.67,-0.01,67,111689,卖盘
917,13:58:12,16.68,--,4,6672,买盘
918,13:58:09,16.68,0.02,12,20016,买盘
919,13:58:06,16.66,-0.01,68,113288,卖盘
920,13:58:03,16.67,--,77,128359,买盘
921,13:58:00,16.67,--,68,113356,买盘
922,13:57:57,16.67,0.01,18,30006,买盘
923,13:57:51,16.66,-0.01,60,99960,卖盘
924,13:57:45,16.67,0.01,14,23338,买盘
925,13:57:42,16.66,0.01,297,494835,买盘
926,13:57:39,16.65,--,231,384614,买盘
927,13:57:36,16.65,--,105,174824,买盘
928,13:57:33,16.65,--,96,159840,买盘
929,13:57:30,16.65,--,99,164835,买盘
930,13:57:27,16.65,0.01,26,43289,买盘
931,13:57:24,16.64,-0.01,20,33280,卖盘
932,13:57:21,16.65,--,12,19980,买盘
933,13:57:18,16.65,0.02,102,169830,买盘
934,13:57:09,16.63,-0.02,1,1663,卖盘
935,13:57:06,16.65,0.01,105,174824,买盘
936,13:57:03,16.64,--,31,51584,买盘
937,13:57:00,16.64,0.01,204,339456,买盘
938,13:56:54,16.63,0.01,5,8315,买盘
939,13:56:45,16.62,--,25,41550,买盘
940,13:56:42,16.62,0.01,35,58170,买盘
941,13:56:39,16.61,-0.01,1,1661,卖盘
942,13:56:36,16.62,--,50,83100,买盘
943,13:56:33,16.62,0.01,4,6648,买盘
944,13:56:27,16.61,-0.01,11,18271,卖盘
945,13:56:24,16.62,--,40,66480,买盘
946,13:56:21,16.62,--,21,34902,买盘
947,13:56:18,16.62,--,30,49860,买盘
948,13:56:15,16.62,--,47,78114,买盘
949,13:56:12,16.62,0.01,80,132960,买盘
950,13:56:09,16.61,-0.01,48,79728,卖盘
951,13:56:03,16.62,0.01,115,191130,买盘
952,13:55:57,16.61,--,15,24915,卖盘
953,13:55:54,16.61,--,7,11627,卖盘
954,13:55:51,16.61,0.01,62,103546,买盘
955,13:55:48,16.6,-0.01,15,24900,卖盘
956,13:55:42,16.61,--,14,23254,买盘
957,13:55:39,16.61,--,1,1661,买盘
958,13:55:36,16.61,--,30,49830,买盘
959,13:55:33,16.61,--,39,64779,买盘
960,13:55:30,16.61,0.01,105,174405,买盘
961,13:55:27,16.6,--,8,13280,卖盘
962,13:55:21,16.6,-0.01,35,58100,卖盘
963,13:55:18,16.61,--,15,24915,买盘
964,13:55:15,16.61,--,11,18271,买盘
965,13:55:12,16.61,0.01,24,39864,买盘
966,13:55:06,16.6,--,11,18260,卖盘
967,13:55:03,16.6,-0.01,15,24900,卖盘
968,13:55:00,16.61,0.01,102,169422,买盘
969,13:54:54,16.6,-0.01,13,21580,卖盘
970,13:54:48,16.61,--,3,4983,买盘
971,13:54:42,16.61,--,24,39864,买盘
972,13:54:39,16.61,-0.01,123,205399,卖盘
973,13:54:36,16.62,0.01,144,239328,买盘
974,13:54:30,16.61,-0.01,18,29898,卖盘
975,13:54:27,16.62,0.01,14,23268,买盘
976,13:54:18,16.61,--,91,151151,卖盘
977,13:54:15,16.61,--,1,1661,卖盘
978,13:54:12,16.61,--,49,81953,卖盘
979,13:54:09,16.61,--,73,121253,卖盘
980,13:54:03,16.61,--,133,220913,买盘
981,13:53:54,16.61,--,70,116270,买盘
982,13:53:51,16.61,--,39,64779,买盘
983,13:53:45,16.61,--,10,16610,买盘
984,13:53:39,16.61,-0.01,8,13288,卖盘
985,13:53:36,16.62,0.01,19,31578,买盘
986,13:53:30,16.61,--,241,400301,卖盘
987,13:53:27,16.61,--,3,4983,卖盘
988,13:53:24,16.61,-0.01,23,38203,卖盘
989,13:53:21,16.62,0.01,78,129636,买盘
990,13:53:18,16.61,--,38,63118,卖盘
991,13:53:12,16.61,--,10,16610,卖盘
992,13:53:03,16.61,--,92,152812,卖盘
993,13:52:57,16.61,--,26,43186,卖盘
994,13:52:54,16.61,-0.01,10,16610,卖盘
995,13:52:51,16.62,--,5,8310,买盘
996,13:52:45,16.62,0.01,16,26592,买盘
997,13:52:42,16.61,--,30,49830,卖盘
998,13:52:36,16.61,-0.02,21,34881,卖盘
999,13:52:33,16.63,--,10,16630,买盘
1000,13:52:30,16.63,0.01,61,101443,买盘
1001,13:52:27,16.62,--,3,4986,卖盘
1002,13:52:24,16.62,--,1,1662,卖盘
1003,13:52:21,16.62,--,4,6648,卖盘
1004,13:52:18,16.62,--,10,16620,卖盘
1005,13:52:15,16.62,--,4,6648,卖盘
1006,13:52:06,16.62,--,20,33240,卖盘
1007,13:52:03,16.62,-0.01,14,23268,卖盘
1008,13:52:00,16.63,--,63,104769,买盘
1009,13:51:54,16.63,--,3,4989,买盘
1010,13:51:51,16.63,--,109,181267,卖盘
1011,13:51:48,16.63,-0.01,14,23282,卖盘
1012,13:51:45,16.64,0.01,24,39936,买盘
1013,13:51:42,16.63,-0.01,21,34923,卖盘
1014,13:51:39,16.64,--,28,46592,买盘
1015,13:51:36,16.64,--,74,123136,卖盘
1016,13:51:33,16.64,--,11,18304,卖盘
1017,13:51:27,16.64,--,75,124800,卖盘
1018,13:51:24,16.64,--,22,36608,卖盘
1019,13:51:21,16.64,0.01,139,231296,买盘
1020,13:51:18,16.63,--,65,108095,卖盘
1021,13:51:15,16.63,-0.01,28,46564,卖盘
1022,13:51:12,16.64,0.01,143,237952,买盘
1023,13:51:09,16.63,--,79,131377,卖盘
1024,13:51:06,16.63,-0.01,19,31596,卖盘
1025,13:51:03,16.64,--,63,104832,买盘
1026,13:51:00,16.64,--,19,31616,买盘
1027,13:50:54,16.64,--,5,8320,买盘
1028,13:50:48,16.64,--,47,78208,买盘
1029,13:50:45,16.64,--,50,83200,买盘
1030,13:50:42,16.64,-0.01,68,113152,卖盘
1031,13:50:39,16.65,--,56,93239,买盘
1032,13:50:36,16.65,0.01,226,376289,买盘
1033,13:50:33,16.64,-0.01,2,3328,卖盘
1034,13:50:30,16.65,0.01,48,79920,买盘
1035,13:50:27,16.64,-0.01,30,49920,卖盘
1036,13:50:21,16.65,0.01,90,149850,买盘
1037,13:50:18,16.64,-0.01,40,66560,卖盘
1038,13:50:15,16.65,--,1,1664,买盘
1039,13:50:12,16.65,--,53,88244,买盘
1040,13:50:09,16.65,--,13,21644,买盘
1041,13:50:06,16.65,--,83,138195,买盘
1042,13:50:00,16.65,--,15,24974,买盘
1043,13:49:57,16.65,--,57,94904,买盘
1044,13:49:48,16.65,0.01,182,303030,买盘
1045,13:49:45,16.64,0.01,13,21632,买盘
1046,13:49:42,16.63,-0.01,51,84813,卖盘
1047,13:49:39,16.64,--,13,21632,买盘
1048,13:49:36,16.64,--,51,84864,买盘
1049,13:49:33,16.64,--,14,23296,买盘
1050,13:49:30,16.64,--,5,8320,买盘
1051,13:49:27,16.64,--,427,710528,买盘
1052,13:49:24,16.64,--,61,101504,买盘
1053,13:49:21,16.64,--,56,93184,买盘
1054,13:49:18,16.64,--,78,129792,买盘
1055,13:49:12,16.64,--,18,29952,买盘
1056,13:49:09,16.64,--,17,28288,卖盘
1057,13:49:06,16.64,--,101,168064,卖盘
1058,13:49:03,16.64,-0.01,9,14976,卖盘
1059,13:49:00,16.65,0.01,21,34965,买盘
1060,13:48:57,16.64,--,75,124800,买盘
1061,13:48:54,16.64,0.01,37,61568,买盘
1062,13:48:51,16.63,--,80,133040,卖盘
1063,13:48:48,16.63,-0.01,90,149670,卖盘
1064,13:48:45,16.64,--,114,189696,买盘
1065,13:48:42,16.64,0.01,21,34944,买盘
1066,13:48:33,16.63,--,22,36586,卖盘
1067,13:48:30,16.63,--,10,16630,卖盘
1068,13:48:27,16.63,0.01,231,384153,买盘
1069,13:48:24,16.62,--,6,9972,卖盘
1070,13:48:21,16.62,--,5,8310,卖盘
1071,13:48:18,16.62,-0.01,8,13296,卖盘
1072,13:48:15,16.63,--,256,425728,买盘
1073,13:48:12,16.63,0.01,50,83150,买盘
1074,13:48:03,16.62,-0.01,4,6648,卖盘
1075,13:48:00,16.63,0.02,58,96454,买盘
1076,13:47:57,16.61,-0.01,7,11627,卖盘
1077,13:47:54,16.62,--,198,329076,买盘
1078,13:47:51,16.62,0.02,170,282540,买盘
1079,13:47:48,16.6,-0.01,5,8300,卖盘
1080,13:47:45,16.61,--,30,49830,卖盘
1081,13:47:42,16.61,--,13,21593,卖盘
1082,13:47:39,16.61,--,25,41525,卖盘
1083,13:47:36,16.61,--,25,41525,卖盘
1084,13:47:33,16.61,--,7,11627,卖盘
1085,13:47:30,16.61,-0.01,6,9966,卖盘
1086,13:47:27,16.62,--,28,46536,买盘
1087,13:47:24,16.62,0.02,30,49860,买盘
1088,13:47:21,16.6,-0.02,30,49800,卖盘
1089,13:47:18,16.62,--,32,53184,买盘
1090,13:47:15,16.62,--,11,18282,买盘
1091,13:47:12,16.62,0.01,5,8310,买盘
1092,13:47:09,16.61,-0.02,50,83050,卖盘
1093,13:47:06,16.63,0.01,51,84813,买盘
1094,13:47:03,16.62,--,3,4986,卖盘
1095,13:47:00,16.62,--,58,96396,买盘
1096,13:46:57,16.62,--,34,56508,卖盘
1097,13:46:51,16.62,--,72,119664,买盘
1098,13:46:48,16.62,--,441,732942,买盘
1099,13:46:45,16.62,--,71,118002,买盘
1100,13:46:39,16.62,--,22,36564,买盘
1101,13:46:36,16.62,--,17,28254,买盘
1102,13:46:33,16.62,0.02,4,6648,买盘
1103,13:46:30,16.6,--,20,33200,卖盘
1104,13:46:27,16.6,--,2,3320,卖盘
1105,13:46:24,16.6,--,22,36520,卖盘
1106,13:46:21,16.6,-0.02,16,26560,卖盘
1107,13:46:15,16.62,0.03,37,61494,买盘
1108,13:46:09,16.59,--,200,331800,卖盘
1109,13:46:06,16.59,--,7,11613,卖盘
1110,13:46:03,16.59,-0.02,9,14931,卖盘
1111,13:46:00,16.61,--,20,33220,卖盘
1112,13:45:57,16.61,0.02,860,1429024,买盘
1113,13:45:54,16.59,0.01,9,14931,买盘
1114,13:45:51,16.58,-0.01,90,149219,卖盘
1115,13:45:45,16.59,--,11,18249,买盘
1116,13:45:42,16.59,0.01,1,1659,买盘
1117,13:45:39,16.58,-0.02,70,116059,卖盘
1118,13:45:36,16.6,0.01,6,9960,买盘
1119,13:45:33,16.59,--,1,1659,卖盘
1120,13:45:27,16.59,--,5,8295,卖盘
1121,13:45:24,16.59,--,5,8295,卖盘
1122,13:45:21,16.59,0.01,32,53088,买盘
1123,13:45:18,16.58,--,7,11605,卖盘
1124,13:45:12,16.58,--,262,434395,卖盘
1125,13:45:09,16.58,-0.01,24,39791,卖盘
1126,13:45:06,16.59,--,18,29862,买盘
1127,13:45:03,16.59,--,6,9954,买盘
1128,13:44:57,16.59,--,13,21567,买盘
1129,13:44:54,16.59,-0.01,34,56406,卖盘
1130,13:44:48,16.6,--,307,509620,买盘
1131,13:44:45,16.6,--,102,169320,买盘
1132,13:44:42,16.6,0.01,5,8300,买盘
1133,13:44:36,16.59,-0.01,12,19908,卖盘
1134,13:44:33,16.6,--,42,69720,买盘
1135,13:44:30,16.6,--,20,33200,买盘
1136,13:44:27,16.6,--,2,3320,买盘
1137,13:44:24,16.6,--,100,166000,买盘
1138,13:44:21,16.6,--,87,144420,买盘
1139,13:44:15,16.6,--,16,26560,买盘
1140,13:44:12,16.6,--,32,53120,卖盘
1141,13:44:09,16.6,-0.01,23,38180,卖盘
1142,13:44:03,16.61,0.01,75,124575,买盘
1143,13:44:00,16.6,-0.01,65,107900,卖盘
1144,13:43:54,16.61,--,52,87468,卖盘
1145,13:43:48,16.61,--,20,33220,卖盘
1146,13:43:45,16.61,-0.01,5,8305,卖盘
1147,13:43:42,16.62,0.01,37,61494,买盘
1148,13:43:36,16.61,-0.01,26,43186,卖盘
1149,13:43:33,16.62,--,75,124650,买盘
1150,13:43:27,16.62,--,8,13296,买盘
1151,13:43:24,16.62,--,7,11634,买盘
1152,13:43:21,16.62,-0.01,79,131298,卖盘
1153,13:43:18,16.63,--,12,19956,买盘
1154,13:43:15,16.63,--,30,49890,买盘
1155,13:43:12,16.63,--,103,171289,买盘
1156,13:43:09,16.63,0.01,22,36586,买盘
1157,13:43:06,16.62,--,2,3324,卖盘
1158,13:43:03,16.62,--,13,21606,卖盘
1159,13:42:57,16.62,--,8,13296,买盘
1160,13:42:54,16.62,--,16,26592,买盘
1161,13:42:51,16.62,0.01,117,194454,买盘
1162,13:42:48,16.61,-0.01,37,61457,卖盘
1163,13:42:45,16.62,0.01,29,48198,买盘
1164,13:42:42,16.61,--,3,4983,卖盘
1165,13:42:36,16.61,--,2,3322,卖盘
1166,13:42:30,16.61,--,104,172744,买盘
1167,13:42:24,16.61,0.01,13,21593,买盘
1168,13:42:15,16.6,--,53,87980,卖盘
1169,13:42:12,16.6,0.03,457,759184,买盘
1170,13:42:09,16.57,-0.02,25,41425,卖盘
1171,13:42:06,16.59,0.02,25,41475,买盘
1172,13:42:03,16.57,--,22,36454,卖盘
1173,13:42:00,16.57,-0.02,20,33140,卖盘
1174,13:41:54,16.59,0.02,21,34839,买盘
1175,13:41:51,16.57,--,33,54681,买盘
1176,13:41:48,16.57,--,167,276719,买盘
1177,13:41:45,16.57,-0.02,30,49710,中性盘
1178,13:41:42,16.59,0.03,57,94563,买盘
1179,13:41:39,16.56,-0.01,30,49679,卖盘
1180,13:41:36,16.57,0.01,20,33140,买盘
1181,13:41:33,16.56,-0.01,29,48023,卖盘
1182,13:41:30,16.57,--,68,112676,买盘
1183,13:41:27,16.57,--,70,115990,买盘
1184,13:41:24,16.57,--,11,18227,买盘
1185,13:41:21,16.57,-0.02,764,1265948,卖盘
1186,13:41:18,16.59,--,31,51429,买盘
1187,13:41:15,16.59,0.02,26,43134,买盘
1188,13:41:09,16.57,-0.02,84,139188,卖盘
1189,13:41:03,16.59,--,188,312986,买盘
1190,13:41:00,16.59,0.01,501,831159,买盘
1191,13:40:57,16.58,0.01,7,12169,买盘
1192,13:40:54,16.57,-0.01,8,14349,卖盘
1193,13:40:48,16.58,--,4,6631,卖盘
1194,13:40:45,16.58,0.02,52,86779,买盘
1195,13:40:42,16.56,-0.01,4,6623,卖盘
1196,13:40:39,16.57,--,59,97763,买盘
1197,13:40:36,16.57,--,87,144159,买盘
1198,13:40:32,16.57,--,37,62402,卖盘
1199,13:40:29,16.57,-0.01,335,555095,卖盘
1200,13:40:26,16.58,--,85,140930,买盘
1201,13:40:17,16.58,--,40,66320,买盘
1202,13:40:14,16.58,--,6,9947,买盘
1203,13:40:11,16.58,-0.01,167,276886,卖盘
1204,13:40:08,16.59,0.01,10,16590,买盘
1205,13:40:05,16.58,-0.01,2,3315,卖盘
1206,13:39:59,16.59,0.01,41,68019,买盘
1207,13:39:56,16.58,--,51,84557,卖盘
1208,13:39:53,16.58,-0.01,40,66320,卖盘
1209,13:39:50,16.59,--,92,152628,卖盘
1210,13:39:47,16.59,-0.01,80,132720,卖盘
1211,13:39:44,16.6,0.01,6,9960,买盘
1212,13:39:41,16.59,--,14,23226,卖盘
1213,13:39:38,16.59,--,10,16590,卖盘
1214,13:39:35,16.59,-0.01,92,152628,卖盘
1215,13:39:32,16.6,0.01,33,54780,买盘
1216,13:39:26,16.59,--,14,23226,卖盘
1217,13:39:23,16.59,--,117,194103,卖盘
1218,13:39:14,16.59,--,292,484428,卖盘
1219,13:39:11,16.59,0.01,305,505995,买盘
1220,13:39:08,16.58,-0.01,7,11605,卖盘
1221,13:39:05,16.59,0.01,28,46452,买盘
1222,13:38:59,16.58,--,28,46423,卖盘
1223,13:38:56,16.58,-0.01,4,6631,卖盘
1224,13:38:50,16.59,0.01,7,11613,买盘
1225,13:38:44,16.58,--,5,8290,卖盘
1226,13:38:38,16.58,--,58,96163,卖盘
1227,13:38:32,16.58,0.01,269,446001,买盘
1228,13:38:29,16.57,-0.01,5,8285,卖盘
1229,13:38:26,16.58,--,632,1047855,买盘
1230,13:38:23,16.58,0.01,18,29843,买盘
1231,13:38:20,16.57,--,100,165700,卖盘
1232,13:38:17,16.57,--,10,17796,卖盘
1233,13:38:14,16.57,--,66,110356,买盘
1234,13:38:11,16.57,--,2,3314,买盘
1235,13:38:05,16.57,0.01,131,217067,买盘
1236,13:38:02,16.56,--,20,33120,卖盘
1237,13:37:59,16.56,--,12,19872,卖盘
1238,13:37:53,16.56,--,18,29807,卖盘
1239,13:37:50,16.56,0.01,318,526608,买盘
1240,13:37:47,16.55,--,30,49650,卖盘
1241,13:37:38,16.55,--,46,76130,卖盘
1242,13:37:35,16.55,--,205,339837,买盘
1243,13:37:32,16.55,0.01,10,16550,买盘
1244,13:37:29,16.54,--,32,52928,卖盘
1245,13:37:26,16.54,-0.01,4,6616,卖盘
1246,13:37:20,16.55,0.02,130,215150,买盘
1247,13:37:11,16.53,--,2,3306,卖盘
1248,13:37:05,16.53,0.01,15,24795,卖盘
1249,13:37:02,16.52,-0.02,2,3304,卖盘
1250,13:36:59,16.54,0.02,101,167054,买盘
1251,13:36:56,16.52,-0.01,343,566636,卖盘
1252,13:36:53,16.53,0.01,60,99180,买盘
1253,13:36:47,16.52,0.01,45,74340,买盘
1254,13:36:41,16.51,--,17,28067,卖盘
1255,13:36:32,16.51,--,40,66040,买盘
1256,13:36:29,16.51,0.01,25,41275,买盘
1257,13:36:26,16.5,-0.01,6,9900,卖盘
1258,13:36:23,16.51,--,19,31369,买盘
1259,13:36:17,16.51,-0.02,76,125476,卖盘
1260,13:36:14,16.53,0.01,2,3306,买盘
1261,13:36:11,16.52,--,21,34692,买盘
1262,13:36:08,16.52,--,24,39648,买盘
1263,13:35:53,16.52,--,110,181720,买盘
1264,13:35:50,16.52,--,6,9912,买盘
1265,13:35:47,16.52,--,7,11564,卖盘
1266,13:35:44,16.52,--,10,16520,卖盘
1267,13:35:41,16.52,-0.01,151,249452,卖盘
1268,13:35:38,16.53,-0.01,2,3306,中性盘
1269,13:35:35,16.54,0.02,7,11578,买盘
1270,13:35:26,16.52,--,6,9912,卖盘
1271,13:35:23,16.52,-0.01,7,11564,卖盘
1272,13:35:11,16.53,--,11,18183,买盘
1273,13:35:05,16.53,--,5,8265,卖盘
1274,13:35:02,16.53,0.01,8,13224,卖盘
1275,13:34:59,16.52,-0.01,102,168504,卖盘
1276,13:34:56,16.53,--,46,76038,买盘
1277,13:34:53,16.53,--,10,16530,买盘
1278,13:34:50,16.53,0.01,3,4959,买盘
1279,13:34:47,16.52,--,16,26432,卖盘
1280,13:34:41,16.52,-0.01,14,23128,卖盘
1281,13:34:35,16.53,0.01,15,24795,买盘
1282,13:34:32,16.52,--,11,18172,卖盘
1283,13:34:29,16.52,0.01,8,13216,买盘
1284,13:34:17,16.51,0.01,7,11557,买盘
1285,13:34:11,16.5,--,13,21450,卖盘
1286,13:34:08,16.5,0.01,255,422367,买盘
1287,13:34:05,16.49,0.01,79,130270,买盘
1288,13:34:02,16.48,--,68,112064,卖盘
1289,13:33:56,16.48,--,6,9888,卖盘
1290,13:33:50,16.48,--,5,8240,卖盘
1291,13:33:47,16.48,--,153,252144,买盘
1292,13:33:38,16.48,0.01,49,80752,买盘
1293,13:33:35,16.47,--,62,102114,卖盘
1294,13:33:23,16.47,--,8,13176,卖盘
1295,13:33:20,16.47,--,89,146583,买盘
1296,13:33:17,16.47,--,52,85644,买盘
1297,13:33:14,16.47,--,5,8235,买盘
1298,13:33:08,16.47,--,43,70821,买盘
1299,13:33:02,16.47,-0.01,28,46116,卖盘
1300,13:32:59,16.48,0.01,26,42848,买盘
1301,13:32:56,16.47,--,432,711504,卖盘
1302,13:32:53,16.47,-0.01,16,26352,卖盘
1303,13:32:50,16.48,-0.01,38,62624,买盘
1304,13:32:44,16.49,0.02,22,36278,买盘
1305,13:32:41,16.47,--,10,16470,卖盘
1306,13:32:38,16.47,-0.01,91,149877,卖盘
1307,13:32:35,16.48,--,17,28016,卖盘
1308,13:32:32,16.48,--,3,4944,中性盘
1309,13:32:29,16.48,--,2,3296,卖盘
1310,13:32:26,16.48,-0.01,12,19776,卖盘
1311,13:32:23,16.49,--,55,90694,买盘
1312,13:32:17,16.49,0.02,26,42873,买盘
1313,13:32:11,16.47,--,18,29645,卖盘
1314,13:32:08,16.47,-0.01,203,334341,卖盘
1315,13:32:05,16.48,0.01,32,52736,买盘
1316,13:31:59,16.47,-0.01,7,11529,卖盘
1317,13:31:56,16.48,0.01,22,36256,买盘
1318,13:31:53,16.47,-0.01,47,77409,卖盘
1319,13:31:50,16.48,0.01,40,65920,买盘
1320,13:31:47,16.47,-0.01,101,166347,卖盘
1321,13:31:44,16.48,--,31,51120,卖盘
1322,13:31:41,16.48,--,1,1648,卖盘
1323,13:31:38,16.48,--,30,49440,卖盘
1324,13:31:35,16.48,--,2,3296,卖盘
1325,13:31:32,16.48,--,17,28016,卖盘
1326,13:31:29,16.48,--,43,70864,卖盘
1327,13:31:26,16.48,--,25,42815,买盘
1328,13:31:23,16.48,--,30,49440,买盘
1329,13:31:20,16.48,--,25,41200,买盘
1330,13:31:17,16.48,--,18,29664,买盘
1331,13:31:14,16.48,--,22,36256,卖盘
1332,13:31:11,16.48,-0.01,12,19776,卖盘
1333,13:31:08,16.49,--,16,26383,买盘
1334,13:31:02,16.49,0.01,33,54416,买盘
1335,13:30:59,16.48,-0.01,276,454848,卖盘
1336,13:30:50,16.49,0.01,15,24734,买盘
1337,13:30:44,16.48,-0.01,50,82400,卖盘
1338,13:30:41,16.49,--,392,646407,买盘
1339,13:30:38,16.49,--,48,79151,卖盘
1340,13:30:35,16.49,--,109,179740,买盘
1341,13:30:32,16.49,--,89,146761,卖盘
1342,13:30:29,16.49,-0.01,439,723910,卖盘
1343,13:30:26,16.5,--,10,16500,买盘
1344,13:30:23,16.5,--,7,11550,买盘
1345,13:30:20,16.5,--,22,36300,买盘
1346,13:30:17,16.5,0.01,12,19800,买盘
1347,13:30:14,16.49,-0.03,225,371024,卖盘
1348,13:30:11,16.52,0.01,223,368396,买盘
1349,13:30:08,16.51,-0.01,23,37973,中性盘
1350,13:30:02,16.52,0.01,134,221368,买盘
1351,13:29:59,16.51,-0.01,2,3302,卖盘
1352,13:29:56,16.52,0.01,21,34692,买盘
1353,13:29:50,16.51,--,14,23114,卖盘
1354,13:29:41,16.51,--,29,47879,卖盘
1355,13:29:35,16.51,--,8,13208,卖盘
1356,13:29:29,16.51,-0.01,69,113919,卖盘
1357,13:29:26,16.52,0.01,1,1652,买盘
1358,13:29:23,16.51,0.01,1,1651,卖盘
1359,13:29:20,16.5,--,284,468600,卖盘
1360,13:29:17,16.5,-0.01,130,214500,卖盘
1361,13:29:14,16.51,--,19,31369,买盘
1362,13:29:11,16.51,--,153,252603,买盘
1363,13:29:08,16.51,--,30,49530,买盘
1364,13:29:05,16.51,0.01,14,23114,买盘
1365,13:29:02,16.5,--,18,29700,卖盘
1366,13:28:59,16.5,-0.01,6,9900,卖盘
1367,13:28:56,16.51,--,35,57785,买盘
1368,13:28:53,16.51,--,14,23114,买盘
1369,13:28:47,16.51,0.01,49,80899,买盘
1370,13:28:44,16.5,-0.01,34,56100,卖盘
1371,13:28:41,16.51,0.01,210,346710,买盘
1372,13:28:32,16.5,-0.01,28,46200,卖盘
1373,13:28:29,16.51,--,72,118872,买盘
1374,13:28:26,16.51,--,20,33020,买盘
1375,13:28:23,16.51,0.01,50,82550,买盘
1376,13:28:20,16.5,--,50,82500,卖盘
1377,13:28:17,16.5,-0.01,16,26400,卖盘
1378,13:28:11,16.51,--,7,11557,买盘
1379,13:28:08,16.51,0.01,10,16510,买盘
1380,13:28:02,16.5,--,110,181500,卖盘
1381,13:27:59,16.5,-0.01,3,4950,卖盘
1382,13:27:53,16.51,--,55,90805,卖盘
1383,13:27:50,16.51,--,10,16510,卖盘
1384,13:27:44,16.51,--,2,3302,卖盘
1385,13:27:41,16.51,--,110,181610,卖盘
1386,13:27:35,16.51,--,7,11557,卖盘
1387,13:27:29,16.51,--,2,3302,买盘
1388,13:27:23,16.51,0.01,15,24765,买盘
1389,13:27:20,16.5,--,133,219450,卖盘
1390,13:27:17,16.5,-0.01,38,62700,卖盘
1391,13:27:11,16.51,0.01,55,90805,买盘
1392,13:27:08,16.5,--,5,8250,卖盘
1393,13:27:05,16.5,-0.01,140,231000,卖盘
1394,13:27:02,16.51,--,100,165100,买盘
1395,13:26:59,16.51,0.01,15,24765,买盘
1396,13:26:56,16.5,-0.01,8,13200,卖盘
1397,13:26:50,16.51,--,3,4953,买盘
1398,13:26:47,16.51,--,20,33020,买盘
1399,13:26:44,16.51,0.01,86,141986,买盘
1400,13:26:41,16.5,--,78,128700,卖盘
1401,13:26:38,16.5,--,118,194700,卖盘
1402,13:26:35,16.5,--,2,3300,卖盘
1403,13:26:32,16.5,--,91,150150,卖盘
1404,13:26:26,16.5,--,2,3300,卖盘
1405,13:26:20,16.5,-0.01,37,61050,卖盘
1406,13:26:14,16.51,0.01,7,11557,买盘
1407,13:26:11,16.5,-0.01,340,561000,卖盘
1408,13:26:05,16.51,--,12,19812,买盘
1409,13:26:02,16.51,--,4,6604,买盘
1410,13:25:59,16.51,0.01,37,61087,买盘
1411,13:25:56,16.5,-0.01,76,125400,卖盘
1412,13:25:53,16.51,--,91,150241,卖盘
1413,13:25:47,16.51,--,103,170053,卖盘
1414,13:25:44,16.51,--,1,1651,卖盘
1415,13:25:41,16.51,-0.01,16,26416,卖盘
1416,13:25:38,16.52,--,29,47908,买盘
1417,13:25:35,16.52,0.01,12,19824,买盘
1418,13:25:29,16.51,--,63,104013,卖盘
1419,13:25:26,16.51,-0.01,23,37973,卖盘
1420,13:25:20,16.52,--,26,42952,买盘
1421,13:25:17,16.52,0.01,21,34692,买盘
1422,13:25:14,16.51,-0.01,5,8255,卖盘
1423,13:25:11,16.52,-0.01,23,37996,中性盘
1424,13:25:05,16.53,0.01,47,77691,中性盘
1425,13:25:02,16.52,-0.01,2,3304,卖盘
1426,13:24:59,16.53,0.01,120,198360,买盘
1427,13:24:53,16.52,-0.01,29,47908,卖盘
1428,13:24:47,16.53,--,157,259521,卖盘
1429,13:24:47,16.53,--,16,26448,卖盘
1430,13:24:41,16.53,--,3,4959,卖盘
1431,13:24:38,16.53,--,103,170259,买盘
1432,13:24:35,16.53,0.01,1,1653,买盘
1433,13:24:32,16.52,--,3,4956,卖盘
1434,13:24:26,16.52,-0.01,23,37996,卖盘
1435,13:24:20,16.53,0.01,6,9918,买盘
1436,13:24:14,16.52,--,4,6608,卖盘
1437,13:24:11,16.52,--,14,23128,买盘
1438,13:24:08,16.52,--,30,49560,买盘
1439,13:24:05,16.52,--,2,3304,买盘
1440,13:24:02,16.52,--,10,16520,买盘
1441,13:23:56,16.52,--,40,66080,买盘
1442,13:23:53,16.52,0.01,14,23128,买盘
1443,13:23:50,16.51,-0.02,408,673608,卖盘
1444,13:23:47,16.53,--,10,16530,卖盘
1445,13:23:41,16.53,--,10,16530,卖盘
1446,13:23:38,16.53,0.01,36,59508,买盘
1447,13:23:35,16.52,--,47,77644,卖盘
1448,13:23:32,16.52,-0.01,20,33040,卖盘
1449,13:23:26,16.53,0.01,69,114057,买盘
1450,13:23:23,16.52,--,156,257712,卖盘
1451,13:23:20,16.52,-0.01,198,327096,卖盘
1452,13:23:17,16.53,--,12,19836,买盘
1453,13:23:14,16.53,--,5,8265,买盘
1454,13:23:11,16.53,--,282,466146,卖盘
1455,13:23:05,16.53,-0.01,4,6612,卖盘
1456,13:23:02,16.54,--,5,8270,买盘
1457,13:22:59,16.54,0.01,1,1654,买盘
1458,13:22:56,16.53,-0.01,15,25885,卖盘
1459,13:22:47,16.54,--,28,46312,卖盘
1460,13:22:44,16.54,-0.01,2,3308,卖盘
1461,13:22:41,16.55,--,144,238320,买盘
1462,13:22:26,16.55,--,83,137365,卖盘
1463,13:22:23,16.55,--,21,34755,卖盘
1464,13:22:14,16.55,--,17,28135,卖盘
1465,13:22:08,16.55,--,126,208530,卖盘
1466,13:22:02,16.55,-0.01,74,122470,卖盘
1467,13:21:59,16.56,--,10,16560,买盘
1468,13:21:53,16.56,0.01,10,16560,买盘
1469,13:21:50,16.55,--,44,72820,卖盘
1470,13:21:47,16.55,-0.01,21,34755,卖盘
1471,13:21:44,16.56,--,47,77832,买盘
1472,13:21:38,16.56,-0.01,60,99359,中性盘
1473,13:21:32,16.57,--,10,16570,买盘
1474,13:21:29,16.57,0.01,18,29826,买盘
1475,13:21:26,16.56,-0.01,7,11592,中性盘
1476,13:21:20,16.57,--,5,8285,买盘
1477,13:21:17,16.57,0.01,41,67937,买盘
1478,13:21:14,16.56,-0.01,50,83462,卖盘
1479,13:21:08,16.57,-0.01,58,96106,买盘
1480,13:21:02,16.58,--,30,49739,买盘
1481,13:20:59,16.58,0.01,22,36475,买盘
1482,13:20:56,16.57,--,10,16570,卖盘
1483,13:20:53,16.57,0.01,10,16570,中性盘
1484,13:20:50,16.56,--,2,3311,卖盘
1485,13:20:47,16.56,-0.01,11,18216,卖盘
1486,13:20:44,16.57,0.01,20,33140,买盘
1487,13:20:41,16.56,--,75,124199,卖盘
1488,13:20:38,16.56,-0.01,5,8280,卖盘
1489,13:20:29,16.57,0.01,12,19884,买盘
1490,13:20:26,16.56,-0.01,11,18216,卖盘
1491,13:20:23,16.57,--,51,84507,买盘
1492,13:20:20,16.57,0.01,73,120961,买盘
1493,13:20:17,16.56,-0.01,30,49679,卖盘
1494,13:20:14,16.57,--,8,13256,买盘
1495,13:20:08,16.57,0.01,12,19884,中性盘
1496,13:20:05,16.56,-0.01,12,19872,卖盘
1497,13:20:02,16.57,--,9,14913,买盘
1498,13:19:56,16.57,-0.01,1,1657,卖盘
1499,13:19:53,16.58,0.02,2,3315,买盘
1500,13:19:50,16.56,--,88,145728,卖盘
1501,13:19:47,16.56,--,3,4968,卖盘
1502,13:19:44,16.56,-0.02,10,16560,卖盘
1503,13:19:40,16.58,0.02,30,49739,买盘
1504,13:19:28,16.56,--,93,154008,卖盘
1505,13:19:22,16.56,--,50,82800,卖盘
1506,13:19:19,16.56,-0.02,2,3311,卖盘
1507,13:19:16,16.58,0.01,11,18237,买盘
1508,13:19:13,16.57,--,61,101077,卖盘
1509,13:19:10,16.57,--,80,132560,卖盘
1510,13:19:07,16.57,--,5,8285,卖盘
1511,13:19:04,16.57,--,44,72908,卖盘
1512,13:19:01,16.57,-0.01,10,16570,卖盘
1513,13:18:58,16.58,--,10,16580,买盘
1514,13:18:55,16.58,0.01,20,33160,买盘
1515,13:18:52,16.57,--,10,16570,卖盘
1516,13:18:49,16.57,--,73,120961,卖盘
1517,13:18:46,16.57,--,31,51367,卖盘
1518,13:18:43,16.57,-0.01,76,125932,卖盘
1519,13:18:40,16.58,0.01,7,11605,买盘
1520,13:18:37,16.57,--,2,3314,卖盘
1521,13:18:34,16.57,--,21,34797,卖盘
1522,13:18:31,16.57,0.01,9,14913,中性盘
1523,13:18:28,16.56,--,10,16560,卖盘
1524,13:18:25,16.56,--,10,16560,卖盘
1525,13:18:22,16.56,--,52,87105,卖盘
1526,13:18:19,16.56,-0.01,105,173880,卖盘
1527,13:18:13,16.57,--,20,33140,买盘
1528,13:18:10,16.57,--,26,43082,买盘
1529,13:18:07,16.57,--,18,29826,买盘
1530,13:18:04,16.57,--,14,23198,买盘
1531,13:18:01,16.57,-0.01,106,176304,卖盘
1532,13:17:58,16.58,--,40,66320,买盘
1533,13:17:52,16.58,0.01,20,33160,买盘
1534,13:17:49,16.57,--,50,82850,卖盘
1535,13:17:46,16.57,--,1,1657,卖盘
1536,13:17:43,16.57,--,5,8285,卖盘
1537,13:17:37,16.57,--,16,27506,买盘
1538,13:17:31,16.57,--,4,7290,卖盘
1539,13:17:28,16.57,--,5,9279,买盘
1540,13:17:25,16.57,--,9,15575,卖盘
1541,13:17:22,16.57,--,25,42419,买盘
1542,13:17:19,16.57,--,5,8285,买盘
1543,13:17:13,16.57,--,23,38111,买盘
1544,13:17:10,16.57,0.01,10,16570,买盘
1545,13:17:04,16.56,--,167,276552,卖盘
1546,13:17:01,16.56,--,3,4968,卖盘
1547,13:16:58,16.56,--,10,16560,卖盘
1548,13:16:55,16.56,-0.01,27,44712,卖盘
1549,13:16:52,16.57,--,33,54681,买盘
1550,13:16:49,16.57,0.01,1,1657,买盘
1551,13:16:43,16.56,-0.01,10,16560,卖盘
1552,13:16:40,16.57,--,20,33140,买盘
1553,13:16:37,16.57,-0.01,98,163048,卖盘
1554,13:16:34,16.58,--,7,11605,卖盘
1555,13:16:31,16.58,--,70,117054,买盘
1556,13:16:28,16.58,0.01,20,33160,买盘
1557,13:16:25,16.57,-0.01,25,41425,卖盘
1558,13:16:22,16.58,0.01,4,6631,买盘
1559,13:16:19,16.57,--,7,11599,卖盘
1560,13:16:13,16.57,--,1,1657,卖盘
1561,13:16:10,16.57,--,26,43082,买盘
1562,13:16:04,16.57,--,85,140845,买盘
1563,13:16:01,16.57,-0.01,39,64623,卖盘
1564,13:15:49,16.58,0.01,5,8290,买盘
1565,13:15:43,16.57,-0.01,4,6628,买盘
1566,13:15:40,16.58,0.01,170,282523,买盘
1567,13:15:34,16.57,--,6,9942,卖盘
1568,13:15:16,16.57,0.01,65,108699,买盘
1569,13:15:10,16.56,-0.01,56,92736,卖盘
1570,13:15:01,16.57,--,48,79536,买盘
1571,13:14:58,16.57,--,43,71251,买盘
1572,13:14:55,16.57,0.01,20,33140,买盘
1573,13:14:52,16.56,--,14,23184,卖盘
1574,13:14:46,16.56,-0.01,4,6623,卖盘
1575,13:14:43,16.57,0.02,40,66280,买盘
1576,13:14:34,16.55,-0.01,16,26480,卖盘
1577,13:14:31,16.56,0.02,34,56303,买盘
1578,13:14:10,16.54,-0.03,20,33080,卖盘
1579,13:14:04,16.57,0.02,34,56901,买盘
1580,13:14:01,16.55,-0.02,6,9930,中性盘
1581,13:13:55,16.57,0.02,129,213753,买盘
1582,13:13:52,16.55,--,15,24825,买盘
1583,13:13:49,16.55,--,101,167155,买盘
1584,13:13:43,16.55,--,14,23170,买盘
1585,13:13:37,16.55,-0.01,49,81757,卖盘
1586,13:13:31,16.56,--,10,16560,买盘
1587,13:13:28,16.56,--,21,34776,买盘
1588,13:13:25,16.56,0.01,40,67233,买盘
1589,13:13:22,16.55,--,10,16550,买盘
1590,13:13:19,16.55,-0.01,61,101617,卖盘
1591,13:13:16,16.56,--,10,16560,卖盘
1592,13:13:10,16.56,--,5,8280,卖盘
1593,13:13:07,16.56,--,11,18216,买盘
1594,13:13:01,16.56,0.01,174,288144,卖盘
1595,13:12:58,16.55,-0.01,90,148950,卖盘
1596,13:12:55,16.56,0.01,18,29807,买盘
1597,13:12:49,16.55,-0.01,10,16550,卖盘
1598,13:12:46,16.56,0.01,17,28151,买盘
1599,13:12:43,16.55,--,2,3310,卖盘
1600,13:12:37,16.55,-0.01,15,24825,卖盘
1601,13:12:34,16.56,--,15,24839,买盘
1602,13:12:31,16.56,--,9,14903,买盘
1603,13:12:25,16.56,--,68,112607,买盘
1604,13:12:19,16.56,--,35,57959,买盘
1605,13:12:13,16.56,0.01,20,33120,买盘
1606,13:12:10,16.55,-0.01,44,72820,卖盘
1607,13:12:07,16.56,--,15,24839,买盘
1608,13:12:04,16.56,--,105,173880,买盘
1609,13:12:01,16.56,0.01,2,3311,买盘
1610,13:11:55,16.55,--,39,64545,卖盘
1611,13:11:52,16.55,--,23,38065,卖盘
1612,13:11:49,16.55,--,1,1655,卖盘
1613,13:11:46,16.55,-0.01,53,87715,卖盘
1614,13:11:40,16.56,0.01,15,24839,买盘
1615,13:11:34,16.55,--,85,140675,卖盘
1616,13:11:31,16.55,-0.01,20,33100,卖盘
1617,13:11:28,16.56,--,50,82800,买盘
1618,13:11:25,16.56,0.01,71,117575,买盘
1619,13:11:16,16.55,--,10,16550,卖盘
1620,13:11:13,16.55,--,62,102610,卖盘
1621,13:11:10,16.55,-0.01,231,382305,卖盘
1622,13:11:01,16.56,0.01,25,41400,买盘
1623,13:10:58,16.55,-0.01,97,160535,卖盘
1624,13:10:55,16.56,0.01,8,13247,卖盘
1625,13:10:52,16.55,-0.01,600,993000,卖盘
1626,13:10:49,16.56,--,20,33120,卖盘
1627,13:10:40,16.56,--,36,59615,买盘
1628,13:10:34,16.56,0.01,223,369288,买盘
1629,13:10:31,16.55,-0.01,52,86060,卖盘
1630,13:10:28,16.56,0.01,26,43056,买盘
1631,13:10:25,16.55,--,14,23170,卖盘
1632,13:10:22,16.55,-0.01,10,16550,卖盘
1633,13:10:10,16.56,0.01,53,87768,买盘
1634,13:10:04,16.55,--,3,4965,卖盘
1635,13:10:01,16.55,--,46,76130,卖盘
1636,13:09:58,16.55,-0.01,12,19860,卖盘
1637,13:09:55,16.56,0.01,75,124199,买盘
1638,13:09:52,16.55,-0.01,38,62890,卖盘
1639,13:09:49,16.56,0.01,5,8280,买盘
1640,13:09:43,16.55,-0.01,1,1655,卖盘
1641,13:09:40,16.56,0.01,2,3311,买盘
1642,13:09:37,16.55,--,17,28135,卖盘
1643,13:09:31,16.55,--,1,1655,卖盘
1644,13:09:28,16.55,--,27,44685,卖盘
1645,13:09:25,16.55,-0.01,41,67855,卖盘
1646,13:09:16,16.56,--,15,24839,买盘
1647,13:09:13,16.56,0.01,10,16560,买盘
1648,13:09:10,16.55,-0.01,10,16550,卖盘
1649,13:09:01,16.56,--,6,9936,买盘
1650,13:08:58,16.56,0.01,20,33120,买盘
1651,13:08:55,16.55,--,153,253215,卖盘
1652,13:08:52,16.55,--,4,6620,卖盘
1653,13:08:49,16.55,--,414,685170,卖盘
1654,13:08:46,16.55,--,40,66200,卖盘
1655,13:08:43,16.55,--,58,95990,卖盘
1656,13:08:40,16.55,--,50,82750,卖盘
1657,13:08:37,16.55,--,12,19860,卖盘
1658,13:08:31,16.55,--,20,33100,卖盘
1659,13:08:28,16.55,--,49,81095,卖盘
1660,13:08:25,16.55,--,41,67855,卖盘
1661,13:08:22,16.55,-0.01,30,49650,卖盘
1662,13:08:19,16.56,0.01,110,182160,买盘
1663,13:08:16,16.55,--,10,16550,卖盘
1664,13:08:07,16.55,--,204,337620,卖盘
1665,13:07:58,16.55,--,71,117505,卖盘
1666,13:07:52,16.55,-0.01,169,279695,卖盘
1667,13:07:46,16.56,--,1,1655,买盘
1668,13:07:43,16.56,0.01,29,48023,买盘
1669,13:07:40,16.55,-0.02,8,13240,卖盘
1670,13:07:25,16.57,--,8,13256,买盘
1671,13:07:22,16.57,--,25,41425,买盘
1672,13:07:19,16.57,--,12,19884,买盘
1673,13:07:07,16.57,0.01,10,16570,买盘
1674,13:07:04,16.56,0.01,5,8280,中性盘
1675,13:07:01,16.55,-0.02,193,320374,卖盘
1676,13:06:58,16.57,--,93,154101,卖盘
1677,13:06:52,16.57,--,1,1657,卖盘
1678,13:06:49,16.57,--,10,16570,卖盘
1679,13:06:34,16.57,--,6,9975,买盘
1680,13:06:31,16.57,--,10,16570,买盘
1681,13:06:28,16.57,0.01,1,1657,买盘
1682,13:06:25,16.56,--,3,4968,卖盘
1683,13:06:16,16.56,--,4,6623,卖盘
1684,13:06:13,16.56,-0.01,14,23184,卖盘
1685,13:06:10,16.57,0.01,327,541839,买盘
1686,13:06:07,16.56,--,5,8280,卖盘
1687,13:06:04,16.56,--,5,8280,卖盘
1688,13:06:01,16.56,--,6,9936,卖盘
1689,13:05:58,16.56,-0.01,1,1655,卖盘
1690,13:05:55,16.57,0.01,1,1657,买盘
1691,13:05:52,16.56,--,47,77832,卖盘
1692,13:05:46,16.56,--,10,16560,卖盘
1693,13:05:43,16.56,--,9,14903,卖盘
1694,13:05:34,16.56,0.01,33,54647,买盘
1695,13:05:25,16.55,-0.01,10,16550,卖盘
1696,13:05:22,16.56,--,50,82800,买盘
1697,13:05:19,16.56,--,30,49679,买盘
1698,13:05:16,16.56,0.01,5,8280,买盘
1699,13:05:10,16.55,--,7,11585,卖盘
1700,13:05:07,16.55,--,103,170465,卖盘
1701,13:05:04,16.55,--,4,6620,卖盘
1702,13:05:01,16.55,-0.01,15,24825,卖盘
1703,13:04:49,16.56,--,6,9936,卖盘
1704,13:04:46,16.56,--,282,466991,卖盘
1705,13:04:43,16.56,--,15,24839,卖盘
1706,13:04:37,16.56,--,10,16560,卖盘
1707,13:04:31,16.56,--,21,34776,卖盘
1708,13:04:25,16.56,--,118,195407,卖盘
1709,13:04:22,16.56,--,16,26495,卖盘
1710,13:04:19,16.56,--,13,21528,卖盘
1711,13:04:16,16.56,--,5,8280,卖盘
1712,13:04:10,16.56,--,47,77832,卖盘
1713,13:04:07,16.56,--,157,259991,卖盘
1714,13:04:01,16.56,--,220,364320,卖盘
1715,13:03:52,16.56,--,30,49679,卖盘
1716,13:03:49,16.56,-0.01,46,76176,卖盘
1717,13:03:46,16.57,0.01,1,1657,买盘
1718,13:03:43,16.56,-0.01,84,139104,卖盘
1719,13:03:34,16.57,--,202,334714,买盘
1720,13:03:31,16.57,--,4,6628,买盘
1721,13:03:16,16.57,0.01,10,16570,买盘
1722,13:03:13,16.56,-0.01,12,19872,卖盘
1723,13:03:04,16.57,--,164,271748,卖盘
1724,13:03:01,16.57,-0.01,75,124275,卖盘
1725,13:02:58,16.58,0.01,110,182379,买盘
1726,13:02:55,16.57,--,4,6628,卖盘
1727,13:02:52,16.57,-0.01,3,4971,卖盘
1728,13:02:49,16.58,--,14,23211,买盘
1729,13:02:46,16.58,0.01,14,23211,买盘
1730,13:02:43,16.57,-0.01,11,18227,卖盘
1731,13:02:40,16.58,0.01,11,18237,买盘
1732,13:02:37,16.57,--,2,3314,卖盘
1733,13:02:34,16.57,-0.01,12,19884,卖盘
1734,13:02:25,16.58,0.01,4,6631,买盘
1735,13:02:22,16.57,--,22,36454,卖盘
1736,13:02:19,16.57,--,6,9942,卖盘
1737,13:02:07,16.57,-0.01,41,67937,卖盘
1738,13:02:04,16.58,0.01,69,114401,买盘
1739,13:02:01,16.57,--,6,9942,卖盘
1740,13:01:58,16.57,-0.01,5,8285,卖盘
1741,13:01:55,16.58,0.01,61,101137,买盘
1742,13:01:52,16.57,--,25,41425,卖盘
1743,13:01:49,16.57,--,10,16570,卖盘
1744,13:01:46,16.57,--,32,53024,卖盘
1745,13:01:43,16.57,--,36,59652,卖盘
1746,13:01:40,16.57,--,16,26512,卖盘
1747,13:01:37,16.57,--,45,74565,卖盘
1748,13:01:34,16.57,-0.01,81,134217,卖盘
1749,13:01:31,16.58,0.01,9,14921,买盘
1750,13:01:28,16.57,--,5,8285,卖盘
1751,13:01:25,16.57,-0.01,15,24855,卖盘
1752,13:01:22,16.58,0.01,10,16580,买盘
1753,13:01:16,16.57,--,94,155758,卖盘
1754,13:01:13,16.57,--,31,51367,卖盘
1755,13:01:10,16.57,-0.01,79,130903,卖盘
1756,13:01:07,16.58,--,49,81241,卖盘
1757,13:01:04,16.58,--,62,102795,卖盘
1758,13:00:58,16.58,-0.02,21,34818,卖盘
1759,13:00:55,16.6,0.01,112,185920,买盘
1760,13:00:52,16.59,0.01,11,18249,买盘
1761,13:00:49,16.58,--,4,6631,卖盘
1762,13:00:46,16.58,-0.02,43,71293,卖盘
1763,13:00:31,16.6,--,10,16600,买盘
1764,13:00:22,16.6,0.02,20,33200,买盘
1765,13:00:16,16.58,--,7,11605,买盘
1766,13:00:13,16.58,--,8,13263,买盘
1767,13:00:10,16.58,-0.02,125,207249,卖盘
1768,13:00:07,16.6,--,610,1012600,买盘
1769,13:00:04,16.6,--,801,1329660,买盘
1770,11:30:02,16.6,0.02,2,3320,买盘
1771,11:29:59,16.58,-0.02,5,8290,卖盘
1772,11:29:56,16.6,--,10,16600,买盘
1773,11:29:50,16.6,0.02,207,343620,买盘
1774,11:29:41,16.58,-0.02,107,177405,卖盘
1775,11:29:32,16.6,--,14,23240,卖盘
1776,11:29:26,16.6,0.01,751,1248154,买盘
1777,11:29:20,16.59,--,13,21567,买盘
1778,11:29:17,16.59,0.01,11,18249,买盘
1779,11:29:08,16.58,-0.01,10,16580,卖盘
1780,11:29:05,16.59,0.01,18,29862,买盘
1781,11:29:02,16.58,-0.01,11,18237,卖盘
1782,11:28:56,16.59,--,50,82950,买盘
1783,11:28:53,16.59,0.01,6,9954,买盘
1784,11:28:50,16.58,--,43,71293,买盘
1785,11:28:44,16.58,--,12,19895,买盘
1786,11:28:41,16.58,--,24,39791,卖盘
1787,11:28:38,16.58,--,33,54713,卖盘
1788,11:28:35,16.58,--,7,11605,买盘
1789,11:28:29,16.58,--,19,31501,买盘
1790,11:28:23,16.58,0.01,12,19895,买盘
1791,11:28:14,16.57,--,5,8285,卖盘
1792,11:28:11,16.57,--,4,6628,卖盘
1793,11:28:05,16.57,-0.01,2,3314,卖盘
1794,11:28:02,16.58,0.01,13,21553,中性盘
1795,11:27:56,16.57,-0.02,9,14913,中性盘
1796,11:27:47,16.59,0.03,373,618807,买盘
1797,11:27:44,16.56,-0.02,7,11592,卖盘
1798,11:27:41,16.58,--,44,72951,买盘
1799,11:27:38,16.58,-0.01,5,8290,中性盘
1800,11:27:35,16.59,0.03,28,46452,买盘
1801,11:27:32,16.56,-0.03,31,51335,卖盘
1802,11:27:26,16.59,0.01,78,129402,买盘
1803,11:27:23,16.58,--,4,6631,卖盘
1804,11:27:20,16.58,-0.01,8,13263,卖盘
1805,11:27:17,16.59,0.01,153,253827,买盘
1806,11:27:11,16.58,0.01,132,218855,买盘
1807,11:27:05,16.57,--,10,16570,卖盘
1808,11:27:02,16.57,-0.01,6,9942,卖盘
1809,11:26:59,16.58,0.01,10,16580,买盘
1810,11:26:56,16.57,--,81,134217,卖盘
1811,11:26:53,16.57,-0.01,21,34797,卖盘
1812,11:26:50,16.58,--,29,48081,买盘
1813,11:26:41,16.58,0.02,79,130981,买盘
1814,11:26:35,16.56,-0.02,7,11592,卖盘
1815,11:26:29,16.58,0.02,9,14921,买盘
1816,11:26:26,16.56,--,5,8280,卖盘
1817,11:26:23,16.56,--,11,18216,卖盘
1818,11:26:17,16.56,--,5,8280,卖盘
1819,11:26:11,16.56,-0.01,71,117575,卖盘
1820,11:26:08,16.57,--,1,1657,买盘
1821,11:26:05,16.57,-0.01,1,1657,买盘
1822,11:26:02,16.58,0.02,2,3315,买盘
1823,11:25:47,16.56,-0.02,148,245087,卖盘
1824,11:25:44,16.58,0.01,9,14921,买盘
1825,11:25:41,16.57,--,56,92792,卖盘
1826,11:25:38,16.57,-0.01,121,200497,卖盘
1827,11:25:35,16.58,0.01,21,34818,买盘
1828,11:25:29,16.57,--,10,16570,卖盘
1829,11:25:26,16.57,--,1,1657,买盘
1830,11:25:23,16.57,--,14,23198,买盘
1831,11:25:20,16.57,--,6,9942,买盘
1832,11:25:17,16.57,--,44,72908,买盘
1833,11:25:14,16.57,--,1,1657,买盘
1834,11:25:11,16.57,0.01,4,6628,买盘
1835,11:25:05,16.56,-0.01,39,64583,卖盘
1836,11:25:02,16.57,--,10,16570,买盘
1837,11:24:59,16.57,0.01,11,18227,买盘
1838,11:24:56,16.56,0.01,31,51335,买盘
1839,11:24:44,16.55,-0.02,24,39720,卖盘
1840,11:24:41,16.57,0.02,1,1657,买盘
1841,11:24:38,16.55,-0.02,9,14895,卖盘
1842,11:24:35,16.57,--,3,4971,买盘
1843,11:24:32,16.57,0.01,5,8285,买盘
1844,11:24:29,16.56,-0.01,19,31463,卖盘
1845,11:24:26,16.57,0.02,6,9942,中性盘
1846,11:24:20,16.55,-0.01,25,41375,卖盘
1847,11:24:17,16.56,--,25,41400,卖盘
1848,11:24:14,16.56,-0.02,9,14903,卖盘
1849,11:24:11,16.58,0.02,10,16580,买盘
1850,11:24:08,16.56,-0.01,93,154008,卖盘
1851,11:24:05,16.57,--,161,266777,卖盘
1852,11:24:02,16.57,0.02,304,503728,买盘
1853,11:23:59,16.55,--,47,77785,卖盘
1854,11:23:56,16.55,-0.01,5,8275,卖盘
1855,11:23:53,16.56,--,1,1655,买盘
1856,11:23:50,16.56,--,220,364320,卖盘
1857,11:23:44,16.56,--,38,62927,卖盘
1858,11:23:35,16.56,--,153,253367,卖盘
1859,11:23:29,16.56,0.01,59,97703,买盘
1860,11:23:23,16.55,--,44,72820,卖盘
1861,11:23:17,16.55,0.01,14,23170,卖盘
1862,11:23:14,16.54,--,37,62818,买盘
1863,11:23:05,16.54,--,27,44691,卖盘
1864,11:23:02,16.54,--,4,8236,买盘
1865,11:22:59,16.54,-0.02,68,112505,卖盘
1866,11:22:56,16.56,0.01,10,16560,买盘
1867,11:22:53,16.55,--,10,16550,买盘
1868,11:22:47,16.55,-0.01,47,77785,卖盘
1869,11:22:44,16.56,--,10,16560,买盘
1870,11:22:41,16.56,0.01,45,74520,买盘
1871,11:22:38,16.55,0.01,15,24825,买盘
1872,11:22:35,16.54,--,9,14886,卖盘
1873,11:22:23,16.54,-0.01,1,1654,卖盘
1874,11:22:17,16.55,0.01,21,34755,买盘
1875,11:22:11,16.54,--,25,41350,卖盘
1876,11:22:05,16.54,--,226,375424,买盘
1877,11:22:02,16.54,0.01,15,24810,买盘
1878,11:21:50,16.53,--,2,3306,卖盘
1879,11:21:47,16.53,-0.01,30,49590,卖盘
1880,11:21:44,16.54,0.01,15,24810,买盘
1881,11:21:38,16.53,--,4,6612,卖盘
1882,11:21:29,16.53,--,220,363660,卖盘
1883,11:21:26,16.53,0.01,2,3306,中性盘
1884,11:21:17,16.52,--,100,165200,卖盘
1885,11:21:14,16.52,-0.01,160,264320,卖盘
1886,11:21:08,16.53,0.01,21,34713,买盘
1887,11:21:02,16.52,-0.01,130,214760,卖盘
1888,11:20:59,16.53,--,1,1653,买盘
1889,11:20:56,16.53,0.01,10,16530,买盘
1890,11:20:53,16.52,--,2,3304,卖盘
1891,11:20:50,16.52,--,17,28084,卖盘
1892,11:20:44,16.52,-0.01,9,14868,卖盘
1893,11:20:41,16.53,0.01,5,8265,买盘
1894,11:20:35,16.52,-0.01,15,24780,卖盘
1895,11:20:29,16.53,0.01,1,1653,买盘
1896,11:20:23,16.52,-0.01,2,3304,卖盘
1897,11:20:17,16.53,--,8,13224,买盘
1898,11:20:05,16.53,-0.01,47,77691,卖盘
1899,11:20:02,16.54,0.01,2,3308,买盘
1900,11:19:59,16.53,--,66,109098,卖盘
1901,11:19:53,16.53,--,2,3306,卖盘
1902,11:19:47,16.53,0.01,91,150423,买盘
1903,11:19:44,16.52,--,30,49560,卖盘
1904,11:19:41,16.52,-0.01,2,3304,卖盘
1905,11:19:29,16.53,0.01,9,14877,买盘
1906,11:19:26,16.52,-0.01,70,115640,卖盘
1907,11:19:23,16.53,--,3,4959,买盘
1908,11:19:16,16.53,--,12,19836,买盘
1909,11:19:13,16.53,--,5,8265,买盘
1910,11:19:10,16.53,--,12,19836,卖盘
1911,11:19:01,16.53,-0.01,9,14877,卖盘
1912,11:18:55,16.54,--,17,28118,买盘
1913,11:18:49,16.54,--,8,13232,买盘
1914,11:18:43,16.54,--,34,56236,买盘
1915,11:18:40,16.54,--,7,11578,买盘
1916,11:18:34,16.54,--,11,18194,买盘
1917,11:18:31,16.54,0.01,12,19848,买盘
1918,11:18:28,16.53,-0.01,182,300846,卖盘
1919,11:18:25,16.54,-0.01,136,224977,卖盘
1920,11:18:22,16.55,--,3,4965,买盘
1921,11:18:13,16.55,0.01,9,14895,买盘
1922,11:18:07,16.54,--,11,19814,卖盘
1923,11:18:01,16.54,-0.01,7,11578,卖盘
1924,11:17:58,16.55,0.01,77,127435,买盘
1925,11:17:52,16.54,--,23,38042,卖盘
1926,11:17:49,16.54,-0.01,4,6616,卖盘
1927,11:17:46,16.55,0.01,14,23170,买盘
1928,11:17:40,16.54,-0.02,78,129012,卖盘
1929,11:17:34,16.56,--,11,18216,买盘
1930,11:17:31,16.56,0.01,53,87768,买盘
1931,11:17:22,16.55,0.02,8,13240,卖盘
1932,11:17:19,16.53,-0.02,21,34713,卖盘
1933,11:17:16,16.55,0.01,11,18205,买盘
1934,11:17:13,16.54,-0.01,4,6616,卖盘
1935,11:17:10,16.55,--,40,66200,卖盘
1936,11:17:07,16.55,0.02,11,18205,中性盘
1937,11:16:58,16.53,-0.03,26,42978,卖盘
1938,11:16:55,16.56,0.02,48,79488,买盘
1939,11:16:52,16.54,-0.02,30,49620,卖盘
1940,11:16:49,16.56,0.01,15,24839,买盘
1941,11:16:43,16.55,-0.01,53,87715,卖盘
1942,11:16:40,16.56,0.01,33,54647,买盘
1943,11:16:37,16.55,-0.01,72,119160,卖盘
1944,11:16:28,16.56,--,56,92736,买盘
1945,11:16:22,16.56,--,72,119231,卖盘
1946,11:16:19,16.56,-0.01,5,8280,卖盘
1947,11:16:16,16.57,--,22,36454,买盘
1948,11:16:13,16.57,--,7,11599,买盘
1949,11:16:10,16.57,--,34,56338,买盘
1950,11:16:07,16.57,--,25,41425,卖盘
1951,11:16:01,16.57,--,5,8285,卖盘
1952,11:15:58,16.57,--,6,9942,卖盘
1953,11:15:55,16.57,--,10,16570,卖盘
1954,11:15:52,16.57,-0.01,42,69594,卖盘
1955,11:15:49,16.58,--,11,18237,买盘
1956,11:15:46,16.58,0.01,4,6631,买盘
1957,11:15:43,16.57,-0.01,124,205468,卖盘
1958,11:15:34,16.58,--,21,34818,买盘
1959,11:15:31,16.58,-0.01,14,23211,卖盘
1960,11:15:28,16.59,0.01,45,74655,买盘
1961,11:15:25,16.58,--,3,4973,卖盘
1962,11:15:22,16.58,--,43,71293,买盘
1963,11:15:19,16.58,--,3,4973,买盘
1964,11:15:16,16.58,--,73,121033,买盘
1965,11:15:13,16.58,--,47,77925,买盘
1966,11:15:10,16.58,--,110,182379,买盘
1967,11:15:07,16.58,--,5,8290,买盘
1968,11:15:04,16.58,0.01,3,4973,买盘
1969,11:15:01,16.57,-0.02,15,24855,卖盘
1970,11:14:58,16.59,0.02,40,66360,买盘
1971,11:14:55,16.57,-0.02,1,1657,中性盘
1972,11:14:52,16.59,0.03,502,832818,买盘
1973,11:14:49,16.56,--,19,31463,卖盘
1974,11:14:46,16.56,--,12,19872,卖盘
1975,11:14:43,16.56,--,16,26495,卖盘
1976,11:14:34,16.56,--,38,62927,买盘
1977,11:14:31,16.56,--,93,154008,买盘
1978,11:14:25,16.56,--,70,115919,买盘
1979,11:14:19,16.56,--,237,392471,买盘
1980,11:14:10,16.56,0.01,12,19872,买盘
1981,11:14:07,16.55,0.02,21,34755,买盘
1982,11:14:04,16.53,-0.02,103,170259,卖盘
1983,11:14:01,16.55,--,29,47995,买盘
1984,11:13:58,16.55,0.02,46,76130,买盘
1985,11:13:52,16.53,--,12,19836,卖盘
1986,11:13:49,16.53,--,60,99180,卖盘
1987,11:13:46,16.53,0.03,77,127281,买盘
1988,11:13:40,16.5,--,536,885786,买盘
1989,11:13:34,16.5,--,62,102300,买盘
1990,11:13:31,16.5,--,676,1115400,买盘
1991,11:13:28,16.5,--,78,128700,买盘
1992,11:13:25,16.5,--,109,179850,买盘
1993,11:13:22,16.5,--,75,123750,买盘
1994,11:13:16,16.5,--,96,158400,买盘
1995,11:13:13,16.5,--,298,491700,买盘
1996,11:13:04,16.5,--,49,80850,买盘
1997,11:12:58,16.5,--,127,209550,买盘
1998,11:12:55,16.5,--,45,74250,买盘
1999,11:12:52,16.5,0.01,38,62700,买盘
2000,11:12:49,16.49,-0.01,20,32980,卖盘
2001,11:12:46,16.5,0.01,19,31350,买盘
2002,11:12:43,16.49,-0.01,10,16490,卖盘
2003,11:12:37,16.5,0.01,145,239250,买盘
2004,11:12:34,16.49,--,95,156654,买盘
2005,11:12:31,16.49,--,31,51118,买盘
2006,11:12:28,16.49,--,30,49469,买盘
2007,11:12:25,16.49,--,96,158303,买盘
2008,11:12:19,16.49,--,649,1071619,卖盘
2009,11:12:16,16.49,-0.01,5,8245,卖盘
2010,11:12:13,16.5,--,21,34650,买盘
2011,11:12:01,16.5,0.01,4,6600,买盘
2012,11:11:55,16.49,--,8,13191,卖盘
2013,11:11:52,16.49,--,5,8475,买盘
2014,11:11:49,16.49,--,71,117078,买盘
2015,11:11:46,16.49,--,84,138516,买盘
2016,11:11:43,16.49,--,6,9893,买盘
2017,11:11:40,16.49,--,3,4946,买盘
2018,11:11:37,16.49,--,111,183038,买盘
2019,11:11:34,16.49,--,23,37927,买盘
2020,11:11:31,16.49,--,13,21436,买盘
2021,11:11:28,16.49,0.01,8,13191,买盘
2022,11:11:25,16.48,-0.01,20,32960,卖盘
2023,11:11:22,16.49,0.01,100,164899,买盘
2024,11:11:13,16.48,--,1,1648,卖盘
2025,11:11:10,16.48,--,141,232368,卖盘
2026,11:11:07,16.48,--,134,220864,买盘
2027,11:11:04,16.48,--,7,11536,买盘
2028,11:10:58,16.48,--,60,98880,买盘
2029,11:10:55,16.48,--,23,37904,买盘
2030,11:10:49,16.48,--,5,8240,买盘
2031,11:10:46,16.48,-0.01,845,1394175,卖盘
2032,11:10:43,16.49,--,59,97290,买盘
2033,11:10:40,16.49,--,100,164899,买盘
2034,11:10:34,16.49,--,100,164899,买盘
2035,11:10:31,16.49,--,1,1648,买盘
2036,11:10:28,16.49,--,400,659599,买盘
2037,11:10:22,16.49,--,40,65960,买盘
2038,11:10:16,16.49,--,24,39575,买盘
2039,11:10:13,16.49,--,10,16490,买盘
2040,11:10:10,16.49,--,36,59363,买盘
2041,11:10:07,16.49,--,106,174793,买盘
2042,11:10:01,16.49,--,191,316377,卖盘
2043,11:09:55,16.49,--,75,123674,卖盘
2044,11:09:46,16.49,0.01,34,56296,买盘
2045,11:09:43,16.48,-0.01,38,62624,卖盘
2046,11:09:40,16.49,--,1,1648,买盘
2047,11:09:37,16.49,--,46,75854,买盘
2048,11:09:34,16.49,--,250,412249,买盘
2049,11:09:28,16.49,--,90,148410,买盘
2050,11:09:25,16.49,--,40,65960,买盘
2051,11:09:22,16.49,--,13,21436,买盘
2052,11:09:19,16.49,--,167,275383,买盘
2053,11:09:16,16.49,--,11,18139,买盘
2054,11:09:10,16.49,0.01,12,19787,买盘
2055,11:09:07,16.48,--,10,16480,卖盘
2056,11:09:04,16.48,-0.01,17,28048,卖盘
2057,11:08:58,16.49,0.01,5,8245,买盘
2058,11:08:55,16.48,--,121,199408,买盘
2059,11:08:52,16.48,--,23,37904,买盘
2060,11:08:49,16.48,--,16,26368,买盘
2061,11:08:43,16.48,--,11,18128,买盘
2062,11:08:40,16.48,-0.01,12,19776,卖盘
2063,11:08:37,16.49,0.02,12,19787,买盘
2064,11:08:34,16.47,-0.02,118,194346,卖盘
2065,11:08:28,16.49,--,62,102237,买盘
2066,11:08:25,16.49,0.01,3,4946,买盘
2067,11:08:22,16.48,-0.01,18,29664,卖盘
2068,11:08:19,16.49,0.01,45,74205,买盘
2069,11:08:16,16.48,--,5,8240,买盘
2070,11:08:13,16.48,-0.01,56,92288,卖盘
2071,11:08:07,16.49,--,74,122025,买盘
2072,11:08:01,16.49,0.02,11,18139,买盘
2073,11:07:58,16.47,-0.01,60,98820,卖盘
2074,11:07:55,16.48,--,11,18128,买盘
2075,11:07:52,16.48,--,79,130192,买盘
2076,11:07:49,16.48,--,11,18128,买盘
2077,11:07:46,16.48,--,47,77456,卖盘
2078,11:07:43,16.48,0.01,58,95584,买盘
2079,11:07:40,16.47,--,59,97173,卖盘
2080,11:07:37,16.47,-0.01,354,583038,卖盘
2081,11:07:34,16.48,-0.01,9,14832,卖盘
2082,11:07:28,16.49,--,7,11542,买盘
2083,11:07:22,16.49,0.01,2,3297,买盘
2084,11:07:19,16.48,-0.01,79,130192,卖盘
2085,11:07:13,16.49,0.01,50,82449,买盘
2086,11:07:10,16.48,--,54,88992,买盘
2087,11:07:04,16.48,--,173,285104,买盘
2088,11:07:01,16.48,--,135,222480,买盘
2089,11:06:55,16.48,0.01,82,135136,买盘
2090,11:06:52,16.47,--,25,41175,卖盘
2091,11:06:49,16.47,--,9,14822,卖盘
2092,11:06:46,16.47,--,38,62585,卖盘
2093,11:06:43,16.47,-0.01,121,199287,卖盘
2094,11:06:34,16.48,0.02,37,60976,买盘
2095,11:06:31,16.46,-0.02,120,197520,卖盘
2096,11:06:28,16.48,0.01,10,16480,买盘
2097,11:06:22,16.47,-0.01,77,126818,卖盘
2098,11:06:19,16.48,--,2,3296,买盘
2099,11:06:16,16.48,0.01,8,13184,买盘
2100,11:06:13,16.47,-0.01,29,47763,卖盘
2101,11:06:10,16.48,0.01,13,21424,买盘
2102,11:06:07,16.47,-0.01,99,163053,卖盘
2103,11:06:01,16.48,--,25,41200,买盘
2104,11:05:58,16.48,--,3,4944,买盘
2105,11:05:55,16.48,--,10,16480,买盘
2106,11:05:52,16.48,--,246,405408,买盘
2107,11:05:49,16.48,--,71,117008,卖盘
2108,11:05:46,16.48,-0.01,1,1648,卖盘
2109,11:05:43,16.49,0.01,13,21436,买盘
2110,11:05:40,16.48,0.01,22,36256,卖盘
2111,11:05:34,16.47,-0.02,33,54350,卖盘
2112,11:05:31,16.49,--,50,82449,买盘
2113,11:05:28,16.49,0.01,51,84098,买盘
2114,11:05:25,16.48,-0.01,175,288400,卖盘
2115,11:05:22,16.49,0.01,85,140165,买盘
2116,11:05:19,16.48,--,59,97232,卖盘
2117,11:05:13,16.48,-0.01,13,21424,卖盘
2118,11:05:10,16.49,0.01,33,54416,买盘
2119,11:05:07,16.48,--,5,8240,卖盘
2120,11:05:04,16.48,--,11,18128,卖盘
2121,11:04:58,16.48,0.02,5,8240,中性盘
2122,11:04:52,16.46,-0.01,130,213980,卖盘
2123,11:04:49,16.47,--,4,7576,买盘
2124,11:04:46,16.47,--,63,104419,卖盘
2125,11:04:43,16.47,-0.02,57,93879,卖盘
2126,11:04:37,16.49,0.02,22,37267,买盘
2127,11:04:34,16.47,--,133,219050,卖盘
2128,11:04:28,16.47,-0.01,40,65880,卖盘
2129,11:04:25,16.48,0.02,20,32960,买盘
2130,11:04:22,16.46,--,33,54318,卖盘
2131,11:04:19,16.46,--,280,460880,卖盘
2132,11:04:16,16.46,--,77,126742,卖盘
2133,11:04:13,16.46,-0.01,32,52672,卖盘
2134,11:04:07,16.47,--,24,39528,买盘
2135,11:04:04,16.47,--,53,87291,卖盘
2136,11:04:01,16.47,--,158,260225,买盘
2137,11:03:55,16.47,--,90,148230,买盘
2138,11:03:52,16.47,--,71,116936,买盘
2139,11:03:49,16.47,0.01,48,79056,中性盘
2140,11:03:40,16.46,-0.01,54,88884,卖盘
2141,11:03:37,16.47,--,2,3294,买盘
2142,11:03:34,16.47,0.01,21,34587,买盘
2143,11:03:31,16.46,--,23,37858,卖盘
2144,11:03:28,16.46,-0.01,2,3292,中性盘
2145,11:03:25,16.47,0.01,49,80703,买盘
2146,11:03:22,16.46,-0.01,7,11522,中性盘
2147,11:03:19,16.47,0.01,254,418338,买盘
2148,11:03:16,16.46,--,118,195413,卖盘
2149,11:03:13,16.46,--,5,8230,卖盘
2150,11:03:10,16.46,--,96,158016,卖盘
2151,11:03:07,16.46,-0.01,257,423022,卖盘
2152,11:03:04,16.47,0.01,55,90585,买盘
2153,11:02:58,16.46,-0.01,6,9876,卖盘
2154,11:02:55,16.47,0.01,142,233873,买盘
2155,11:02:52,16.46,-0.01,83,136618,卖盘
2156,11:02:46,16.47,-0.01,17,27998,卖盘
2157,11:02:43,16.48,0.01,24,39552,买盘
2158,11:02:40,16.47,0.01,215,354105,中性盘
2159,11:02:34,16.46,--,232,382332,卖盘
2160,11:02:31,16.46,--,117,192582,卖盘
2161,11:02:28,16.46,-0.03,5,8230,卖盘
2162,11:02:25,16.49,0.03,318,524382,买盘
2163,11:02:22,16.46,--,20,32920,卖盘
2164,11:02:19,16.46,--,20,32920,卖盘
2165,11:02:16,16.46,-0.01,67,110282,卖盘
2166,11:02:10,16.47,0.01,60,98820,买盘
2167,11:02:07,16.46,--,182,299572,卖盘
2168,11:02:04,16.46,-0.01,70,115220,卖盘
2169,11:02:01,16.47,--,113,186111,买盘
2170,11:01:58,16.47,-0.01,172,283284,卖盘
2171,11:01:55,16.48,0.01,12,19776,买盘
2172,11:01:49,16.47,--,71,116936,卖盘
2173,11:01:46,16.47,-0.01,106,174582,卖盘
2174,11:01:40,16.48,--,1,1648,买盘
2175,11:01:37,16.48,-0.01,167,275216,卖盘
2176,11:01:31,16.49,0.01,267,440282,买盘
2177,11:01:28,16.48,--,12,19776,卖盘
2178,11:01:22,16.48,-0.01,343,565264,卖盘
2179,11:01:16,16.49,-0.01,39,65432,卖盘
2180,11:01:13,16.5,--,32,52800,买盘
2181,11:01:10,16.5,0.01,44,72600,买盘
2182,11:01:07,16.49,--,107,176442,卖盘
2183,11:01:04,16.49,--,16,26383,卖盘
2184,11:01:01,16.49,-0.01,71,117078,卖盘
2185,11:00:55,16.5,0.01,40,66000,买盘
2186,11:00:52,16.49,-0.01,63,103886,卖盘
2187,11:00:49,16.5,-0.01,124,204600,卖盘
2188,11:00:46,16.51,--,2,3302,买盘
2189,11:00:40,16.51,0.01,29,47879,买盘
2190,11:00:37,16.5,-0.02,214,353100,卖盘
2191,11:00:34,16.52,0.02,25,41300,买盘
2192,11:00:31,16.5,--,31,51150,卖盘
2193,11:00:28,16.5,-0.02,13,21450,卖盘
2194,11:00:25,16.52,--,34,56168,买盘
2195,11:00:22,16.52,--,392,647584,卖盘
2196,11:00:16,16.52,--,54,89208,卖盘
2197,11:00:13,16.52,--,58,95816,卖盘
2198,11:00:10,16.52,--,42,69384,卖盘
2199,11:00:07,16.52,--,98,161896,卖盘
2200,11:00:04,16.52,--,68,112336,卖盘
2201,11:00:01,16.52,--,19,31388,卖盘
2202,10:59:58,16.52,--,21,34692,卖盘
2203,10:59:55,16.52,0.02,21,34692,中性盘
2204,10:59:49,16.5,-0.02,316,521400,卖盘
2205,10:59:46,16.52,--,30,49560,买盘
2206,10:59:43,16.52,--,25,41300,买盘
2207,10:59:40,16.52,--,11,18172,买盘
2208,10:59:34,16.52,0.01,2,3304,买盘
2209,10:59:31,16.51,-0.01,33,54483,卖盘
2210,10:59:28,16.52,0.01,55,90860,买盘
2211,10:59:22,16.51,-0.01,3,4953,卖盘
2212,10:59:16,16.52,--,33,54516,买盘
2213,10:59:10,16.52,--,1,1652,买盘
2214,10:59:07,16.52,0.01,22,36344,买盘
2215,10:59:04,16.51,--,30,49530,卖盘
2216,10:58:55,16.51,-0.03,1,1651,中性盘
2217,10:58:52,16.54,0.04,121,200597,买盘
2218,10:58:46,16.5,--,24,39600,卖盘
2219,10:58:43,16.5,--,12,20262,买盘
2220,10:58:40,16.5,--,19,31350,买盘
2221,10:58:37,16.5,--,19,31350,买盘
2222,10:58:33,16.5,--,26,42900,买盘
2223,10:58:30,16.5,--,17,29238,卖盘
2224,10:58:24,16.5,0.01,34,56562,买盘
2225,10:58:21,16.49,-0.01,15,24734,卖盘
2226,10:58:18,16.5,--,56,92400,买盘
2227,10:58:15,16.5,--,23,37950,买盘
2228,10:58:12,16.5,--,6,9900,买盘
2229,10:58:09,16.5,--,15,24750,买盘
2230,10:58:06,16.5,--,10,16500,买盘
2231,10:58:03,16.5,-0.01,129,212850,卖盘
2232,10:58:00,16.51,0.01,29,47879,买盘
2233,10:57:57,16.5,-0.01,15,24750,卖盘
2234,10:57:54,16.51,0.01,6,9906,买盘
2235,10:57:51,16.5,--,8,13200,卖盘
2236,10:57:45,16.5,0.01,33,54450,卖盘
2237,10:57:42,16.49,-0.01,200,329799,卖盘
2238,10:57:39,16.5,0.01,80,132528,买盘
2239,10:57:36,16.49,-0.01,66,108833,卖盘
2240,10:57:33,16.5,--,25,41250,买盘
2241,10:57:30,16.5,0.01,21,34650,买盘
2242,10:57:27,16.49,--,13,21436,卖盘
2243,10:57:24,16.49,--,594,979505,卖盘
2244,10:57:21,16.49,-0.01,43,70907,卖盘
2245,10:57:15,16.5,0.01,1,1650,买盘
2246,10:57:12,16.49,--,20,32980,卖盘
2247,10:57:06,16.49,--,13,21436,卖盘
2248,10:57:03,16.49,--,2,3297,卖盘
2249,10:57:00,16.49,0.01,2,3297,卖盘
2250,10:56:54,16.48,-0.01,66,108768,卖盘
2251,10:56:48,16.49,--,6,9893,买盘
2252,10:56:45,16.49,--,2,3297,买盘
2253,10:56:42,16.49,-0.01,102,168197,卖盘
2254,10:56:39,16.5,0.01,2,3300,买盘
2255,10:56:36,16.49,--,72,118727,卖盘
2256,10:56:33,16.49,--,99,163250,卖盘
2257,10:56:27,16.49,-0.01,14,23085,卖盘
2258,10:56:24,16.5,0.01,23,37950,买盘
2259,10:56:21,16.49,-0.01,9,14840,卖盘
2260,10:56:18,16.5,--,7,11550,买盘
2261,10:56:12,16.5,--,77,127050,买盘
2262,10:56:06,16.5,-0.01,1436,2370522,卖盘
2263,10:56:03,16.51,-0.01,44,72644,卖盘
2264,10:56:00,16.52,0.01,18,29736,买盘
2265,10:55:57,16.51,--,6,9906,卖盘
2266,10:55:54,16.51,--,78,128778,卖盘
2267,10:55:51,16.51,--,5,8255,卖盘
2268,10:55:48,16.51,-0.01,82,135382,卖盘
2269,10:55:45,16.52,0.01,363,599676,买盘
2270,10:55:42,16.51,--,129,212979,卖盘
2271,10:55:39,16.51,-0.02,200,330200,卖盘
2272,10:55:36,16.53,0.01,4,6612,买盘
2273,10:55:33,16.52,-0.01,89,147028,卖盘
2274,10:55:30,16.53,--,62,102486,买盘
2275,10:55:27,16.53,0.01,73,120669,买盘
2276,10:55:24,16.52,--,31,51212,卖盘
2277,10:55:21,16.52,-0.01,43,71036,卖盘
2278,10:55:15,16.53,0.01,45,74385,买盘
2279,10:55:12,16.52,-0.01,6,9912,卖盘
2280,10:55:09,16.53,--,185,305805,买盘
2281,10:55:06,16.53,-0.01,61,100833,中性盘
2282,10:54:57,16.54,--,79,130666,买盘
2283,10:54:54,16.54,0.02,1,1654,买盘
2284,10:54:48,16.52,-0.01,40,66080,卖盘
2285,10:54:42,16.53,--,95,157035,买盘
2286,10:54:39,16.53,0.01,27,44631,买盘
2287,10:54:36,16.52,-0.01,9,14868,卖盘
2288,10:54:33,16.53,--,4,6612,买盘
2289,10:54:30,16.53,--,50,82650,买盘
2290,10:54:27,16.53,-0.01,40,66120,卖盘
2291,10:54:24,16.54,--,28,46312,买盘
2292,10:54:18,16.54,0.01,27,44658,买盘
2293,10:54:15,16.53,-0.01,10,16530,买盘
2294,10:54:12,16.54,--,2,3308,买盘
2295,10:54:09,16.54,--,108,178632,买盘
2296,10:54:06,16.54,--,45,74430,买盘
2297,10:54:03,16.54,0.01,48,79392,买盘
2298,10:54:00,16.53,--,21,34713,买盘
2299,10:53:57,16.53,-0.01,81,133893,卖盘
2300,10:53:54,16.54,--,18,29772,买盘
2301,10:53:48,16.54,--,84,138936,买盘
2302,10:53:45,16.54,0.01,10,16540,买盘
2303,10:53:42,16.53,-0.01,17,28101,卖盘
2304,10:53:39,16.54,--,8,13232,买盘
2305,10:53:36,16.54,--,178,294412,卖盘
2306,10:53:33,16.54,--,2,3308,卖盘
2307,10:53:30,16.54,-0.01,49,81046,卖盘
2308,10:53:27,16.55,--,17,28135,买盘
2309,10:53:24,16.55,--,40,66200,买盘
2310,10:53:21,16.55,0.01,12,19860,买盘
2311,10:53:18,16.54,-0.01,113,186902,卖盘
2312,10:53:15,16.55,0.01,35,57925,买盘
2313,10:53:12,16.54,--,382,631828,卖盘
2314,10:53:09,16.54,-0.01,100,165400,卖盘
2315,10:53:06,16.55,--,32,52960,买盘
2316,10:53:03,16.55,--,74,122470,买盘
2317,10:53:00,16.55,0.01,4,6620,买盘
2318,10:52:54,16.54,-0.01,27,44658,卖盘
2319,10:52:48,16.55,--,65,107575,买盘
2320,10:52:42,16.55,0.01,2,3310,买盘
2321,10:52:39,16.54,-0.01,32,52928,卖盘
2322,10:52:36,16.55,0.01,55,91025,买盘
2323,10:52:33,16.54,--,173,286175,买盘
2324,10:52:30,16.54,--,39,66126,卖盘
2325,10:52:27,16.54,--,45,74430,卖盘
2326,10:52:24,16.54,--,1,1654,卖盘
2327,10:52:21,16.54,-0.01,6,9957,卖盘
2328,10:52:18,16.55,0.02,26,43030,买盘
2329,10:52:15,16.53,--,110,181830,卖盘
2330,10:52:09,16.53,--,1,1653,卖盘
2331,10:52:06,16.53,--,12,19836,卖盘
2332,10:52:03,16.53,-0.01,127,209931,卖盘
2333,10:52:00,16.54,0.01,12,19848,买盘
2334,10:51:57,16.53,-0.01,11,18183,卖盘
2335,10:51:54,16.54,0.01,6,9924,买盘
2336,10:51:48,16.53,--,48,79344,卖盘
2337,10:51:45,16.53,--,33,54549,卖盘
2338,10:51:42,16.53,--,28,46284,卖盘
2339,10:51:39,16.53,0.01,221,365313,买盘
2340,10:51:33,16.52,--,24,39648,买盘
2341,10:51:30,16.52,--,10,16520,买盘
2342,10:51:27,16.52,0.01,1,1652,买盘
2343,10:51:24,16.51,-0.01,185,305435,卖盘
2344,10:51:15,16.52,--,4,6608,买盘
2345,10:51:12,16.52,-0.01,6,9912,卖盘
2346,10:51:09,16.53,0.01,50,82650,买盘
2347,10:51:06,16.52,-0.01,218,360565,卖盘
2348,10:51:03,16.53,0.01,25,41325,买盘
2349,10:51:00,16.52,-0.01,20,33040,卖盘
2350,10:50:54,16.53,0.01,96,158688,买盘
2351,10:50:51,16.52,--,19,31388,卖盘
2352,10:50:48,16.52,-0.01,111,183372,卖盘
2353,10:50:42,16.53,--,26,42978,买盘
2354,10:50:36,16.53,--,48,79344,买盘
2355,10:50:33,16.53,--,5,8265,买盘
2356,10:50:30,16.53,-0.01,117,193401,卖盘
2357,10:50:24,16.54,-0.01,70,116110,卖盘
2358,10:50:18,16.55,--,108,178740,卖盘
2359,10:50:15,16.55,--,12,19860,卖盘
2360,10:50:12,16.55,--,59,97645,卖盘
2361,10:50:09,16.55,0.01,391,648429,买盘
2362,10:50:06,16.54,-0.01,556,919921,卖盘
2363,10:50:03,16.55,--,69,114195,买盘
2364,10:50:00,16.55,--,2,3310,买盘
2365,10:49:57,16.55,--,35,57925,买盘
2366,10:49:51,16.55,--,105,173775,卖盘
2367,10:49:48,16.55,-0.01,7,12247,中性盘
2368,10:49:45,16.56,0.01,14,23184,买盘
2369,10:49:42,16.55,0.01,10,16550,买盘
2370,10:49:36,16.54,-0.01,50,82700,卖盘
2371,10:49:33,16.55,--,67,110885,买盘
2372,10:49:30,16.55,--,8,13240,买盘
2373,10:49:27,16.55,--,39,64545,买盘
2374,10:49:24,16.55,--,12,19860,买盘
2375,10:49:21,16.55,--,26,43030,卖盘
2376,10:49:15,16.55,--,55,91025,卖盘
2377,10:49:12,16.55,--,18,29790,卖盘
2378,10:49:09,16.55,-0.01,16,26480,卖盘
2379,10:49:06,16.56,--,131,216935,卖盘
2380,10:49:03,16.56,0.01,25,41400,买盘
2381,10:49:00,16.55,-0.01,165,273075,卖盘
2382,10:48:57,16.56,--,10,16560,卖盘
2383,10:48:54,16.56,--,22,36432,买盘
2384,10:48:51,16.56,0.01,40,66240,买盘
2385,10:48:45,16.55,--,5,8275,卖盘
2386,10:48:42,16.55,-0.01,21,34755,卖盘
2387,10:48:39,16.56,--,9,14903,买盘
2388,10:48:36,16.56,0.01,23,38088,买盘
2389,10:48:33,16.55,--,21,34755,买盘
2390,10:48:30,16.55,--,18,29790,买盘
2391,10:48:24,16.55,--,136,225080,卖盘
2392,10:48:21,16.55,--,63,104265,卖盘
2393,10:48:15,16.55,--,3,4965,卖盘
2394,10:48:12,16.55,0.01,6,10625,买盘
2395,10:48:06,16.54,-0.01,20,33080,卖盘
2396,10:48:03,16.55,0.01,100,165500,买盘
2397,10:48:00,16.54,0.01,17,28118,买盘
2398,10:47:57,16.53,-0.01,65,107445,卖盘
2399,10:47:51,16.54,0.01,105,173670,中性盘
2400,10:47:48,16.53,-0.01,36,59508,卖盘
2401,10:47:45,16.54,--,426,704604,卖盘
2402,10:47:42,16.54,0.01,29,47966,买盘
2403,10:47:39,16.53,-0.01,102,168606,卖盘
2404,10:47:33,16.54,0.01,159,262986,买盘
2405,10:47:30,16.53,-0.01,83,137199,卖盘
2406,10:47:27,16.54,0.01,15,24810,买盘
2407,10:47:24,16.53,--,7,11571,卖盘
2408,10:47:15,16.53,--,30,49590,卖盘
2409,10:47:12,16.53,--,17,28101,买盘
2410,10:47:09,16.53,--,213,352089,买盘
2411,10:47:06,16.53,--,15,24795,买盘
2412,10:46:57,16.53,0.01,9,16133,买盘
2413,10:46:54,16.52,0.01,152,251599,买盘
2414,10:46:51,16.51,-0.01,17,28067,卖盘
2415,10:46:48,16.52,0.01,40,66080,买盘
2416,10:46:45,16.51,-0.01,111,183261,卖盘
2417,10:46:42,16.52,0.01,14,23128,买盘
2418,10:46:39,16.51,--,70,115570,卖盘
2419,10:46:33,16.51,-0.01,11,18161,买盘
2420,10:46:30,16.52,0.02,36,59472,买盘
2421,10:46:27,16.5,-0.01,107,176550,卖盘
2422,10:46:24,16.51,0.01,87,143637,买盘
2423,10:46:21,16.5,--,10,16500,卖盘
2424,10:46:18,16.5,--,5,8250,卖盘
2425,10:46:15,16.5,--,4,6600,卖盘
2426,10:46:12,16.5,-0.01,26,42900,卖盘
2427,10:46:09,16.51,0.03,115,189865,买盘
2428,10:46:06,16.48,-0.03,79,130192,卖盘
2429,10:46:03,16.51,0.02,153,252603,买盘
2430,10:46:00,16.49,--,84,138516,买盘
2431,10:45:57,16.49,0.01,62,102237,中性盘
2432,10:45:51,16.48,-0.02,101,166448,卖盘
2433,10:45:48,16.5,0.02,11,18150,卖盘
2434,10:45:45,16.48,0.01,47,78148,中性盘
2435,10:45:42,16.47,--,53,87291,卖盘
2436,10:45:39,16.47,-0.01,520,856439,卖盘
2437,10:45:36,16.48,-0.02,90,148320,卖盘
2438,10:45:33,16.5,0.02,77,127050,买盘
2439,10:45:30,16.48,--,77,126896,中性盘
2440,10:45:27,16.48,--,30,49440,买盘
2441,10:45:24,16.48,0.01,75,123600,买盘
2442,10:45:21,16.47,-0.01,87,143289,卖盘
2443,10:45:15,16.48,--,94,154912,买盘
2444,10:45:12,16.48,--,96,158208,买盘
2445,10:45:06,16.48,-0.02,516,851323,卖盘
2446,10:45:03,16.5,0.01,111,183150,买盘
2447,10:45:00,16.49,--,128,212424,买盘
2448,10:44:57,16.49,--,230,380589,买盘
2449,10:44:54,16.49,--,616,1015783,买盘
2450,10:44:51,16.49,--,78,128621,买盘
2451,10:44:48,16.49,0.01,122,201177,买盘
2452,10:44:42,16.48,-0.01,117,192816,卖盘
2453,10:44:39,16.49,--,62,102237,买盘
2454,10:44:36,16.49,0.01,130,214369,买盘
2455,10:44:33,16.48,--,39,64272,卖盘
2456,10:44:30,16.48,--,185,304880,卖盘
2457,10:44:27,16.48,--,190,313120,卖盘
2458,10:44:24,16.48,--,71,117008,卖盘
2459,10:44:21,16.48,-0.01,508,837184,卖盘
2460,10:44:15,16.49,--,92,151708,买盘
2461,10:44:12,16.49,0.01,237,390812,买盘
2462,10:44:09,16.48,-0.01,138,227424,卖盘
2463,10:44:06,16.49,--,100,164899,卖盘
2464,10:44:03,16.49,--,45,74205,卖盘
2465,10:43:57,16.49,0.01,568,937951,买盘
2466,10:43:54,16.48,--,549,904752,卖盘
2467,10:43:51,16.48,--,576,949248,卖盘
2468,10:43:48,16.48,--,143,235664,卖盘
2469,10:43:45,16.48,--,131,215888,卖盘
2470,10:43:42,16.48,--,78,128544,卖盘
2471,10:43:36,16.48,--,63,103824,卖盘
2472,10:43:33,16.48,-0.01,35,57680,卖盘
2473,10:43:27,16.49,--,316,521083,买盘
2474,10:43:24,16.49,--,35,57714,买盘
2475,10:43:21,16.49,0.01,135,222614,买盘
2476,10:43:18,16.48,-0.01,188,309824,卖盘
2477,10:43:15,16.49,0.01,25,41224,买盘
2478,10:43:12,16.48,-0.01,10,16480,卖盘
2479,10:43:09,16.49,--,177,291873,卖盘
2480,10:43:06,16.49,--,42,69258,卖盘
2481,10:43:03,16.49,-0.01,131,216018,卖盘
2482,10:43:00,16.5,0.01,34,56100,买盘
2483,10:42:57,16.49,-0.01,147,242402,卖盘
2484,10:42:51,16.5,--,107,176550,卖盘
2485,10:42:48,16.5,--,60,99000,卖盘
2486,10:42:45,16.5,-0.01,440,726000,卖盘
2487,10:42:39,16.51,0.01,271,447421,买盘
2488,10:42:36,16.5,-0.01,193,318450,卖盘
2489,10:42:33,16.51,--,116,191516,买盘
2490,10:42:27,16.51,--,27,44577,买盘
2491,10:42:24,16.51,0.01,50,82550,买盘
2492,10:42:21,16.5,--,739,1219350,卖盘
2493,10:42:18,16.5,--,21,34650,卖盘
2494,10:42:15,16.5,--,599,988350,卖盘
2495,10:42:12,16.5,-0.01,387,638550,卖盘
2496,10:42:06,16.51,--,32,52832,买盘
2497,10:42:03,16.51,--,13,21463,买盘
2498,10:42:00,16.51,--,384,635156,卖盘
2499,10:41:57,16.51,-0.01,15,26085,卖盘
2500,10:41:54,16.52,0.01,48,79296,买盘
2501,10:41:51,16.51,--,114,188214,卖盘
2502,10:41:48,16.51,--,131,216281,卖盘
2503,10:41:45,16.51,--,546,901446,卖盘
2504,10:41:39,16.51,-0.01,232,383032,卖盘
2505,10:41:36,16.52,0.01,119,196588,买盘
2506,10:41:33,16.51,--,716,1182116,卖盘
2507,10:41:24,16.51,-0.01,165,272415,卖盘
2508,10:41:18,16.52,--,360,594720,买盘
2509,10:41:15,16.52,--,86,142072,买盘
2510,10:41:12,16.52,0.01,159,262668,买盘
2511,10:41:09,16.51,-0.01,134,221234,卖盘
2512,10:41:06,16.52,--,107,176764,买盘
2513,10:41:00,16.52,--,17,28084,买盘
2514,10:40:57,16.52,--,22,36344,买盘
2515,10:40:54,16.52,--,99,163548,卖盘
2516,10:40:51,16.52,-0.02,155,256060,卖盘
2517,10:40:48,16.54,0.02,4,6616,买盘
2518,10:40:45,16.52,--,126,208152,卖盘
2519,10:40:39,16.52,-0.01,579,956508,卖盘
2520,10:40:36,16.53,-0.01,37,61161,卖盘
2521,10:40:33,16.54,-0.01,1,1654,卖盘
2522,10:40:30,16.55,0.01,4,6620,买盘
2523,10:40:27,16.54,0.02,4,6616,买盘
2524,10:40:24,16.52,--,22,36344,卖盘
2525,10:40:21,16.52,-0.01,5,8260,卖盘
2526,10:40:18,16.53,0.01,33,54549,中性盘
2527,10:40:15,16.52,--,181,299656,买盘
2528,10:40:09,16.52,0.01,1911,3156972,买盘
2529,10:40:06,16.51,-0.01,52,85852,卖盘
2530,10:40:03,16.52,--,162,267970,卖盘
2531,10:40:00,16.52,--,181,299012,卖盘
2532,10:39:57,16.52,-0.02,10,16520,卖盘
2533,10:39:54,16.54,0.02,68,113778,买盘
2534,10:39:51,16.52,--,24,39648,卖盘
2535,10:39:48,16.52,--,135,223020,卖盘
2536,10:39:45,16.52,--,105,173460,卖盘
2537,10:39:42,16.52,--,44,72688,卖盘
2538,10:39:39,16.52,--,28,46256,卖盘
2539,10:39:36,16.52,0.01,59,97468,买盘
2540,10:39:33,16.51,-0.01,56,92456,卖盘
2541,10:39:30,16.52,--,76,125552,买盘
2542,10:39:27,16.52,--,497,821044,卖盘
2543,10:39:24,16.52,--,40,66080,卖盘
2544,10:39:21,16.52,0.01,160,265625,买盘
2545,10:39:18,16.51,-0.01,17,28067,卖盘
2546,10:39:15,16.52,--,49,80948,买盘
2547,10:39:12,16.52,--,61,100772,买盘
2548,10:39:09,16.52,--,35,57820,买盘
2549,10:39:03,16.52,-0.02,1812,2993770,卖盘
2550,10:39:00,16.54,-0.01,117,193865,卖盘
2551,10:38:57,16.55,0.01,10,16550,买盘
2552,10:38:54,16.54,-0.01,10,17846,卖盘
2553,10:38:51,16.55,--,1,1655,买盘
2554,10:38:48,16.55,0.01,26,43030,买盘
2555,10:38:45,16.54,-0.01,263,435002,卖盘
2556,10:38:42,16.55,--,352,584016,卖盘
2557,10:38:36,16.55,--,57,94335,卖盘
2558,10:38:33,16.55,--,61,100955,卖盘
2559,10:38:30,16.55,0.02,32,53158,买盘
2560,10:38:27,16.53,-0.02,163,270893,卖盘
2561,10:38:24,16.55,0.01,313,518213,买盘
2562,10:38:21,16.54,--,2,3308,卖盘
2563,10:38:18,16.54,0.01,10,16540,卖盘
2564,10:38:11,16.53,--,190,314070,卖盘
2565,10:38:08,16.53,-0.01,31,51243,卖盘
2566,10:38:05,16.54,--,171,284140,买盘
2567,10:38:02,16.54,--,9,14886,买盘
2568,10:37:59,16.54,-0.01,18,30119,卖盘
2569,10:37:53,16.55,0.01,48,80747,买盘
2570,10:37:47,16.54,-0.01,50,82700,卖盘
2571,10:37:44,16.55,--,3713,6146471,卖盘
2572,10:37:41,16.55,-0.01,98,162190,卖盘
2573,10:37:38,16.56,0.01,73,120887,买盘
2574,10:37:35,16.55,-0.01,169,279695,卖盘
2575,10:37:32,16.56,--,49,81144,买盘
2576,10:37:29,16.56,--,54,89424,买盘
2577,10:37:26,16.56,-0.01,194,321264,卖盘
2578,10:37:23,16.57,0.01,2,3314,买盘
2579,10:37:20,16.56,--,201,332856,卖盘
2580,10:37:17,16.56,-0.01,89,147384,卖盘
2581,10:37:14,16.57,--,69,114333,买盘
2582,10:37:11,16.57,--,47,78260,卖盘
2583,10:37:08,16.57,-0.01,53,87821,卖盘
2584,10:37:05,16.58,0.01,71,117717,买盘
2585,10:37:02,16.57,--,43,71251,卖盘
2586,10:36:59,16.57,--,39,64623,卖盘
2587,10:36:56,16.57,-0.01,32,54299,卖盘
2588,10:36:50,16.58,0.01,3,4973,买盘
2589,10:36:44,16.57,-0.01,24,39768,买盘
2590,10:36:41,16.58,0.01,52,86215,买盘
2591,10:36:38,16.57,0.01,108,178956,中性盘
2592,10:36:35,16.56,-0.02,82,135792,卖盘
2593,10:36:32,16.58,0.03,38,63003,买盘
2594,10:36:26,16.55,-0.02,69,114195,卖盘
2595,10:36:23,16.57,--,328,544788,买盘
2596,10:36:20,16.57,0.01,9,14913,买盘
2597,10:36:17,16.56,--,94,155664,卖盘
2598,10:36:11,16.56,0.01,37,61271,买盘
2599,10:36:05,16.55,-0.02,24,39720,卖盘
2600,10:36:02,16.57,0.02,24,39768,买盘
2601,10:35:59,16.55,--,12,19860,卖盘
2602,10:35:53,16.55,--,76,125780,卖盘
2603,10:35:50,16.55,-0.02,378,625590,卖盘
2604,10:35:47,16.57,0.01,115,190555,买盘
2605,10:35:44,16.56,--,6,9936,买盘
2606,10:35:41,16.56,--,107,177192,买盘
2607,10:35:35,16.56,--,1,1655,买盘
2608,10:35:32,16.56,--,24,39744,买盘
2609,10:35:29,16.56,--,144,238463,买盘
2610,10:35:26,16.56,--,15,24839,买盘
2611,10:35:23,16.56,--,25,41400,买盘
2612,10:35:20,16.56,-0.01,48,79488,买盘
2613,10:35:17,16.57,--,1212,2008284,买盘
2614,10:35:14,16.57,--,31,51367,买盘
2615,10:35:11,16.57,0.01,34,56338,买盘
2616,10:35:05,16.56,-0.01,63,104327,卖盘
2617,10:35:02,16.57,--,36,59652,买盘
2618,10:34:59,16.57,--,33,54681,买盘
2619,10:34:56,16.57,0.01,25,42717,买盘
2620,10:34:53,16.56,--,161,266616,卖盘
2621,10:34:50,16.56,--,75,124199,卖盘
2622,10:34:47,16.56,--,55,91080,买盘
2623,10:34:44,16.56,--,103,170568,买盘
2624,10:34:41,16.56,0.01,209,346104,买盘
2625,10:34:38,16.55,--,141,233355,卖盘
2626,10:34:35,16.55,-0.01,124,205220,卖盘
2627,10:34:29,16.56,0.01,70,115919,买盘
2628,10:34:26,16.55,-0.01,25,41375,卖盘
2629,10:34:23,16.56,0.01,47,77832,买盘
2630,10:34:20,16.55,-0.01,60,99300,卖盘
2631,10:34:17,16.56,0.03,61,101015,买盘
2632,10:34:14,16.53,--,541,895198,买盘
2633,10:34:11,16.53,--,25,41325,买盘
2634,10:34:08,16.53,-0.02,943,1559506,卖盘
2635,10:34:05,16.55,--,13,21515,卖盘
2636,10:34:02,16.55,-0.01,553,915215,卖盘
2637,10:33:59,16.56,0.01,28,46368,买盘
2638,10:33:56,16.55,--,20,33100,卖盘
2639,10:33:50,16.55,--,116,192410,卖盘
2640,10:33:47,16.55,--,37,62376,买盘
2641,10:33:44,16.55,--,140,231700,买盘
2642,10:33:41,16.55,--,103,170465,买盘
2643,10:33:38,16.55,--,66,109230,买盘
2644,10:33:35,16.55,--,53,87715,买盘
2645,10:33:32,16.55,0.01,46,76130,买盘
2646,10:33:29,16.54,-0.01,25,41350,卖盘
2647,10:33:23,16.55,0.01,42,69510,买盘
2648,10:33:20,16.54,--,69,114126,卖盘
2649,10:33:17,16.54,--,91,151522,买盘
2650,10:33:14,16.54,--,176,291104,买盘
2651,10:33:11,16.54,0.01,69,114126,买盘
2652,10:33:05,16.53,-0.01,72,119016,卖盘
2653,10:33:02,16.54,--,161,266294,买盘
2654,10:32:59,16.54,0.02,166,274564,买盘
2655,10:32:56,16.52,--,11,18172,卖盘
2656,10:32:53,16.52,-0.02,146,242497,卖盘
2657,10:32:50,16.54,0.02,46,76084,买盘
2658,10:32:47,16.52,--,134,221368,卖盘
2659,10:32:44,16.52,--,452,746704,卖盘
2660,10:32:38,16.52,--,306,505512,卖盘
2661,10:32:35,16.52,-0.01,309,510980,卖盘
2662,10:32:32,16.53,0.01,99,163647,买盘
2663,10:32:29,16.52,--,151,249452,买盘
2664,10:32:26,16.52,--,199,328748,买盘
2665,10:32:23,16.52,-0.01,317,523684,卖盘
2666,10:32:14,16.53,-0.01,43,71079,买盘
2667,10:32:11,16.54,--,198,327492,买盘
2668,10:32:08,16.54,0.01,47,77738,买盘
2669,10:32:05,16.53,-0.01,58,95874,卖盘
2670,10:32:02,16.54,--,24,39696,买盘
2671,10:31:59,16.54,--,77,128003,卖盘
2672,10:31:56,16.54,-0.01,39,65514,卖盘
2673,10:31:53,16.55,--,17,28135,买盘
2674,10:31:50,16.55,--,216,357546,卖盘
2675,10:31:47,16.55,-0.01,97,160535,卖盘
2676,10:31:44,16.56,0.01,196,326165,买盘
2677,10:31:41,16.55,-0.01,150,248250,卖盘
2678,10:31:35,16.56,0.01,101,167256,买盘
2679,10:31:32,16.55,-0.02,500,827500,卖盘
2680,10:31:29,16.57,0.01,30,49710,买盘
2681,10:31:26,16.56,-0.01,399,660744,卖盘
2682,10:31:20,16.57,--,148,245236,卖盘
2683,10:31:17,16.57,-0.01,62,102734,卖盘
2684,10:31:14,16.58,--,95,157509,买盘
2685,10:31:05,16.58,--,329,545482,卖盘
2686,10:31:02,16.58,--,66,109427,卖盘
2687,10:30:59,16.58,-0.01,523,867133,卖盘
2688,10:30:53,16.59,--,254,421386,卖盘
2689,10:30:50,16.59,--,178,295302,卖盘
2690,10:30:47,16.59,--,547,907473,卖盘
2691,10:30:44,16.59,--,282,467838,卖盘
2692,10:30:41,16.59,-0.01,2111,3502149,卖盘
2693,10:30:38,16.6,--,296,491874,卖盘
2694,10:30:35,16.6,-0.01,589,977740,卖盘
2695,10:30:32,16.61,0.01,126,209286,买盘
2696,10:30:29,16.6,--,802,1332465,卖盘
2697,10:30:26,16.6,--,80,132800,卖盘
2698,10:30:23,16.6,--,617,1024220,卖盘
2699,10:30:20,16.6,-0.01,20,33200,卖盘
2700,10:30:17,16.61,--,795,1320495,卖盘
2701,10:30:14,16.61,--,395,656095,卖盘
2702,10:30:11,16.61,--,71,117931,卖盘
2703,10:30:08,16.61,--,51,84711,卖盘
2704,10:29:59,16.61,--,18,29898,卖盘
2705,10:29:56,16.61,-0.01,532,885113,卖盘
2706,10:29:53,16.62,--,34,57771,卖盘
2707,10:29:50,16.62,-0.01,60,100351,卖盘
2708,10:29:44,16.63,-0.01,50,84264,卖盘
2709,10:29:41,16.64,0.02,17,28837,买盘
2710,10:29:38,16.62,-0.01,61,102811,卖盘
2711,10:29:35,16.63,--,5,8315,卖盘
2712,10:29:32,16.63,-0.01,11,18293,卖盘
2713,10:29:26,16.64,0.01,68,113152,买盘
2714,10:29:23,16.63,--,39,64856,卖盘
2715,10:29:20,16.63,--,22,36586,卖盘
2716,10:29:17,16.63,-0.01,43,71509,卖盘
2717,10:29:11,16.64,--,22,36608,买盘
2718,10:29:02,16.64,--,62,103584,卖盘
2719,10:28:59,16.64,--,1,1664,卖盘
2720,10:28:56,16.64,-0.01,5,9568,卖盘
2721,10:28:50,16.65,0.01,10,16650,买盘
2722,10:28:44,16.64,--,100,166400,卖盘
2723,10:28:41,16.64,-0.01,357,594048,卖盘
2724,10:28:38,16.65,0.01,7,11654,买盘
2725,10:28:35,16.64,--,11,18304,卖盘
2726,10:28:29,16.64,--,89,148096,卖盘
2727,10:28:26,16.64,--,112,186368,买盘
2728,10:28:20,16.64,--,50,83200,买盘
2729,10:28:17,16.64,--,31,51584,卖盘
2730,10:28:14,16.64,--,10,16640,卖盘
2731,10:28:11,16.64,-0.01,6,9984,卖盘
2732,10:28:08,16.65,--,7,11654,买盘
2733,10:28:05,16.65,--,59,98234,买盘
2734,10:28:02,16.65,--,24,39960,买盘
2735,10:27:56,16.65,--,51,86063,卖盘
2736,10:27:53,16.65,--,15,26207,卖盘
2737,10:27:50,16.65,--,19,32617,卖盘
2738,10:27:47,16.65,--,19,33266,卖盘
2739,10:27:41,16.65,--,129,214784,买盘
2740,10:27:38,16.65,0.01,68,113219,买盘
2741,10:27:32,16.64,-0.01,458,762112,卖盘
2742,10:27:29,16.65,0.01,5,8325,买盘
2743,10:27:26,16.64,-0.01,46,76544,卖盘
2744,10:27:23,16.65,0.01,6,9990,买盘
2745,10:27:17,16.64,-0.01,11,18304,卖盘
2746,10:27:14,16.65,--,37,61604,买盘
2747,10:27:08,16.65,0.01,130,216449,买盘
2748,10:26:59,16.64,--,28,47157,买盘
2749,10:26:56,16.64,0.01,42,69888,买盘
2750,10:26:53,16.63,-0.01,49,82750,卖盘
2751,10:26:50,16.64,--,46,76544,买盘
2752,10:26:47,16.64,--,15,24960,买盘
2753,10:26:41,16.64,--,10,16640,买盘
2754,10:26:38,16.64,0.01,10,16640,买盘
2755,10:26:35,16.63,--,22,36586,卖盘
2756,10:26:29,16.63,-0.01,62,103106,卖盘
2757,10:26:26,16.64,--,60,99840,买盘
2758,10:26:23,16.64,0.01,21,34944,买盘
2759,10:26:17,16.63,--,15,24945,卖盘
2760,10:26:11,16.63,--,180,299340,卖盘
2761,10:26:08,16.63,-0.01,11,18293,卖盘
2762,10:26:05,16.64,0.01,20,33280,买盘
2763,10:26:02,16.63,-0.01,69,114747,卖盘
2764,10:25:59,16.64,0.01,22,36608,买盘
2765,10:25:50,16.63,-0.01,12,20338,卖盘
2766,10:25:47,16.64,--,29,49620,卖盘
2767,10:25:44,16.64,--,170,283445,卖盘
2768,10:25:41,16.64,-0.01,151,251264,卖盘
2769,10:25:38,16.65,0.01,87,144855,买盘
2770,10:25:35,16.64,--,117,194688,卖盘
2771,10:25:32,16.64,-0.01,31,51584,卖盘
2772,10:25:26,16.65,0.01,249,414584,买盘
2773,10:25:23,16.64,-0.01,12,19968,卖盘
2774,10:25:20,16.65,0.01,100,166500,买盘
2775,10:25:17,16.64,-0.01,5,8320,卖盘
2776,10:25:14,16.65,0.01,9,14984,买盘
2777,10:25:11,16.64,-0.01,35,58240,卖盘
2778,10:25:08,16.65,0.01,124,206459,买盘
2779,10:25:05,16.64,--,40,66560,卖盘
2780,10:25:02,16.64,-0.01,2,3328,卖盘
2781,10:24:59,16.65,--,1,1664,买盘
