,time,price,change,volume,amount,type
0,15:00:21,37.58,--,225,845550,买盘
1,14:57:21,37.58,--,0,0,买盘
2,14:57:00,37.58,0.01,10,37580,买盘
3,14:56:54,37.57,-0.01,1,3757,卖盘
4,14:56:51,37.58,--,25,93950,买盘
5,14:56:45,37.58,--,10,37580,买盘
6,14:56:42,37.58,-0.02,58,217964,卖盘
7,14:56:39,37.6,0.02,7,26320,买盘
8,14:56:36,37.58,-0.02,12,45096,卖盘
9,14:56:30,37.6,--,11,41360,买盘
10,14:56:27,37.6,--,2,7520,买盘
11,14:56:24,37.6,0.02,2,7520,买盘
12,14:56:21,37.58,-0.02,12,45096,卖盘
13,14:56:12,37.6,-0.03,2,8572,卖盘
14,14:56:06,37.63,0.03,12,45156,买盘
15,14:56:03,37.6,--,6,22560,卖盘
16,14:55:57,37.6,--,5,18800,卖盘
17,14:55:54,37.6,-0.01,59,224547,卖盘
18,14:55:51,37.61,--,1,3761,买盘
19,14:55:45,37.61,--,6,22566,买盘
20,14:55:39,37.61,--,10,37610,买盘
21,14:55:36,37.61,0.01,3,11283,买盘
22,14:55:33,37.6,-0.02,73,274480,卖盘
23,14:55:27,37.62,--,1,3761,买盘
24,14:55:21,37.62,0.01,5,18810,中性盘
25,14:55:15,37.61,-0.02,32,120352,卖盘
26,14:55:09,37.63,0.01,18,67734,买盘
27,14:55:06,37.62,0.01,5,18810,中性盘
28,14:54:57,37.61,-0.02,3,11283,卖盘
29,14:54:48,37.63,0.02,1,3763,买盘
30,14:54:45,37.61,-0.02,1,3761,卖盘
31,14:54:42,37.63,-0.02,3,11289,卖盘
32,14:54:30,37.65,-0.01,1,3765,卖盘
33,14:54:27,37.66,-0.11,19,75094,卖盘
34,14:54:21,37.77,0.11,40,151080,买盘
35,14:54:09,37.66,-0.04,3,11297,卖盘
36,14:54:06,37.7,--,32,120640,卖盘
37,14:53:57,37.7,-0.08,3,11310,卖盘
38,14:53:48,37.78,--,10,37780,买盘
39,14:53:45,37.78,-0.02,46,173788,卖盘
40,14:53:42,37.8,-0.05,23,86940,卖盘
41,14:53:36,37.85,--,3,11355,买盘
42,14:53:30,37.85,--,3,11355,买盘
43,14:53:27,37.85,--,54,205449,卖盘
44,14:53:24,37.85,-0.02,20,75700,卖盘
45,14:53:21,37.87,0.02,1,3786,买盘
46,14:53:18,37.85,--,99,374715,卖盘
47,14:53:15,37.85,--,2,7570,卖盘
48,14:53:09,37.85,--,100,378500,卖盘
49,14:53:03,37.85,--,2,7570,卖盘
50,14:52:57,37.85,-0.02,26,98410,卖盘
51,14:52:51,37.87,--,90,340830,卖盘
52,14:52:42,37.87,0.02,41,155267,买盘
53,14:52:36,37.85,-0.02,0,2233,卖盘
54,14:52:21,37.87,--,3,11361,卖盘
55,14:52:15,37.87,-0.03,4,15147,卖盘
56,14:52:12,37.9,--,10,37900,买盘
57,14:52:03,37.9,0.03,1,3790,买盘
58,14:52:00,37.87,-0.03,10,37870,卖盘
59,14:51:36,37.9,--,5,18950,买盘
60,14:51:30,37.9,--,2,7580,买盘
61,14:51:21,37.9,0.03,1,3790,买盘
62,14:51:18,37.87,--,5,18935,卖盘
63,14:51:15,37.87,-0.03,12,45444,卖盘
64,14:51:09,37.9,0.03,3,11370,买盘
65,14:51:00,37.87,-0.03,4,15147,卖盘
66,14:50:57,37.9,--,28,106120,买盘
67,14:50:51,37.9,0.03,1,3790,买盘
68,14:50:45,37.87,--,12,45444,卖盘
69,14:50:39,37.87,0.02,23,87101,买盘
70,14:50:33,37.85,--,1,3785,卖盘
71,14:50:30,37.85,-0.02,1,3785,卖盘
72,14:50:24,37.87,0.02,17,64378,买盘
73,14:50:21,37.85,-0.02,10,37850,卖盘
74,14:50:15,37.87,0.02,3,11361,中性盘
75,14:50:03,37.85,--,55,208667,卖盘
76,14:50:00,37.85,--,6,22710,卖盘
77,14:49:57,37.85,--,8,30280,卖盘
78,14:49:48,37.85,--,9,34065,卖盘
79,14:49:42,37.85,-0.02,15,56775,卖盘
80,14:48:51,37.87,0.02,2,7573,买盘
81,14:48:48,37.85,--,12,45420,卖盘
82,14:48:45,37.85,--,2,7570,卖盘
83,14:48:24,37.85,--,2,7570,卖盘
84,14:48:21,37.85,--,2,7570,卖盘
85,14:48:06,37.85,--,6,22710,卖盘
86,14:48:03,37.85,-0.04,26,98410,卖盘
87,14:48:00,37.89,0.04,15,56835,买盘
88,14:47:57,37.85,-0.01,4,15140,卖盘
89,14:47:33,37.86,-0.03,7,26502,中性盘
90,14:46:57,37.89,--,4,15156,卖盘
91,14:46:45,37.89,--,1,3789,买盘
92,14:46:42,37.89,0.04,1,3789,买盘
93,14:46:33,37.85,-0.04,4,15140,卖盘
94,14:46:27,37.89,0.04,1,3789,买盘
95,14:46:15,37.85,-0.14,2,7570,卖盘
96,14:46:06,37.99,0.14,4,15196,中性盘
97,14:45:39,37.85,0.05,6,22710,中性盘
98,14:44:48,37.8,--,1,3779,卖盘
99,14:44:33,37.8,-0.25,6,22680,中性盘
100,14:44:18,38.05,--,1,3804,买盘
101,14:43:18,38.05,-0.1,26,98929,卖盘
102,14:43:00,38.15,-0.03,67,255605,买盘
103,14:42:48,38.18,0.13,60,229080,买盘
104,14:42:45,38.05,--,38,144590,卖盘
105,14:42:42,38.05,--,25,95125,卖盘
106,14:42:36,38.05,--,31,117954,卖盘
107,14:42:27,38.05,0.29,20,76100,中性盘
108,14:42:15,37.76,--,11,41536,买盘
109,14:42:09,37.76,-0.39,5,18880,卖盘
110,14:42:03,38.15,0.1,200,763000,买盘
111,14:42:00,38.05,--,20,76100,买盘
112,14:41:54,38.05,0.28,10,38050,买盘
113,14:41:51,37.77,--,3,11331,买盘
114,14:41:48,37.77,-0.26,2,7554,卖盘
115,14:41:45,38.03,0.03,6,22818,买盘
116,14:41:39,38.0,-0.06,3,11400,买盘
117,14:41:27,38.06,0.05,6,22836,买盘
118,14:41:18,38.01,--,13,49413,买盘
119,14:41:06,38.01,0.01,15,57015,买盘
120,14:41:03,38.0,0.25,7,26600,买盘
121,14:40:54,37.75,-0.25,5,18875,卖盘
122,14:40:51,38.0,--,9,34200,卖盘
123,14:40:48,38.0,--,15,57000,卖盘
124,14:40:45,38.0,--,1,3800,卖盘
125,14:40:42,38.0,--,29,110200,卖盘
126,14:40:38,38.0,--,4,15200,卖盘
127,14:40:32,38.0,--,32,121600,买盘
128,14:40:26,38.0,--,48,182400,买盘
129,14:40:02,38.0,0.3,20,76000,买盘
130,14:39:47,37.7,-0.3,23,86710,卖盘
131,14:39:35,38.0,0.3,60,228000,买盘
132,14:39:23,37.7,--,4,15080,卖盘
133,14:39:17,37.7,-0.27,67,252590,卖盘
134,14:38:59,37.97,0.19,60,227820,买盘
135,14:38:50,37.78,--,30,113340,买盘
136,14:38:32,37.78,--,5,18890,卖盘
137,14:38:29,37.78,--,25,94450,卖盘
138,14:38:20,37.78,--,29,109562,卖盘
139,14:38:14,37.78,--,2,7556,卖盘
140,14:38:08,37.78,-0.04,2,7556,卖盘
141,14:38:05,37.82,0.04,1,3782,买盘
142,14:38:02,37.78,-0.04,10,37780,卖盘
143,14:37:47,37.82,--,38,143716,买盘
144,14:37:14,37.82,-0.18,13,49166,卖盘
145,14:37:11,38.0,0.15,40,152000,买盘
146,14:37:05,37.85,0.03,21,79485,买盘
147,14:36:50,37.82,--,2,7564,卖盘
148,14:36:41,37.82,-0.06,1,3782,卖盘
149,14:36:29,37.88,0.06,50,189400,买盘
150,14:36:20,37.82,--,1,3782,卖盘
151,14:36:17,37.82,-0.03,7,26474,卖盘
152,14:36:11,37.85,0.03,5,18925,中性盘
153,14:36:08,37.82,-0.15,2,7564,卖盘
154,14:36:05,37.97,0.09,12,45564,买盘
155,14:36:02,37.88,--,25,94700,买盘
156,14:35:59,37.88,0.06,22,83336,买盘
157,14:35:50,37.82,--,4,15128,卖盘
158,14:35:38,37.82,--,3,11346,卖盘
159,14:35:29,37.82,0.15,22,83204,买盘
160,14:35:26,37.67,-0.21,6,22602,卖盘
161,14:35:11,37.88,0.13,70,265160,买盘
162,14:35:08,37.75,--,0,226,买盘
163,14:35:05,37.75,--,50,188750,买盘
164,14:34:50,37.75,0.11,80,302000,买盘
165,14:34:47,37.64,--,7,26348,买盘
166,14:34:44,37.64,-0.02,6,22584,卖盘
167,14:34:41,37.66,0.01,1,3765,中性盘
168,14:34:32,37.65,--,11,41415,卖盘
169,14:34:14,37.65,-0.03,2,7530,卖盘
170,14:34:11,37.68,-0.02,52,195936,卖盘
171,14:34:02,37.7,0.02,10,37700,买盘
172,14:33:59,37.68,-0.02,4,15072,卖盘
173,14:33:56,37.7,--,60,226200,买盘
174,14:33:53,37.7,-0.11,88,335303,卖盘
175,14:33:50,37.81,0.01,1,3781,中性盘
176,14:33:23,37.8,0.07,6,22680,卖盘
177,14:32:59,37.73,--,3,11318,卖盘
178,14:32:56,37.73,--,3,11318,卖盘
179,14:32:53,37.73,-0.23,100,377299,卖盘
180,14:32:41,37.96,0.05,20,75920,买盘
181,14:32:32,37.91,0.02,20,75820,买盘
182,14:32:29,37.89,0.13,30,115791,买盘
183,14:32:17,37.76,-0.13,0,1661,卖盘
184,14:32:11,37.89,0.03,30,113670,买盘
185,14:32:08,37.86,0.03,31,117366,买盘
186,14:31:47,37.83,-0.03,3,11349,中性盘
187,14:31:02,37.86,--,20,75720,买盘
188,14:30:59,37.86,0.08,38,143868,买盘
189,14:30:56,37.78,0.02,3,11334,买盘
190,14:30:41,37.76,-0.02,21,79296,卖盘
191,14:30:29,37.78,--,2,7556,卖盘
192,14:30:26,37.78,-0.01,2,7556,卖盘
193,14:30:14,37.79,-0.1,2,7558,卖盘
194,14:30:05,37.89,0.01,1,3789,买盘
195,14:29:56,37.88,--,1,4394,卖盘
196,14:29:44,37.88,--,3,11364,卖盘
197,14:29:41,37.88,-0.01,19,71972,卖盘
198,14:29:32,37.89,0.01,1,3789,买盘
199,14:29:29,37.88,--,13,49244,卖盘
200,14:29:26,37.88,--,16,60608,卖盘
201,14:29:17,37.88,--,2,7576,卖盘
202,14:29:14,37.88,--,20,75760,卖盘
203,14:29:11,37.88,--,1,3788,卖盘
204,14:29:05,37.88,--,1,5682,卖盘
205,14:28:50,37.88,--,3,11364,卖盘
206,14:28:47,37.88,--,2,7576,卖盘
207,14:28:44,37.88,--,20,75760,卖盘
208,14:28:38,37.88,--,2,7576,卖盘
209,14:28:26,37.88,0.12,28,107351,买盘
210,14:28:17,37.76,--,50,189328,卖盘
211,14:28:14,37.76,--,0,226,卖盘
212,14:28:11,37.76,-0.09,20,75520,卖盘
213,14:28:08,37.85,0.08,31,117335,买盘
214,14:28:02,37.77,--,40,151080,买盘
215,14:27:59,37.77,-0.08,5,21377,卖盘
216,14:27:47,37.85,-0.03,1,3785,中性盘
217,14:27:26,37.88,0.11,1,3788,买盘
218,14:27:14,37.77,-0.13,0,1284,卖盘
219,14:26:47,37.9,0.1,1,3790,卖盘
220,14:26:29,37.8,0.04,39,147420,买盘
221,14:26:17,37.76,--,53,200128,卖盘
222,14:26:14,37.76,--,0,944,卖盘
223,14:26:11,37.76,-0.01,0,415,卖盘
224,14:25:59,37.77,-0.03,30,113310,卖盘
225,14:25:47,37.8,-0.14,1,3779,中性盘
226,14:25:41,37.94,0.11,40,151760,买盘
227,14:25:35,37.83,-0.02,21,79443,买盘
228,14:25:32,37.85,-0.06,1,3785,中性盘
229,14:25:23,37.91,0.01,30,113729,买盘
230,14:25:20,37.9,0.13,63,239679,买盘
231,14:25:14,37.77,-0.11,0,377,卖盘
232,14:24:41,37.88,--,12,45456,卖盘
233,14:24:38,37.88,0.11,18,68184,买盘
234,14:24:29,37.77,-0.01,10,37770,卖盘
235,14:24:26,37.78,-0.1,20,75560,卖盘
236,14:24:23,37.88,0.11,1,3788,买盘
237,14:24:17,37.77,-0.01,20,76484,卖盘
238,14:24:14,37.78,0.01,0,415,中性盘
239,14:23:47,37.77,-0.17,100,377700,卖盘
240,14:23:35,37.94,0.17,21,79674,买盘
241,14:23:23,37.77,--,23,86871,卖盘
242,14:23:17,37.77,--,0,906,卖盘
243,14:23:14,37.77,-0.17,20,75917,卖盘
244,14:23:08,37.94,0.14,30,113820,买盘
245,14:23:02,37.8,0.03,40,151200,买盘
246,14:22:41,37.77,-0.03,20,75540,卖盘
247,14:22:26,37.8,-0.1,72,272916,卖盘
248,14:22:17,37.9,--,0,947,卖盘
249,14:22:14,37.9,-0.01,2,7996,卖盘
250,14:22:08,37.91,0.01,3,11372,中性盘
251,14:21:56,37.9,-0.04,5,18950,卖盘
252,14:21:47,37.94,-0.03,1,3794,中性盘
253,14:21:23,37.97,--,3,11391,买盘
254,14:21:20,37.97,0.07,1,3797,买盘
255,14:21:14,37.9,-0.13,0,1288,卖盘
256,14:21:11,38.03,--,13,49439,买盘
257,14:20:59,38.03,--,30,114090,买盘
258,14:20:23,38.03,0.07,120,456360,买盘
259,14:20:14,37.96,-0.07,0,1366,卖盘
260,14:19:55,38.03,--,8,30424,买盘
261,14:19:43,38.03,0.03,21,79863,买盘
262,14:19:37,38.0,--,9,34200,买盘
263,14:19:34,38.0,0.04,12,45600,买盘
264,14:19:28,37.96,--,4,15184,卖盘
265,14:19:22,37.96,-0.04,3,11388,卖盘
266,14:19:13,38.0,0.04,67,255512,买盘
267,14:19:10,37.96,-0.04,1,6605,卖盘
268,14:19:07,38.0,0.03,7,26600,买盘
269,14:19:01,37.97,--,13,50727,买盘
270,14:18:43,37.97,-0.03,19,74573,卖盘
271,14:18:37,38.0,--,180,684000,买盘
272,14:18:34,38.0,--,6,22800,买盘
273,14:18:25,38.0,0.03,20,76000,买盘
274,14:18:16,37.97,--,0,949,卖盘
275,14:18:10,37.97,-0.06,14,53575,卖盘
276,14:18:04,38.03,0.03,20,76060,买盘
277,14:17:43,38.0,--,21,79800,卖盘
278,14:17:37,38.0,-0.03,14,53200,卖盘
279,14:17:34,38.03,--,1,3803,买盘
280,14:17:25,38.03,0.03,3,11409,买盘
281,14:17:16,38.0,--,0,912,卖盘
282,14:17:13,38.0,--,0,380,卖盘
283,14:17:04,38.0,--,14,53200,卖盘
284,14:16:37,38.0,--,13,49400,卖盘
285,14:16:16,38.0,--,1,4750,卖盘
286,14:16:13,38.0,--,0,418,卖盘
287,14:16:07,38.0,-0.03,13,49400,卖盘
288,14:15:37,38.03,0.03,14,53242,买盘
289,14:15:28,38.0,--,10,38000,卖盘
290,14:15:16,38.0,--,0,912,卖盘
291,14:15:13,38.0,-0.03,0,380,卖盘
292,14:15:07,38.03,0.01,17,64651,买盘
293,14:14:58,38.02,0.02,1,3802,买盘
294,14:14:52,38.0,--,9,34200,卖盘
295,14:14:46,38.0,--,20,76000,卖盘
296,14:14:37,38.0,--,20,76000,卖盘
297,14:14:34,38.0,--,13,49400,卖盘
298,14:14:13,38.0,--,0,950,卖盘
299,14:14:10,38.0,--,6,24168,卖盘
300,14:14:07,38.0,--,13,49400,卖盘
301,14:13:34,38.0,--,16,60800,卖盘
302,14:13:22,38.0,--,2,7600,卖盘
303,14:13:13,38.0,--,10,40660,卖盘
304,14:13:07,38.0,--,16,60800,卖盘
305,14:13:04,38.0,-0.03,12,45600,卖盘
306,14:12:58,38.03,0.03,2,7606,买盘
307,14:12:49,38.0,--,15,60534,卖盘
308,14:12:37,38.0,--,12,45600,卖盘
309,14:12:19,38.0,--,7,26600,卖盘
310,14:12:13,38.0,-0.06,19,72542,卖盘
311,14:12:04,38.06,0.06,2,7612,买盘
312,14:11:49,38.0,-0.03,88,337212,卖盘
313,14:11:43,38.03,0.03,2,7606,买盘
314,14:11:37,38.0,--,14,53200,卖盘
315,14:11:31,38.0,-0.03,3,11400,卖盘
316,14:11:28,38.03,0.03,1,3803,买盘
317,14:11:16,38.0,--,3,11400,卖盘
318,14:11:10,38.0,--,12,48260,卖盘
319,14:11:07,38.0,--,13,49400,卖盘
320,14:11:01,38.0,--,309,1174200,卖盘
321,14:10:49,38.0,--,82,312018,卖盘
322,14:10:37,38.0,--,14,53200,卖盘
323,14:10:13,38.0,--,0,1368,卖盘
324,14:10:07,38.0,--,14,54606,卖盘
325,14:10:04,38.0,--,13,49400,卖盘
326,14:09:49,38.0,--,81,310878,卖盘
327,14:09:37,38.0,--,20,76000,卖盘
328,14:09:22,38.0,--,100,380000,卖盘
329,14:09:19,38.0,-0.03,7,26600,卖盘
330,14:09:16,38.03,0.03,1,3803,买盘
331,14:09:13,38.0,--,0,912,卖盘
332,14:09:10,38.0,--,9,35948,卖盘
333,14:09:07,38.0,-0.03,13,49400,卖盘
334,14:08:58,38.03,0.03,3,11409,买盘
335,14:08:55,38.0,--,100,380000,卖盘
336,14:08:46,38.0,--,21,81472,卖盘
337,14:08:34,38.0,-0.05,51,193800,卖盘
338,14:08:13,38.05,0.05,17,65636,买盘
339,14:08:10,38.0,--,14,55024,卖盘
340,14:07:49,38.0,--,24,91200,卖盘
341,14:07:46,38.0,-0.03,45,172862,卖盘
342,14:07:43,38.03,--,9,34227,买盘
343,14:07:37,38.03,-0.03,8,30424,卖盘
344,14:07:34,38.06,0.03,1,3806,买盘
345,14:07:25,38.03,--,2,7606,买盘
346,14:07:19,38.03,--,3,11409,买盘
347,14:07:13,38.03,0.03,12,48298,买盘
348,14:07:07,38.0,--,13,49400,卖盘
349,14:06:52,38.0,--,4,15200,卖盘
350,14:06:49,38.0,--,62,237614,卖盘
351,14:06:34,38.0,--,18,68400,卖盘
352,14:06:31,38.0,--,6,22800,卖盘
353,14:06:28,38.0,--,2,7600,卖盘
354,14:06:19,38.0,--,6,22800,卖盘
355,14:06:16,38.0,--,10,38000,卖盘
356,14:06:13,38.0,--,14,53200,卖盘
357,14:06:10,38.0,--,9,36974,卖盘
358,14:06:07,38.0,--,14,53200,卖盘
359,14:05:58,38.0,--,2,7600,卖盘
360,14:05:52,38.0,--,1,3800,卖盘
361,14:05:49,38.0,--,37,143830,卖盘
362,14:05:46,38.0,--,13,49400,卖盘
363,14:05:40,38.0,--,3,11400,卖盘
364,14:05:37,38.0,-0.03,13,49400,卖盘
365,14:05:34,38.03,--,39,148317,买盘
366,14:05:28,38.03,0.03,29,110287,买盘
367,14:05:19,38.0,--,5,19000,卖盘
368,14:05:10,38.0,--,12,48260,卖盘
369,14:04:49,38.0,-0.03,63,240312,卖盘
370,14:04:37,38.03,--,14,53242,卖盘
371,14:04:28,38.03,0.03,2,7606,买盘
372,14:04:10,38.0,--,9,36936,卖盘
373,14:04:07,38.0,--,13,49400,卖盘
374,14:03:55,38.0,0.09,17,64980,买盘
375,14:03:49,37.91,--,6,24224,买盘
376,14:03:40,37.91,0.01,1,3790,买盘
377,14:03:37,37.9,-0.01,13,49270,卖盘
378,14:03:31,37.91,--,1,3790,买盘
379,14:03:19,37.91,--,1,3790,买盘
380,14:03:16,37.91,0.01,18,68238,买盘
381,14:03:10,37.9,-0.1,22,85691,卖盘
382,14:03:04,38.0,0.03,17,64600,卖盘
383,14:02:58,37.97,0.07,12,45564,买盘
384,14:02:49,37.9,-0.13,9,35663,卖盘
385,14:02:43,38.03,0.06,40,152120,买盘
386,14:02:34,37.97,0.07,1,3797,买盘
387,14:02:16,37.9,--,9,35474,卖盘
388,14:02:10,37.9,--,0,1364,卖盘
389,14:01:49,37.9,-0.01,0,758,卖盘
390,14:01:43,37.91,--,1,3790,卖盘
391,14:01:34,37.91,-0.12,1,3790,中性盘
392,14:01:25,38.03,--,1,3803,买盘
393,14:01:22,38.03,--,6,22818,中性盘
394,14:01:13,38.03,0.13,14,53242,买盘
395,14:01:10,37.9,-0.16,9,36800,卖盘
396,14:01:04,38.06,0.16,5,19030,买盘
397,14:00:58,37.9,--,1,3790,卖盘
398,14:00:46,37.9,--,7,27136,卖盘
399,14:00:36,37.9,-0.1,1,3790,卖盘
400,14:00:27,38.0,--,1,3800,买盘
401,14:00:18,38.0,0.1,1,3800,买盘
402,14:00:12,37.9,-0.19,10,40628,卖盘
403,13:59:54,38.09,0.19,12,45708,买盘
404,13:59:48,37.9,-0.1,4,15614,卖盘
405,13:59:21,38.0,0.1,1,3800,买盘
406,13:59:09,37.9,-0.1,9,35474,卖盘
407,13:59:06,38.0,0.1,3,11400,买盘
408,13:59:03,37.9,0.03,3,11370,中性盘
409,13:58:48,37.87,-0.13,1,3786,卖盘
410,13:58:24,38.0,0.22,7,26600,买盘
411,13:58:09,37.78,-0.09,9,35399,卖盘
412,13:58:06,37.87,--,3,11361,买盘
413,13:58:00,37.87,--,2,7573,买盘
414,13:57:45,37.87,-0.13,11,41657,卖盘
415,13:57:42,38.0,0.03,30,114000,买盘
416,13:57:33,37.97,0.1,1,3797,买盘
417,13:57:12,37.87,0.1,2,7573,买盘
418,13:57:09,37.77,-0.1,9,35352,中性盘
419,13:56:54,37.87,0.12,3,11361,买盘
420,13:56:51,37.75,-0.04,15,58927,卖盘
421,13:56:42,37.79,-0.01,4,15116,买盘
422,13:56:39,37.8,-0.02,16,60479,卖盘
423,13:56:30,37.82,0.07,6,22692,买盘
424,13:56:09,37.75,-0.12,9,35371,卖盘
425,13:55:57,37.87,0.09,4,15147,买盘
426,13:55:48,37.78,-0.09,0,1511,卖盘
427,13:55:42,37.87,-0.03,3,11361,中性盘
428,13:55:27,37.9,0.12,5,18950,买盘
429,13:55:12,37.78,--,13,50474,卖盘
430,13:55:03,37.78,--,1,3778,卖盘
431,13:54:48,37.78,--,0,2757,卖盘
432,13:54:36,37.78,--,3,11334,卖盘
433,13:54:27,37.78,--,0,1397,买盘
434,13:54:21,37.78,--,1,3778,买盘
435,13:54:15,37.78,--,3,11334,买盘
436,13:54:09,37.78,-0.19,5,18890,卖盘
437,13:54:00,37.97,0.22,9,34173,买盘
438,13:53:48,37.75,-0.25,4,15855,卖盘
439,13:53:27,38.0,--,30,114000,买盘
440,13:53:18,38.0,0.27,1,3800,买盘
441,13:53:09,37.73,-0.08,9,35315,卖盘
442,13:52:51,37.81,0.09,29,110707,买盘
443,13:52:48,37.72,--,13,49036,卖盘
444,13:52:42,37.72,0.02,86,325749,买盘
445,13:52:39,37.7,-0.02,7,26390,卖盘
446,13:52:36,37.72,--,21,79212,买盘
447,13:52:30,37.72,--,7,26404,买盘
448,13:52:27,37.72,--,88,331936,买盘
449,13:52:21,37.72,--,13,49036,买盘
450,13:52:18,37.72,-0.09,484,1828062,卖盘
451,13:52:09,37.81,-0.07,7,27298,卖盘
452,13:52:00,37.88,--,61,231749,买盘
453,13:51:48,37.88,--,18,70456,买盘
454,13:51:45,37.88,--,44,166672,买盘
455,13:51:27,37.88,--,73,276524,买盘
456,13:51:24,37.88,--,7,26516,买盘
457,13:51:18,37.88,--,1,3788,买盘
458,13:51:15,37.88,--,8,30304,买盘
459,13:51:12,37.88,-0.12,401,1522094,卖盘
460,13:51:09,38.0,--,9,35606,卖盘
461,13:50:48,38.0,-0.12,2,9120,卖盘
462,13:50:45,38.12,0.02,3,11436,买盘
463,13:50:42,38.1,0.01,12,45720,卖盘
464,13:50:39,38.09,0.09,8,30472,买盘
465,13:50:30,38.0,-0.09,1,6080,卖盘
466,13:50:21,38.09,0.09,5,19045,买盘
467,13:50:09,38.0,-0.12,11,43168,卖盘
468,13:49:57,38.12,0.02,7,29733,买盘
469,13:49:48,38.1,-0.03,1,4572,卖盘
470,13:49:27,38.13,0.03,2,7626,买盘
471,13:49:15,38.1,--,4,15240,买盘
472,13:49:12,38.1,0.03,20,76200,买盘
473,13:49:09,38.07,0.07,11,43285,中性盘
474,13:48:21,38.0,-0.13,20,76000,卖盘
475,13:48:18,38.13,0.13,25,95325,买盘
476,13:48:12,38.0,-0.13,10,39368,卖盘
477,13:48:06,38.13,0.13,11,43315,买盘
478,13:47:45,38.0,-0.16,14,53200,卖盘
479,13:47:36,38.16,0.01,2,7631,买盘
480,13:47:24,38.15,0.35,27,104378,买盘
481,13:47:12,37.8,--,14,52919,卖盘
482,13:47:09,37.8,0.01,23,88300,买盘
483,13:46:57,37.79,--,3,11337,买盘
484,13:46:42,37.79,-0.06,2,7558,买盘
485,13:46:39,37.85,--,4,17562,卖盘
486,13:46:36,37.85,0.03,6,24072,买盘
487,13:46:27,37.82,0.04,5,18910,买盘
488,13:46:21,37.78,-0.04,21,79338,卖盘
489,13:46:15,37.82,0.04,4,15128,中性盘
490,13:46:09,37.78,-0.07,9,35399,卖盘
491,13:46:06,37.85,0.07,4,15140,买盘
492,13:46:00,37.78,-0.07,7,26446,卖盘
493,13:45:39,37.85,-0.03,1,6207,卖盘
494,13:45:36,37.88,0.03,2,7576,买盘
495,13:45:33,37.85,--,0,1362,买盘
496,13:45:27,37.85,--,2,7570,买盘
497,13:45:18,37.85,--,1,3785,买盘
498,13:45:15,37.85,0.06,15,56775,买盘
499,13:45:12,37.79,--,1,3779,买盘
500,13:45:09,37.79,-0.06,15,56685,卖盘
501,13:44:57,37.85,0.07,34,128690,买盘
502,13:44:54,37.78,-0.01,5,18890,卖盘
503,13:44:45,37.79,0.01,5,18895,买盘
504,13:44:42,37.78,--,1,3778,卖盘
505,13:44:18,37.78,0.03,4,16509,买盘
506,13:44:09,37.75,0.02,29,110834,买盘
507,13:44:00,37.73,--,2,7545,买盘
508,13:43:54,37.73,0.01,1,3772,中性盘
509,13:43:42,37.72,-0.01,13,49036,卖盘
510,13:43:36,37.73,--,3,14073,买盘
511,13:43:27,37.73,--,3,11318,买盘
512,13:43:21,37.73,--,1,3772,买盘
513,13:43:18,37.73,--,6,23656,卖盘
514,13:43:15,37.73,-0.02,1,3772,卖盘
515,13:43:12,37.75,0.02,5,18875,买盘
516,13:43:09,37.73,-0.02,33,125905,卖盘
517,13:42:57,37.75,--,6,22650,买盘
518,13:42:51,37.75,--,1,3775,买盘
519,13:42:42,37.75,0.02,1,3775,中性盘
520,13:42:36,37.73,--,3,11318,卖盘
521,13:42:30,37.73,-0.02,3,11318,卖盘
522,13:42:12,37.75,0.02,1,3775,买盘
523,13:42:09,37.73,-0.02,22,84364,卖盘
524,13:41:57,37.75,--,1,3775,买盘
525,13:41:45,37.75,-0.03,11,41525,中性盘
526,13:41:33,37.78,--,2,7556,买盘
527,13:41:18,37.78,0.04,14,52892,买盘
528,13:41:15,37.74,--,7,26418,买盘
529,13:41:12,37.74,-0.04,2,7548,卖盘
530,13:41:09,37.78,-0.07,1,3778,卖盘
531,13:40:51,37.85,0.11,35,132475,买盘
532,13:40:42,37.74,-0.01,6,22644,买盘
533,13:40:39,37.75,--,1,3775,卖盘
534,13:40:29,37.75,--,1,3775,买盘
535,13:40:11,37.75,0.03,23,88184,买盘
536,13:40:02,37.72,-0.03,3,11316,中性盘
537,13:39:53,37.75,0.03,12,45300,买盘
538,13:39:50,37.72,--,1,3772,买盘
539,13:39:41,37.72,-0.01,1,3772,中性盘
540,13:39:32,37.73,0.03,3,11318,买盘
541,13:39:26,37.7,--,4,15080,卖盘
542,13:39:11,37.7,0.02,27,102845,买盘
543,13:39:08,37.68,-0.02,9,35268,卖盘
544,13:39:05,37.7,--,2,7540,买盘
545,13:39:02,37.7,0.01,5,18850,买盘
546,13:38:59,37.69,-0.01,19,71611,卖盘
547,13:38:41,37.7,--,2,7540,买盘
548,13:38:38,37.7,--,9,36644,卖盘
549,13:38:20,37.7,--,4,16135,买盘
550,13:38:11,37.7,0.02,4,15080,买盘
551,13:38:08,37.68,-0.02,22,84290,卖盘
552,13:38:02,37.7,--,1,3770,买盘
553,13:37:53,37.7,0.01,5,18850,买盘
554,13:37:44,37.69,--,3,11307,买盘
555,13:37:38,37.69,-0.04,6,25026,卖盘
556,13:37:26,37.73,--,5,18865,买盘
557,13:37:17,37.73,--,1,3772,买盘
558,13:37:11,37.73,0.04,1,3772,买盘
559,13:37:08,37.69,-0.07,12,46584,卖盘
560,13:36:56,37.76,0.06,1,3776,买盘
561,13:36:44,37.7,0.02,1,3770,卖盘
562,13:36:41,37.68,-0.02,13,48984,卖盘
563,13:36:38,37.7,--,3,11310,买盘
564,13:36:26,37.7,0.02,1,3770,买盘
565,13:36:08,37.68,0.02,22,84290,卖盘
566,13:36:02,37.66,-0.01,2,7531,买盘
567,13:35:53,37.67,0.03,11,41437,买盘
568,13:35:41,37.64,--,14,52696,卖盘
569,13:35:29,37.64,--,11,41404,买盘
570,13:35:20,37.64,0.03,2,7528,买盘
571,13:35:11,37.61,-0.06,9,35202,卖盘
572,13:35:05,37.67,0.03,2,7534,买盘
573,13:35:02,37.64,0.04,14,52696,中性盘
574,13:34:17,37.6,--,5,18800,卖盘
575,13:34:11,37.6,--,11,42713,卖盘
576,13:34:05,37.6,--,9,35231,卖盘
577,13:33:53,37.6,-0.07,45,169200,卖盘
578,13:33:47,37.67,0.02,16,60272,买盘
579,13:33:38,37.65,-0.02,13,48945,卖盘
580,13:33:29,37.67,--,2,7534,买盘
581,13:33:11,37.67,0.01,2,7534,中性盘
582,13:33:08,37.66,-0.04,9,35249,卖盘
583,13:33:02,37.7,0.03,5,18850,买盘
584,13:32:38,37.67,-0.03,14,52738,卖盘
585,13:32:26,37.7,--,6,25032,卖盘
586,13:32:08,37.7,-0.1,9,35287,卖盘
587,13:31:53,37.8,--,10,38102,卖盘
588,13:31:47,37.8,--,200,757927,卖盘
589,13:31:41,37.8,--,10,37800,卖盘
590,13:31:38,37.8,-0.02,13,49139,卖盘
591,13:31:29,37.82,0.02,1,3782,买盘
592,13:31:20,37.8,--,1,3779,卖盘
593,13:31:11,37.8,--,13,49139,卖盘
594,13:31:08,37.8,-0.01,71,269778,卖盘
595,13:30:50,37.81,0.01,13,49153,中性盘
596,13:30:23,37.8,--,30,113399,卖盘
597,13:30:11,37.8,-0.01,2,7559,卖盘
598,13:30:08,37.81,-0.02,9,35390,卖盘
599,13:29:56,37.83,0.02,1,6885,买盘
600,13:29:53,37.81,-0.02,9,34029,卖盘
601,13:29:50,37.83,0.02,1,3783,买盘
602,13:29:41,37.81,-0.02,14,52934,中性盘
603,13:29:17,37.83,0.03,3,11349,买盘
604,13:29:08,37.8,-0.03,22,84558,卖盘
605,13:29:05,37.83,0.02,2,7566,买盘
606,13:28:56,37.81,--,5,18905,卖盘
607,13:28:53,37.81,0.01,1,3781,中性盘
608,13:28:44,37.8,--,50,189000,卖盘
609,13:28:41,37.8,--,13,49139,卖盘
610,13:28:26,37.8,--,1,3779,卖盘
611,13:28:08,37.8,-0.03,23,88300,卖盘
612,13:28:02,37.83,--,5,18915,买盘
613,13:27:53,37.83,0.03,1,3783,买盘
614,13:27:41,37.8,-0.03,14,52919,卖盘
615,13:27:11,37.83,0.01,2,7566,买盘
616,13:27:08,37.82,-0.01,22,84565,卖盘
617,13:26:59,37.83,0.01,2,7566,买盘
618,13:26:56,37.82,-0.01,13,49166,卖盘
619,13:26:47,37.83,-0.05,7,27161,卖盘
620,13:26:38,37.88,0.05,4,15152,中性盘
621,13:26:11,37.83,-0.11,9,35446,卖盘
622,13:25:53,37.94,0.11,2,7588,中性盘
623,13:25:11,37.83,-0.14,9,35408,卖盘
624,13:25:08,37.97,0.02,1,3797,买盘
625,13:25:05,37.95,-0.05,1,3795,卖盘
626,13:24:59,38.0,--,1,3800,卖盘
627,13:24:53,38.0,0.05,2,7600,买盘
628,13:24:47,37.95,0.12,14,53130,买盘
629,13:24:29,37.83,-0.15,3,11349,卖盘
630,13:24:23,37.98,0.15,1,3797,中性盘
631,13:24:08,37.83,--,18,70855,卖盘
632,13:23:35,37.83,--,1,3783,卖盘
633,13:23:29,37.83,-0.17,2,7566,卖盘
634,13:23:26,38.0,0.17,5,19000,买盘
635,13:23:20,37.83,--,5,18915,卖盘
636,13:23:05,37.83,0.01,11,42974,中性盘
637,13:22:59,37.82,-0.29,1,3782,卖盘
638,13:22:56,38.11,0.11,6,22866,买盘
639,13:22:47,38.0,-0.1,10,38000,卖盘
640,13:22:41,38.1,0.28,1,3810,中性盘
641,13:22:05,37.82,--,9,35437,卖盘
642,13:21:50,37.82,-0.33,6,22692,卖盘
643,13:21:14,38.15,0.33,1,3815,买盘
644,13:21:11,37.82,--,1,3782,卖盘
645,13:21:08,37.82,--,18,68567,卖盘
646,13:21:02,37.82,-0.18,11,41602,卖盘
647,13:20:53,38.0,0.18,3,11400,买盘
648,13:20:38,37.82,0.01,1,3782,卖盘
649,13:20:29,37.81,-0.01,5,19547,买盘
650,13:20:11,37.82,--,0,3139,卖盘
651,13:20:08,37.82,0.02,4,15770,买盘
652,13:20:05,37.8,-0.01,11,44490,卖盘
653,13:20:02,37.81,-0.01,2,7562,卖盘
654,13:19:25,37.82,0.01,2,7564,买盘
655,13:19:22,37.81,-0.01,1,3781,卖盘
656,13:19:04,37.82,-0.14,3,12215,卖盘
657,13:18:52,37.96,0.15,1,6718,买盘
658,13:18:43,37.81,-0.01,10,37810,卖盘
659,13:18:34,37.82,--,3,11346,买盘
660,13:18:10,37.82,--,1,3782,买盘
661,13:18:04,37.82,0.02,5,18910,中性盘
662,13:17:07,37.8,-0.16,34,130863,卖盘
663,13:16:58,37.96,--,2,7592,买盘
664,13:16:52,37.96,0.16,5,18980,买盘
665,13:16:46,37.8,-0.1,6,22680,卖盘
666,13:16:43,37.9,--,1,3790,卖盘
667,13:16:34,37.9,--,6,22740,卖盘
668,13:16:31,37.9,0.1,14,53060,买盘
669,13:16:28,37.8,--,28,105839,卖盘
670,13:16:07,37.8,--,9,35380,卖盘
671,13:16:04,37.8,--,39,149007,卖盘
672,13:15:40,37.8,--,11,41580,卖盘
673,13:15:31,37.8,--,14,52919,卖盘
674,13:15:25,37.8,-0.01,5,18900,卖盘
675,13:15:16,37.81,0.01,3,11343,买盘
676,13:15:10,37.8,--,58,222490,卖盘
677,13:15:04,37.8,-0.04,9,35418,卖盘
678,13:15:01,37.84,--,2,7568,买盘
679,13:14:55,37.84,0.04,2,7568,买盘
680,13:14:46,37.8,--,14,52919,卖盘
681,13:14:31,37.8,-0.01,14,52919,卖盘
682,13:14:07,37.81,-0.01,15,56715,卖盘
683,13:14:04,37.82,-0.03,7,26474,卖盘
684,13:13:55,37.85,--,2,7570,卖盘
685,13:13:37,37.85,--,15,56775,卖盘
686,13:13:28,37.85,--,1,3785,卖盘
687,13:13:16,37.85,0.03,10,37850,买盘
688,13:13:13,37.82,0.02,5,18910,买盘
689,13:13:07,37.8,-0.01,9,35418,卖盘
690,13:13:04,37.81,-0.01,1,4537,卖盘
691,13:12:55,37.82,--,14,52948,中性盘
692,13:12:13,37.82,0.02,1,3782,买盘
693,13:12:10,37.8,--,4,15119,卖盘
694,13:12:04,37.8,--,94,355924,卖盘
695,13:12:01,37.8,-0.02,14,52919,卖盘
696,13:11:46,37.82,0.02,59,223138,买盘
697,13:11:40,37.8,--,4,15119,卖盘
698,13:11:34,37.8,--,13,49139,卖盘
699,13:11:04,37.8,--,52,198298,卖盘
700,13:11:01,37.8,-0.02,34,128519,卖盘
701,13:10:58,37.82,0.02,9,34038,买盘
702,13:10:43,37.8,-0.02,3,11340,卖盘
703,13:10:40,37.82,0.02,1,3782,买盘
704,13:10:34,37.8,--,13,49139,卖盘
705,13:10:31,37.8,--,99,374220,卖盘
706,13:10:19,37.8,--,22,83160,卖盘
707,13:10:13,37.8,--,20,75600,卖盘
708,13:10:07,37.8,--,44,166660,卖盘
709,13:10:04,37.8,--,14,52919,卖盘
710,13:09:55,37.8,--,1,3779,卖盘
711,13:09:37,37.8,--,1,3779,卖盘
712,13:09:34,37.8,--,14,52919,卖盘
713,13:09:19,37.8,--,15,56699,卖盘
714,13:09:07,37.8,--,62,235645,卖盘
715,13:09:04,37.8,-0.02,13,49139,卖盘
716,13:08:40,37.82,0.02,10,37820,买盘
717,13:08:37,37.8,--,18,68040,卖盘
718,13:08:31,37.8,--,14,52919,卖盘
719,13:08:07,37.8,--,85,323908,卖盘
720,13:07:46,37.8,--,2,7559,卖盘
721,13:07:40,37.8,--,1,3779,卖盘
722,13:07:31,37.8,-0.01,14,52919,卖盘
723,13:07:10,37.81,0.01,3,11343,买盘
724,13:07:07,37.8,--,40,153090,卖盘
725,13:07:04,37.8,--,23,88300,卖盘
726,13:06:49,37.8,-0.01,60,226799,卖盘
727,13:06:43,37.81,0.01,10,37810,买盘
728,13:06:31,37.8,-0.02,14,52919,卖盘
729,13:06:25,37.82,--,3,11346,卖盘
730,13:06:19,37.82,0.02,2,7564,买盘
731,13:06:04,37.8,-0.01,35,132942,卖盘
732,13:06:01,37.81,--,1,3781,卖盘
733,13:05:49,37.81,-0.01,6,22686,卖盘
734,13:05:34,37.82,-0.03,2,7564,中性盘
735,13:05:16,37.85,0.05,40,151400,买盘
736,13:05:07,37.8,-0.04,10,39160,卖盘
737,13:05:04,37.84,-0.01,6,22704,卖盘
738,13:04:49,37.85,-0.02,10,40385,卖盘
739,13:04:43,37.87,0.02,3,11361,中性盘
740,13:04:31,37.85,-0.01,3,11355,卖盘
741,13:04:07,37.86,0.01,8,32446,买盘
742,13:04:04,37.85,--,17,67221,卖盘
743,13:04:01,37.85,-0.01,13,49205,卖盘
744,13:03:34,37.86,--,15,56790,买盘
745,13:03:04,37.86,-0.14,2,7572,卖盘
746,13:02:58,38.0,0.1,5,19000,买盘
747,13:02:55,37.9,0.05,1,3790,中性盘
748,13:02:07,37.85,--,14,55298,卖盘
749,13:01:40,37.85,-0.22,1,3785,卖盘
750,13:01:37,38.07,0.22,12,45684,中性盘
751,13:01:31,37.85,-0.25,15,56775,卖盘
752,13:01:22,38.1,0.25,12,45720,买盘
753,13:01:16,37.85,-0.15,26,98410,卖盘
754,13:01:07,38.0,-0.05,9,37886,卖盘
755,13:00:43,38.05,-0.08,1,3804,卖盘
756,13:00:37,38.13,-0.03,12,45756,中性盘
757,13:00:19,38.16,0.24,90,343439,买盘
758,13:00:07,37.92,-0.12,16,63553,卖盘
759,13:00:04,38.04,--,24,91296,中性盘
760,11:30:02,38.04,--,3,11412,买盘
761,11:29:56,38.04,0.04,10,38040,买盘
762,11:29:14,38.0,--,1,3800,买盘
763,11:28:53,38.0,0.08,16,60800,买盘
764,11:28:47,37.92,-0.05,6,22752,卖盘
765,11:28:41,37.97,0.12,1,3797,买盘
766,11:27:56,37.85,-0.06,100,378500,卖盘
767,11:27:44,37.91,--,2,7581,卖盘
768,11:27:32,37.91,--,8,30327,买盘
769,11:27:29,37.91,0.03,5,18955,买盘
770,11:27:23,37.88,-0.09,13,49244,中性盘
771,11:26:59,37.97,--,2,7594,中性盘
772,11:26:50,37.97,0.03,27,102519,买盘
773,11:26:29,37.94,0.03,13,49322,买盘
774,11:26:23,37.91,0.04,3,11372,买盘
775,11:26:17,37.87,-0.07,51,193137,卖盘
776,11:25:59,37.94,-0.03,1,3794,中性盘
777,11:25:05,37.97,--,12,45564,买盘
778,11:24:53,37.97,0.11,3,11391,买盘
779,11:24:50,37.86,-0.14,15,56790,卖盘
780,11:24:32,38.0,0.15,3,11400,买盘
781,11:24:17,37.85,--,1,3785,卖盘
782,11:24:02,37.85,--,21,79485,卖盘
783,11:23:53,37.85,-0.15,14,52990,卖盘
784,11:23:35,38.0,0.05,2,7600,买盘
785,11:22:59,37.95,-0.05,3,11385,中性盘
786,11:22:47,38.0,--,3,11400,买盘
787,11:22:35,38.0,0.18,3,11400,买盘
788,11:22:23,37.82,-0.18,5,18910,卖盘
789,11:22:17,38.0,0.01,5,19000,买盘
790,11:22:11,37.99,--,2,7598,买盘
791,11:22:05,37.99,--,1,3799,买盘
792,11:22:02,37.99,--,3,11397,买盘
793,11:21:59,37.99,--,1,3799,买盘
794,11:21:47,37.99,-0.01,8,30392,卖盘
795,11:21:29,38.0,0.01,1,3800,中性盘
796,11:20:44,37.99,--,3,11397,买盘
797,11:20:29,37.99,-0.03,1,3799,中性盘
798,11:20:20,38.02,0.02,3,11406,买盘
799,11:19:59,38.0,--,14,53200,买盘
800,11:19:23,38.0,-0.05,9,36138,卖盘
801,11:18:58,38.05,--,3,11415,买盘
802,11:18:55,38.05,-0.03,2,7609,卖盘
803,11:18:49,38.08,--,2,7616,买盘
804,11:18:46,38.08,0.03,1,3808,买盘
805,11:18:37,38.05,-0.03,2,7609,卖盘
806,11:18:34,38.08,-0.03,4,15232,中性盘
807,11:18:16,38.11,-0.06,2,7622,买盘
808,11:18:10,38.17,-0.01,1,3817,中性盘
809,11:18:01,38.18,0.09,80,305440,买盘
810,11:17:55,38.09,-0.08,35,133315,卖盘
811,11:17:46,38.17,0.06,2,7634,中性盘
812,11:17:37,38.11,-0.06,20,76220,卖盘
813,11:17:34,38.17,0.06,1,3817,买盘
814,11:17:16,38.11,--,15,57165,卖盘
815,11:17:10,38.11,--,1,3811,卖盘
816,11:17:07,38.11,-0.04,6,22866,卖盘
817,11:17:01,38.15,0.04,30,114450,中性盘
818,11:16:52,38.11,-0.07,1,3811,卖盘
819,11:16:43,38.18,0.07,2,7636,买盘
820,11:16:22,38.11,-0.08,1,3811,卖盘
821,11:16:19,38.19,--,3,11457,买盘
822,11:16:16,38.19,--,13,49647,买盘
823,11:15:43,38.19,--,49,187131,卖盘
824,11:15:37,38.19,--,3,11457,中性盘
825,11:15:25,38.19,0.09,1,3819,买盘
826,11:15:19,38.1,-0.1,9,34290,卖盘
827,11:15:07,38.2,--,21,80220,买盘
828,11:14:49,38.2,0.06,2,7640,买盘
829,11:14:46,38.14,0.04,0,1411,买盘
830,11:14:31,38.1,0.03,10,38100,买盘
831,11:14:25,38.07,--,4,15228,卖盘
832,11:14:13,38.07,--,11,41877,买盘
833,11:14:07,38.07,0.02,3,11421,中性盘
834,11:13:55,38.05,0.05,1,3804,买盘
835,11:13:46,38.0,--,144,549062,买盘
836,11:13:31,38.0,0.02,25,95000,买盘
837,11:13:22,37.98,-0.02,17,64565,卖盘
838,11:13:16,38.0,0.01,24,91200,买盘
839,11:13:13,37.99,0.01,25,94975,买盘
840,11:12:55,37.98,0.07,12,45575,买盘
841,11:12:52,37.91,0.12,1,3790,买盘
842,11:12:46,37.79,--,2,7558,卖盘
843,11:12:43,37.79,0.02,10,37790,买盘
844,11:12:37,37.77,--,12,45324,买盘
845,11:12:22,37.77,0.19,3,11331,买盘
846,11:12:10,37.58,--,5,18790,卖盘
847,11:12:07,37.58,--,8,30064,买盘
848,11:12:04,37.58,0.01,2,7516,买盘
849,11:11:55,37.57,--,5,18785,卖盘
850,11:11:46,37.57,--,4,15028,买盘
851,11:11:43,37.57,0.01,2,7514,买盘
852,11:11:37,37.56,-0.01,5,18780,卖盘
853,11:11:31,37.57,--,3,11271,买盘
854,11:11:25,37.57,--,2,7514,买盘
855,11:11:19,37.57,--,6,22542,买盘
856,11:11:16,37.57,--,1,3757,买盘
857,11:11:07,37.57,--,9,33813,卖盘
858,11:10:55,37.57,--,26,97682,买盘
859,11:10:49,37.57,--,3,11271,买盘
860,11:10:40,37.57,--,6,22542,买盘
861,11:10:31,37.57,-0.2,38,142766,卖盘
862,11:10:16,37.77,0.19,7,26439,买盘
863,11:09:49,37.58,-0.19,10,37580,卖盘
864,11:09:22,37.77,--,1,3777,买盘
865,11:09:19,37.77,-0.01,1,3777,买盘
866,11:09:07,37.78,--,16,60448,卖盘
867,11:08:55,37.78,--,4,15112,卖盘
868,11:08:49,37.78,0.01,40,151120,买盘
869,11:08:40,37.77,--,2,7554,买盘
870,11:08:19,37.77,0.19,3,11331,买盘
871,11:08:07,37.58,0.01,1,3758,卖盘
872,11:07:49,37.57,-0.01,9,33813,卖盘
873,11:07:40,37.58,--,5,18790,买盘
874,11:07:34,37.58,--,5,18790,买盘
875,11:07:28,37.58,--,4,15032,买盘
876,11:07:25,37.58,--,1,3758,买盘
877,11:07:16,37.58,-0.02,21,78918,买盘
878,11:07:10,37.6,-0.18,4,15040,卖盘
879,11:07:01,37.78,--,6,22668,卖盘
880,11:06:52,37.78,0.18,28,105784,买盘
881,11:06:49,37.6,-0.08,6,22560,卖盘
882,11:06:43,37.68,--,9,33912,买盘
883,11:06:37,37.68,--,2,7536,买盘
884,11:06:25,37.68,-0.03,3,11304,中性盘
885,11:06:16,37.71,--,2,7542,买盘
886,11:06:10,37.71,--,6,22626,买盘
887,11:05:58,37.71,0.04,8,30168,中性盘
888,11:05:55,37.67,-0.07,9,33903,卖盘
889,11:05:52,37.74,--,1,3774,买盘
890,11:05:49,37.74,0.01,2,7548,买盘
891,11:05:43,37.73,--,4,15091,买盘
892,11:05:40,37.73,--,10,37730,卖盘
893,11:05:16,37.73,0.13,1,3772,买盘
894,11:05:13,37.6,0.05,5,18800,中性盘
895,11:04:58,37.55,-0.12,9,33795,卖盘
896,11:04:52,37.67,0.04,2,7534,买盘
897,11:04:34,37.63,0.1,21,79023,买盘
898,11:04:25,37.53,--,2,7506,卖盘
899,11:04:22,37.53,-0.04,4,15012,卖盘
900,11:04:13,37.57,0.04,3,11271,买盘
901,11:04:07,37.53,0.01,8,30024,卖盘
902,11:03:58,37.52,0.02,3,12606,买盘
903,11:03:55,37.5,-0.02,80,300000,卖盘
904,11:03:52,37.52,-0.05,12,47425,卖盘
905,11:03:49,37.57,0.02,21,78897,买盘
906,11:03:31,37.55,-0.11,1,3754,中性盘
907,11:03:22,37.66,0.09,2,7531,买盘
908,11:03:13,37.57,--,2,7514,中性盘
909,11:03:04,37.57,0.05,5,18785,买盘
910,11:02:58,37.52,-0.02,42,157584,卖盘
911,11:02:52,37.54,0.01,35,131390,中性盘
912,11:02:37,37.53,-0.03,4,15012,卖盘
913,11:02:34,37.56,0.03,7,26292,买盘
914,11:02:31,37.53,-0.01,4,15012,卖盘
915,11:02:28,37.54,0.02,3,11262,中性盘
916,11:02:10,37.52,-0.05,5,20110,卖盘
917,11:02:07,37.57,-0.01,3,11271,卖盘
918,11:01:58,37.58,--,2,7516,卖盘
919,11:01:55,37.58,--,1,3758,卖盘
920,11:01:46,37.58,-0.02,35,133446,卖盘
921,11:01:37,37.6,-0.05,24,90240,卖盘
922,11:01:25,37.65,0.03,3,11295,买盘
923,11:01:22,37.62,-0.03,15,56429,卖盘
924,11:01:13,37.65,--,30,112950,买盘
925,11:01:10,37.65,--,2,7530,买盘
926,11:01:07,37.65,-0.03,319,1203444,卖盘
927,11:00:49,37.68,-0.02,93,350876,卖盘
928,11:00:46,37.7,--,9,33930,卖盘
929,11:00:43,37.7,--,10,37700,卖盘
930,11:00:34,37.7,--,253,953810,卖盘
931,11:00:31,37.7,--,1,3770,卖盘
932,11:00:28,37.7,--,3,11310,卖盘
933,11:00:22,37.7,-0.03,16,60320,卖盘
934,11:00:13,37.73,0.03,5,18865,买盘
935,11:00:07,37.7,--,1,3770,卖盘
936,11:00:01,37.7,--,8,30160,卖盘
937,10:59:58,37.7,--,162,612662,卖盘
938,10:59:55,37.7,--,7,26390,卖盘
939,10:59:52,37.7,--,16,60320,卖盘
940,10:59:34,37.7,-0.03,41,154570,卖盘
941,10:59:19,37.73,--,15,56594,卖盘
942,10:59:01,37.73,--,8,30183,卖盘
943,10:58:52,37.73,--,15,56594,卖盘
944,10:58:43,37.73,-0.02,1,3772,卖盘
945,10:58:37,37.75,0.02,4,15100,买盘
946,10:58:27,37.73,--,3,11318,卖盘
947,10:58:18,37.73,-0.02,14,52821,卖盘
948,10:58:15,37.75,0.01,2,7550,买盘
949,10:58:09,37.74,-0.01,3,11322,卖盘
950,10:58:06,37.75,-0.01,10,38769,卖盘
951,10:58:00,37.76,--,3,11328,买盘
952,10:57:51,37.76,0.01,17,64192,买盘
953,10:57:42,37.75,--,3,11325,卖盘
954,10:57:18,37.75,--,15,56625,卖盘
955,10:57:15,37.75,--,14,52850,卖盘
956,10:57:09,37.75,-0.01,6,22650,卖盘
957,10:57:03,37.76,0.01,2,7552,买盘
958,10:56:57,37.75,-0.01,10,37750,卖盘
959,10:56:51,37.76,-0.03,3,11516,卖盘
960,10:56:48,37.79,--,3,11337,买盘
961,10:56:45,37.79,-0.01,2,7558,买盘
962,10:56:39,37.8,--,21,79380,买盘
963,10:56:30,37.8,0.03,30,113399,买盘
964,10:56:27,37.77,--,9,35012,卖盘
965,10:56:21,37.77,--,15,56655,卖盘
966,10:56:09,37.77,-0.04,9,35390,卖盘
967,10:56:00,37.81,--,3,11343,买盘
968,10:55:54,37.81,0.04,10,37810,买盘
969,10:55:48,37.77,--,9,33993,卖盘
970,10:55:42,37.77,-0.07,4,15108,卖盘
971,10:55:33,37.84,0.07,1,3784,买盘
972,10:55:30,37.77,-0.01,15,56655,卖盘
973,10:55:15,37.78,--,7,26446,卖盘
974,10:55:12,37.78,--,9,35362,卖盘
975,10:54:51,37.78,-0.06,2,7556,买盘
976,10:54:48,37.84,0.03,40,151360,买盘
977,10:54:39,37.81,0.04,2,7562,买盘
978,10:54:36,37.77,--,6,22662,卖盘
979,10:54:24,37.77,-0.04,5,18885,卖盘
980,10:54:18,37.81,0.05,2,7562,中性盘
981,10:54:12,37.76,-0.11,12,46709,卖盘
982,10:53:45,37.87,0.1,2,7573,买盘
983,10:53:39,37.77,-0.1,6,22662,卖盘
984,10:53:36,37.87,0.1,5,18935,中性盘
985,10:53:15,37.77,-0.01,0,3210,卖盘
986,10:53:12,37.78,0.02,9,35362,中性盘
987,10:53:00,37.76,-0.14,2,7552,卖盘
988,10:52:57,37.9,0.14,34,128860,买盘
989,10:52:54,37.76,--,6,22656,卖盘
990,10:52:45,37.76,-0.11,60,226560,卖盘
991,10:52:42,37.87,--,1,3786,卖盘
992,10:52:36,37.87,-0.03,1,3786,中性盘
993,10:52:33,37.9,0.03,9,34110,买盘
994,10:52:30,37.87,--,2,7573,买盘
995,10:52:27,37.87,-0.03,10,37870,中性盘
996,10:52:15,37.9,--,37,141632,买盘
997,10:52:00,37.9,0.14,24,90960,买盘
998,10:51:51,37.76,-0.14,9,33984,卖盘
999,10:51:48,37.9,0.15,25,94750,买盘
1000,10:51:45,37.75,-0.15,2,7550,卖盘
1001,10:51:27,37.9,0.15,24,90960,买盘
1002,10:51:09,37.75,-0.15,11,42884,卖盘
1003,10:51:00,37.9,0.11,25,94750,买盘
1004,10:50:51,37.79,-0.08,4,18214,卖盘
1005,10:50:48,37.87,0.07,11,41657,卖盘
1006,10:50:42,37.8,--,6,23360,买盘
1007,10:50:39,37.8,--,1,3779,买盘
1008,10:50:30,37.8,--,1,3779,买盘
1009,10:50:24,37.8,-0.08,18,71139,卖盘
1010,10:50:18,37.88,-0.03,12,45456,中性盘
1011,10:50:12,37.91,--,13,50647,买盘
1012,10:50:09,37.91,0.1,3,11372,买盘
1013,10:49:51,37.81,0.01,4,15124,买盘
1014,10:49:48,37.8,--,33,127839,买盘
1015,10:49:45,37.8,--,10,37800,买盘
1016,10:49:42,37.8,--,17,64259,买盘
1017,10:49:39,37.8,--,12,45360,买盘
1018,10:49:27,37.8,--,5,18900,买盘
1019,10:49:21,37.8,--,9,34020,买盘
1020,10:49:15,37.8,--,6,22680,买盘
1021,10:49:12,37.8,0.02,18,68040,买盘
1022,10:49:09,37.78,--,9,35399,卖盘
1023,10:48:54,37.78,--,6,22668,卖盘
1024,10:48:51,37.78,--,1,3778,买盘
1025,10:48:33,37.78,0.05,6,22668,买盘
1026,10:48:27,37.73,--,19,71687,买盘
1027,10:48:24,37.73,--,2,7545,买盘
1028,10:48:21,37.73,-0.03,1,3772,买盘
1029,10:48:12,37.76,0.04,3,11328,卖盘
1030,10:48:09,37.72,-0.04,16,62049,卖盘
1031,10:48:03,37.76,--,1,3776,买盘
1032,10:48:00,37.76,--,8,30208,买盘
1033,10:47:57,37.76,0.04,44,166144,买盘
1034,10:47:48,37.72,--,6,22632,卖盘
1035,10:47:36,37.72,0.04,55,207460,买盘
1036,10:47:30,37.68,-0.02,38,143184,卖盘
1037,10:47:21,37.7,0.02,2,7540,买盘
1038,10:47:15,37.68,-0.02,15,56520,卖盘
1039,10:47:12,37.7,0.01,12,46634,买盘
1040,10:47:06,37.69,0.01,2,7538,买盘
1041,10:47:00,37.68,0.01,1,3768,卖盘
1042,10:46:57,37.67,-0.01,6,22602,卖盘
1043,10:46:51,37.68,-0.01,8,30144,卖盘
1044,10:46:48,37.69,--,8,30152,买盘
1045,10:46:45,37.69,0.01,20,75380,买盘
1046,10:46:42,37.68,-0.01,16,60288,卖盘
1047,10:46:39,37.69,--,1,3769,买盘
1048,10:46:30,37.69,--,4,15076,买盘
1049,10:46:27,37.69,--,2,7538,买盘
1050,10:46:24,37.69,--,3,11307,买盘
1051,10:46:15,37.69,0.02,21,79149,中性盘
1052,10:46:12,37.67,-0.02,15,57861,卖盘
1053,10:46:09,37.69,--,3,11307,买盘
1054,10:46:00,37.69,--,3,11307,买盘
1055,10:45:54,37.69,--,1,3769,买盘
1056,10:45:48,37.69,--,3,11307,买盘
1057,10:45:45,37.69,0.02,5,18845,中性盘
1058,10:45:39,37.67,-0.05,10,37670,卖盘
1059,10:45:36,37.72,0.05,1,3772,买盘
1060,10:45:33,37.67,-0.05,36,135612,卖盘
1061,10:45:27,37.72,--,4,15088,买盘
1062,10:45:24,37.72,--,8,30176,买盘
1063,10:45:21,37.72,0.03,9,33948,买盘
1064,10:45:15,37.69,-0.01,5,19862,卖盘
1065,10:45:12,37.7,-0.02,9,35287,卖盘
1066,10:44:57,37.72,0.02,3,11316,买盘
1067,10:44:54,37.7,--,27,101790,卖盘
1068,10:44:45,37.7,--,10,37700,卖盘
1069,10:44:42,37.7,-0.02,15,56550,卖盘
1070,10:44:33,37.72,--,13,49036,买盘
1071,10:44:30,37.72,--,1,3772,买盘
1072,10:44:27,37.72,0.01,4,15088,买盘
1073,10:44:21,37.71,0.01,25,94275,中性盘
1074,10:44:15,37.7,--,15,56550,卖盘
1075,10:44:12,37.7,-0.02,53,201204,卖盘
1076,10:44:09,37.72,0.01,1,3772,买盘
1077,10:43:54,37.71,-0.01,6,22626,卖盘
1078,10:43:51,37.72,--,11,41492,买盘
1079,10:43:45,37.72,-0.03,14,55222,卖盘
1080,10:43:39,37.75,--,2,7550,买盘
1081,10:43:36,37.75,--,11,41525,买盘
1082,10:43:30,37.75,0.02,2,7550,买盘
1083,10:43:27,37.73,0.02,54,205100,买盘
1084,10:43:24,37.71,--,11,41481,卖盘
1085,10:43:15,37.71,-0.01,17,64107,卖盘
1086,10:43:12,37.72,-0.01,9,33948,卖盘
1087,10:43:06,37.73,--,3,11318,买盘
1088,10:43:03,37.73,-0.02,2,7545,卖盘
1089,10:43:00,37.75,-0.01,1,3775,中性盘
1090,10:42:48,37.76,0.01,4,15104,买盘
1091,10:42:45,37.75,-0.01,16,63835,卖盘
1092,10:42:30,37.76,-0.01,10,37760,卖盘
1093,10:42:21,37.77,--,1,3777,买盘
1094,10:42:18,37.77,0.01,3,11331,买盘
1095,10:42:12,37.76,-0.02,25,97156,卖盘
1096,10:42:06,37.78,--,10,37780,卖盘
1097,10:41:48,37.78,0.02,5,20250,买盘
1098,10:41:45,37.76,-0.02,14,52864,卖盘
1099,10:41:36,37.78,0.02,2,7556,买盘
1100,10:41:33,37.76,-0.01,2,7552,卖盘
1101,10:41:21,37.77,--,3,11331,买盘
1102,10:41:18,37.77,--,4,15108,卖盘
1103,10:41:12,37.77,-0.03,15,56655,卖盘
1104,10:41:06,37.8,-0.08,22,83840,卖盘
1105,10:41:00,37.88,0.08,4,15152,买盘
1106,10:40:57,37.8,--,2,7559,卖盘
1107,10:40:45,37.8,-0.01,6,22680,卖盘
1108,10:40:30,37.81,0.01,14,56034,买盘
1109,10:40:24,37.8,--,1,4800,卖盘
1110,10:40:12,37.8,--,15,56699,卖盘
1111,10:40:09,37.8,-0.11,14,54318,卖盘
1112,10:40:06,37.91,0.11,14,53073,买盘
1113,10:40:03,37.8,-0.11,5,18900,卖盘
1114,10:39:54,37.91,0.11,1,3790,中性盘
1115,10:39:42,37.8,-0.14,7,26459,卖盘
1116,10:39:30,37.94,0.12,2,7588,买盘
1117,10:39:27,37.82,0.02,20,75640,买盘
1118,10:39:21,37.8,--,27,103420,买盘
1119,10:39:12,37.8,-0.05,55,207899,卖盘
1120,10:39:03,37.85,--,1,3785,买盘
1121,10:38:57,37.85,-0.12,3,13398,卖盘
1122,10:38:21,37.97,-0.03,3,11391,买盘
1123,10:38:15,38.0,0.15,1,3800,买盘
1124,10:38:11,37.85,-0.04,9,35465,卖盘
1125,10:38:08,37.89,-0.11,1,3789,卖盘
1126,10:38:05,38.0,--,5,19000,买盘
1127,10:37:53,38.0,--,1,3800,买盘
1128,10:37:38,38.0,-0.03,18,68400,卖盘
1129,10:37:29,38.03,0.03,2,7606,买盘
1130,10:37:23,38.0,--,3,11400,买盘
1131,10:37:20,38.0,--,2,7600,买盘
1132,10:37:14,38.0,-0.03,10,38000,卖盘
1133,10:37:11,38.03,0.18,4,15212,买盘
1134,10:37:08,37.85,--,9,35427,卖盘
1135,10:37:05,37.85,-0.15,2,7570,卖盘
1136,10:37:02,38.0,-0.03,9,34200,中性盘
1137,10:36:44,38.03,0.18,16,60848,买盘
1138,10:36:41,37.85,--,1,3785,卖盘
1139,10:36:35,37.85,-0.21,7,26495,卖盘
1140,10:36:29,38.06,0.21,4,15224,中性盘
1141,10:36:23,37.85,-0.22,21,79485,卖盘
1142,10:36:20,38.07,--,10,38070,买盘
1143,10:36:17,38.07,0.07,31,118017,中性盘
1144,10:36:11,38.0,-0.11,19,73606,卖盘
1145,10:35:47,38.11,-0.03,11,41921,中性盘
1146,10:35:38,38.14,0.29,28,106792,买盘
1147,10:35:29,37.85,-0.15,37,140045,卖盘
1148,10:35:14,38.0,--,82,311600,买盘
1149,10:35:11,38.0,--,13,50768,买盘
1150,10:35:02,38.0,0.04,5,19000,买盘
1151,10:34:59,37.96,0.11,5,18980,买盘
1152,10:34:56,37.85,-0.15,3,11355,卖盘
1153,10:34:47,38.0,0.01,42,159600,买盘
1154,10:34:44,37.99,-0.01,10,37990,中性盘
1155,10:34:35,38.0,0.01,200,760000,买盘
1156,10:34:29,37.99,0.22,9,34191,买盘
1157,10:34:17,37.77,--,8,31084,买盘
1158,10:34:14,37.77,0.02,7,29347,买盘
1159,10:34:11,37.75,-0.05,1,3775,卖盘
1160,10:34:08,37.8,0.05,24,92080,买盘
1161,10:33:59,37.75,--,3,14609,买盘
1162,10:33:56,37.75,0.14,2,7550,买盘
1163,10:33:47,37.61,0.01,5,18805,卖盘
1164,10:33:44,37.6,--,16,60160,卖盘
1165,10:33:38,37.6,-0.15,1,3760,卖盘
1166,10:33:35,37.75,0.15,39,147225,买盘
1167,10:33:32,37.6,--,14,52640,买盘
1168,10:33:29,37.6,0.03,1,3760,买盘
1169,10:33:20,37.57,--,14,52598,买盘
1170,10:33:17,37.57,--,4,15028,买盘
1171,10:33:14,37.57,0.02,2,7514,买盘
1172,10:33:11,37.55,-0.05,27,102774,卖盘
1173,10:33:05,37.6,-0.02,28,105280,中性盘
1174,10:32:59,37.62,0.02,8,30095,买盘
1175,10:32:56,37.6,-0.02,21,78960,卖盘
1176,10:32:53,37.62,-0.07,29,109097,卖盘
1177,10:32:50,37.69,--,1,3769,买盘
1178,10:32:47,37.69,-0.01,3,11307,买盘
1179,10:32:44,37.7,0.03,2,7540,买盘
1180,10:32:35,37.67,0.05,1,3767,卖盘
1181,10:32:32,37.62,-0.01,2,7523,买盘
1182,10:32:23,37.63,-0.04,36,135468,中性盘
1183,10:32:17,37.67,0.05,12,45204,中性盘
1184,10:32:08,37.62,-0.08,9,35212,卖盘
1185,10:31:59,37.7,--,14,52780,卖盘
1186,10:31:56,37.7,--,1,3770,卖盘
1187,10:31:50,37.7,-0.05,4,15080,卖盘
1188,10:31:47,37.75,-0.04,3,11325,买盘
1189,10:31:38,37.79,-0.2,12,45348,卖盘
1190,10:31:35,37.99,-0.01,1,3799,中性盘
1191,10:31:32,38.0,--,18,68400,买盘
1192,10:31:29,38.0,--,12,45600,买盘
1193,10:31:26,38.0,--,1,3800,买盘
1194,10:31:20,38.0,--,5,19000,买盘
1195,10:31:17,38.0,-0.14,145,551000,卖盘
1196,10:31:14,38.14,-0.02,15,57210,卖盘
1197,10:31:08,38.16,0.02,9,34344,买盘
1198,10:31:02,38.14,-0.06,4,15256,卖盘
1199,10:30:59,38.2,0.01,37,141340,买盘
1200,10:30:53,38.19,-0.01,4,15276,中性盘
1201,10:30:47,38.2,0.02,25,95500,买盘
1202,10:30:44,38.18,-0.01,7,26726,卖盘
1203,10:30:41,38.19,--,1,3819,卖盘
1204,10:30:38,38.19,0.01,15,57285,买盘
1205,10:30:32,38.18,0.04,18,68724,卖盘
1206,10:30:29,38.14,--,2,7628,卖盘
1207,10:30:26,38.14,-0.04,3,11442,卖盘
1208,10:30:17,38.18,0.03,4,15272,买盘
1209,10:30:14,38.15,-0.05,3,11445,卖盘
1210,10:30:08,38.2,-0.1,80,308006,卖盘
1211,10:29:56,38.3,--,1,3829,买盘
1212,10:29:50,38.3,--,9,34470,卖盘
1213,10:29:47,38.3,-0.01,1,3829,卖盘
1214,10:29:44,38.31,--,5,19155,买盘
1215,10:29:35,38.31,--,1,3831,买盘
1216,10:29:32,38.31,-0.02,20,76620,卖盘
1217,10:29:17,38.33,--,18,72482,卖盘
1218,10:29:11,38.33,--,9,35876,卖盘
1219,10:29:08,38.33,-0.12,1,3833,卖盘
1220,10:29:02,38.45,--,2,7690,买盘
1221,10:28:59,38.45,--,2,7690,买盘
1222,10:28:44,38.45,0.12,30,118156,买盘
1223,10:28:41,38.33,0.03,5,19165,买盘
1224,10:28:32,38.3,-0.03,1,3829,卖盘
1225,10:28:29,38.33,--,13,49829,买盘
1226,10:28:26,38.33,--,5,19165,买盘
1227,10:28:14,38.33,0.11,13,49829,买盘
1228,10:28:08,38.22,-0.11,9,35812,卖盘
1229,10:28:02,38.33,0.03,15,57495,买盘
1230,10:27:47,38.3,--,1,3829,买盘
1231,10:27:38,38.3,--,13,52241,卖盘
1232,10:27:32,38.3,-0.03,6,22980,卖盘
1233,10:27:29,38.33,--,33,126489,买盘
1234,10:27:23,38.33,--,10,38330,买盘
1235,10:27:17,38.33,--,53,203149,买盘
1236,10:27:14,38.33,--,2,7666,买盘
1237,10:27:08,38.33,--,10,39709,买盘
1238,10:27:05,38.33,--,7,26831,买盘
1239,10:27:02,38.33,--,16,61328,买盘
1240,10:26:56,38.33,-0.12,5,21579,卖盘
1241,10:26:50,38.45,--,5,19225,买盘
1242,10:26:47,38.45,0.11,8,30760,买盘
1243,10:26:38,38.34,-0.11,1,3834,卖盘
1244,10:26:29,38.45,--,8,30760,买盘
1245,10:26:23,38.45,--,1,3845,买盘
1246,10:26:14,38.45,0.12,1,3845,买盘
1247,10:26:11,38.33,--,1,3833,卖盘
1248,10:26:08,38.33,-0.13,9,35915,卖盘
1249,10:26:02,38.46,0.13,3,11538,中性盘
1250,10:25:38,38.33,-0.17,10,38330,卖盘
1251,10:25:26,38.5,--,9,34650,买盘
1252,10:25:17,38.5,0.15,3,11550,买盘
1253,10:25:14,38.35,--,4,15340,买盘
1254,10:25:08,38.35,-0.28,3,11505,卖盘
1255,10:25:05,38.63,0.03,87,336081,买盘
1256,10:24:53,38.6,--,3,11580,卖盘
1257,10:24:44,38.6,--,4,15440,卖盘
1258,10:24:35,38.6,0.15,3,11580,中性盘
1259,10:24:26,38.45,-0.05,300,1153500,卖盘
1260,10:24:08,38.5,-0.13,14,55324,卖盘
1261,10:24:02,38.63,--,29,112027,买盘
1262,10:23:38,38.63,--,5,19315,买盘
1263,10:23:35,38.63,--,0,424,卖盘
1264,10:23:26,38.63,--,0,3438,卖盘
1265,10:23:23,38.63,0.13,4,15452,买盘
1266,10:23:20,38.5,--,76,292600,卖盘
1267,10:23:14,38.5,--,21,80850,卖盘
1268,10:23:11,38.5,-0.13,9,36036,卖盘
1269,10:23:08,38.63,--,2,7726,买盘
1270,10:22:53,38.63,-0.01,4,15452,买盘
1271,10:22:50,38.64,0.14,2,7728,卖盘
1272,10:22:44,38.5,-0.15,140,539000,卖盘
1273,10:22:41,38.65,0.02,8,30920,买盘
1274,10:22:35,38.63,--,6,23178,买盘
1275,10:22:23,38.63,--,4,15452,买盘
1276,10:22:20,38.63,0.15,1,3863,买盘
1277,10:22:11,38.48,-0.02,14,55257,卖盘
1278,10:22:05,38.5,0.02,1,6622,买盘
1279,10:21:47,38.48,-0.01,2,8581,卖盘
1280,10:21:44,38.49,0.01,11,42339,买盘
1281,10:21:38,38.48,0.03,1,3847,买盘
1282,10:21:35,38.45,-0.03,100,384500,卖盘
1283,10:21:32,38.48,--,13,51409,买盘
1284,10:21:29,38.48,--,51,196247,买盘
1285,10:21:23,38.48,0.03,14,53871,买盘
1286,10:21:17,38.45,--,1,3845,卖盘
1287,10:21:14,38.45,--,6,23070,卖盘
1288,10:21:11,38.45,0.09,114,440021,买盘
1289,10:21:05,38.36,-0.06,70,272087,卖盘
1290,10:20:56,38.42,-0.03,5,19210,卖盘
1291,10:20:53,38.45,--,1,3845,买盘
1292,10:20:41,38.45,0.01,6,23070,买盘
1293,10:20:38,38.44,-0.04,25,96100,卖盘
1294,10:20:32,38.48,--,6,23087,买盘
1295,10:20:23,38.48,--,1,3847,买盘
1296,10:20:20,38.48,-0.01,135,521942,卖盘
1297,10:20:17,38.49,-0.01,1,3849,卖盘
1298,10:20:11,38.5,0.02,96,370986,买盘
1299,10:20:08,38.48,-0.02,1,3847,卖盘
1300,10:20:02,38.5,0.02,207,796950,买盘
1301,10:19:59,38.48,--,123,473303,卖盘
1302,10:19:56,38.48,-0.01,20,76960,卖盘
1303,10:19:53,38.49,-0.01,11,42339,中性盘
1304,10:19:47,38.5,0.01,0,1078,卖盘
1305,10:19:38,38.49,0.01,18,72053,买盘
1306,10:19:26,38.48,-0.01,3,11543,卖盘
1307,10:19:23,38.49,-0.17,17,66510,卖盘
1308,10:19:20,38.66,0.17,1,3865,买盘
1309,10:19:08,38.49,-0.18,10,39914,卖盘
1310,10:19:02,38.67,--,4,15468,卖盘
1311,10:18:59,38.67,0.18,1,3867,买盘
1312,10:18:56,38.49,0.01,10,38490,卖盘
1313,10:18:53,38.48,--,7,28282,买盘
1314,10:18:50,38.48,-0.2,204,787493,卖盘
1315,10:18:44,38.68,0.19,200,773600,买盘
1316,10:18:41,38.49,--,21,80829,买盘
1317,10:18:37,38.49,0.01,9,34641,中性盘
1318,10:18:22,38.48,-0.2,32,123135,卖盘
1319,10:18:13,38.68,0.2,8,30944,买盘
1320,10:18:07,38.48,--,93,360634,卖盘
1321,10:18:01,38.48,--,35,134680,卖盘
1322,10:17:58,38.48,-0.17,23,88811,卖盘
1323,10:17:52,38.65,-0.05,5,19325,中性盘
1324,10:17:49,38.7,0.12,80,309600,买盘
1325,10:17:46,38.58,-0.07,1,3858,卖盘
1326,10:17:43,38.65,0.07,30,115950,买盘
1327,10:17:37,38.58,--,86,331788,买盘
1328,10:17:25,38.58,--,5,19290,买盘
1329,10:17:19,38.58,0.08,26,100308,买盘
1330,10:17:16,38.5,-0.08,1,3850,卖盘
1331,10:17:07,38.58,0.1,42,163424,买盘
1332,10:17:01,38.48,--,1,3847,卖盘
1333,10:16:58,38.48,-0.02,15,57719,卖盘
1334,10:16:49,38.5,0.08,0,731,买盘
1335,10:16:40,38.42,-0.08,15,57630,卖盘
1336,10:16:37,38.5,--,1,3850,买盘
1337,10:16:28,38.5,0.05,12,46200,买盘
1338,10:16:22,38.45,--,8,31029,买盘
1339,10:16:16,38.45,0.04,30,115350,买盘
1340,10:16:10,38.41,--,6,23045,卖盘
1341,10:16:07,38.41,--,6,23045,卖盘
1342,10:16:04,38.41,-0.04,9,35990,中性盘
1343,10:16:01,38.45,--,1,3845,买盘
1344,10:15:58,38.45,0.04,70,269150,买盘
1345,10:15:52,38.41,-0.04,68,261187,卖盘
1346,10:15:49,38.45,--,1,3845,买盘
1347,10:15:43,38.45,0.03,20,76900,买盘
1348,10:15:40,38.42,-0.03,20,76840,中性盘
1349,10:15:37,38.45,--,6,23070,买盘
1350,10:15:28,38.45,--,1,3845,买盘
1351,10:15:22,38.45,-0.03,8,30760,卖盘
1352,10:15:16,38.48,--,1,3847,买盘
1353,10:15:07,38.48,-0.02,31,119942,卖盘
1354,10:14:58,38.5,0.02,73,284245,买盘
1355,10:14:52,38.48,-0.02,1,3847,卖盘
1356,10:14:49,38.5,--,38,146300,买盘
1357,10:14:43,38.5,--,5,19250,买盘
1358,10:14:34,38.5,--,72,278701,卖盘
1359,10:14:28,38.5,-0.2,3,11550,卖盘
1360,10:14:22,38.7,0.22,21,81270,买盘
1361,10:14:16,38.48,-0.02,30,115439,卖盘
1362,10:14:13,38.5,--,5,19250,卖盘
1363,10:14:07,38.5,--,34,133248,买盘
1364,10:14:04,38.5,0.02,135,522637,买盘
1365,10:14:01,38.48,-0.02,3,11543,卖盘
1366,10:13:52,38.5,-0.2,31,120851,卖盘
1367,10:13:46,38.7,0.2,45,176510,买盘
1368,10:13:43,38.5,--,6,23100,卖盘
1369,10:13:40,38.5,-0.2,5,19250,卖盘
1370,10:13:37,38.7,0.2,27,104490,买盘
1371,10:13:34,38.5,-0.02,27,103950,卖盘
1372,10:13:28,38.52,-0.07,5,20839,卖盘
1373,10:13:25,38.59,-0.11,5,19295,卖盘
1374,10:13:22,38.7,0.1,28,108360,买盘
1375,10:13:16,38.6,-0.1,15,57900,卖盘
1376,10:13:13,38.7,0.07,2,7740,买盘
1377,10:13:10,38.63,--,1,3863,卖盘
1378,10:13:07,38.63,--,91,352962,卖盘
1379,10:13:04,38.63,--,1,3863,卖盘
1380,10:13:01,38.63,-0.01,32,123616,卖盘
1381,10:12:58,38.64,--,2,7728,卖盘
1382,10:12:52,38.64,--,4,15456,卖盘
1383,10:12:49,38.64,--,38,146832,卖盘
1384,10:12:43,38.64,-0.01,15,57960,卖盘
1385,10:12:34,38.65,0.01,5,20716,买盘
1386,10:12:25,38.64,-0.01,2,7728,卖盘
1387,10:12:22,38.65,0.01,4,15460,买盘
1388,10:12:13,38.64,--,15,57960,卖盘
1389,10:12:10,38.64,-0.01,47,184042,卖盘
1390,10:12:04,38.65,-0.04,5,19325,卖盘
1391,10:11:58,38.69,-0.01,7,28940,卖盘
1392,10:11:52,38.7,--,23,89010,买盘
1393,10:11:49,38.7,--,5,19350,买盘
1394,10:11:46,38.7,0.01,7,27090,买盘
1395,10:11:43,38.69,-0.01,31,119939,卖盘
1396,10:11:37,38.7,--,2,7740,买盘
1397,10:11:34,38.7,0.01,35,135450,买盘
1398,10:11:31,38.69,-0.01,3,11607,卖盘
1399,10:11:19,38.7,0.01,2,7740,买盘
1400,10:11:10,38.69,--,5,19345,卖盘
1401,10:11:07,38.69,-0.01,11,43990,卖盘
1402,10:11:04,38.7,0.01,2,7740,买盘
1403,10:10:58,38.69,-0.01,5,19345,卖盘
1404,10:10:52,38.7,0.01,5,19350,买盘
1405,10:10:40,38.69,-0.01,2,7738,卖盘
1406,10:10:37,38.7,--,90,348300,买盘
1407,10:10:31,38.7,--,8,30960,买盘
1408,10:10:22,38.7,--,6,23220,买盘
1409,10:10:19,38.7,0.01,28,108360,买盘
1410,10:10:10,38.69,--,15,58035,卖盘
1411,10:10:07,38.69,-0.01,9,36213,卖盘
1412,10:10:04,38.7,0.01,4,15480,买盘
1413,10:10:01,38.69,-0.01,5,19345,卖盘
1414,10:09:55,38.7,-0.03,18,69660,中性盘
1415,10:09:49,38.73,0.03,81,313713,买盘
1416,10:09:46,38.7,--,38,150117,买盘
1417,10:09:43,38.7,0.01,5,19350,买盘
1418,10:09:40,38.69,-0.01,5,19345,卖盘
1419,10:09:37,38.7,--,74,286380,买盘
1420,10:09:34,38.7,--,5,19350,买盘
1421,10:09:19,38.7,0.06,110,425700,买盘
1422,10:09:13,38.64,0.01,4,15456,中性盘
1423,10:09:07,38.63,--,9,36157,卖盘
1424,10:09:04,38.63,-0.01,16,61808,卖盘
1425,10:08:52,38.64,--,3,11592,买盘
1426,10:08:43,38.64,-0.01,4,15456,买盘
1427,10:08:40,38.65,-0.05,2,7730,卖盘
1428,10:08:37,38.7,0.06,6,23220,买盘
1429,10:08:34,38.64,-0.01,6,25618,卖盘
1430,10:08:28,38.65,-0.05,6,23190,卖盘
1431,10:08:22,38.7,--,21,81270,买盘
1432,10:08:19,38.7,--,15,58050,买盘
1433,10:08:07,38.7,--,12,47871,买盘
1434,10:08:04,38.7,--,3,11610,买盘
1435,10:07:58,38.7,--,18,69660,买盘
1436,10:07:55,38.7,--,2,7740,买盘
1437,10:07:52,38.7,--,6,23220,买盘
1438,10:07:49,38.7,-0.03,23,90093,卖盘
1439,10:07:43,38.73,-0.06,1,3872,卖盘
1440,10:07:40,38.79,-0.01,2,7758,买盘
1441,10:07:37,38.8,--,43,166840,买盘
1442,10:07:31,38.8,-0.09,1,3879,买盘
1443,10:07:28,38.89,0.09,260,1011140,买盘
1444,10:07:19,38.8,--,15,58199,买盘
1445,10:07:16,38.8,0.07,5,19400,买盘
1446,10:07:13,38.73,--,2,7745,买盘
1447,10:07:10,38.73,--,9,34857,买盘
1448,10:07:07,38.73,-0.07,2,10185,卖盘
1449,10:07:01,38.8,-0.08,21,82799,卖盘
1450,10:06:52,38.88,0.08,5,19440,买盘
1451,10:06:37,38.8,-0.08,10,38800,卖盘
1452,10:06:34,38.88,--,1,3888,买盘
1453,10:06:25,38.88,0.08,17,66096,买盘
1454,10:06:19,38.8,-0.08,9,34920,卖盘
1455,10:06:16,38.88,0.08,5,19440,中性盘
1456,10:06:07,38.8,--,11,44115,卖盘
1457,10:06:04,38.8,-0.09,8,34648,卖盘
1458,10:06:01,38.89,0.09,3,11667,买盘
1459,10:05:55,38.8,-0.09,10,38800,卖盘
1460,10:05:52,38.89,-0.01,3,13611,卖盘
1461,10:05:49,38.9,0.01,1,3890,买盘
1462,10:05:43,38.89,--,5,21389,买盘
1463,10:05:34,38.89,--,3,11667,买盘
1464,10:05:25,38.89,-0.01,2,7778,中性盘
1465,10:05:19,38.9,--,106,412340,买盘
1466,10:05:13,38.9,--,1,3890,买盘
1467,10:05:10,38.9,0.1,10,38900,买盘
1468,10:05:07,38.8,-0.1,19,75116,卖盘
1469,10:05:01,38.9,0.02,35,136150,买盘
1470,10:04:55,38.88,-0.02,1,3888,卖盘
1471,10:04:52,38.9,0.02,20,77800,买盘
1472,10:04:49,38.88,-0.02,2,7776,卖盘
1473,10:04:43,38.9,0.02,30,116700,买盘
1474,10:04:34,38.88,0.15,6,23328,中性盘
1475,10:04:31,38.73,-0.17,4,15491,卖盘
1476,10:04:28,38.9,0.02,31,120590,买盘
1477,10:04:19,38.88,--,33,128304,买盘
1478,10:04:13,38.88,0.15,13,50544,买盘
1479,10:04:07,38.73,0.02,10,40163,卖盘
1480,10:04:04,38.71,-0.18,17,68555,卖盘
1481,10:04:01,38.89,0.01,80,311120,买盘
1482,10:03:55,38.88,0.03,10,38880,买盘
1483,10:03:46,38.85,0.14,1,3885,中性盘
1484,10:03:40,38.71,-0.18,2,9290,卖盘
1485,10:03:34,38.89,--,43,167227,卖盘
1486,10:03:31,38.89,--,42,163338,买盘
1487,10:03:25,38.89,--,2,7778,买盘
1488,10:03:19,38.89,0.19,31,120559,买盘
1489,10:03:13,38.7,--,30,116100,卖盘
1490,10:03:07,38.7,--,22,86533,卖盘
1491,10:03:04,38.7,-0.2,10,38700,卖盘
1492,10:03:01,38.9,0.01,50,194500,买盘
1493,10:02:55,38.89,--,112,435568,卖盘
1494,10:02:49,38.89,--,54,210006,卖盘
1495,10:02:46,38.89,-0.01,1,3889,卖盘
1496,10:02:40,38.9,--,28,108920,买盘
1497,10:02:37,38.9,--,3,11670,买盘
1498,10:02:34,38.9,--,7,29213,卖盘
1499,10:02:25,38.9,--,2,7780,卖盘
1500,10:02:22,38.9,--,2,7780,卖盘
1501,10:02:16,38.9,0.2,34,134166,买盘
1502,10:02:10,38.7,-0.02,50,193500,卖盘
1503,10:02:07,38.72,-0.18,10,42088,卖盘
1504,10:02:04,38.9,--,30,118178,买盘
1505,10:01:58,38.9,0.01,1,3890,买盘
1506,10:01:55,38.89,--,85,330992,卖盘
1507,10:01:46,38.89,-0.01,2,7778,中性盘
1508,10:01:37,38.9,--,56,217840,买盘
1509,10:01:31,38.9,0.11,2,7780,买盘
1510,10:01:22,38.79,0.09,1,3879,买盘
1511,10:01:19,38.7,-0.01,234,905580,卖盘
1512,10:01:07,38.71,-0.19,9,36271,卖盘
1513,10:01:04,38.9,0.18,2,8363,买盘
1514,10:00:55,38.72,-0.09,0,968,中性盘
1515,10:00:52,38.81,0.08,1,3881,中性盘
1516,10:00:49,38.73,-0.22,5,19365,中性盘
1517,10:00:37,38.95,0.25,8,31160,买盘
1518,10:00:34,38.7,-0.01,20,77400,卖盘
1519,10:00:31,38.71,-0.24,4,15484,卖盘
1520,10:00:22,38.95,0.24,11,42845,买盘
1521,10:00:19,38.71,0.01,2,7742,中性盘
1522,10:00:13,38.7,-0.25,10,38700,卖盘
1523,10:00:07,38.95,0.24,70,274052,买盘
1524,10:00:04,38.71,--,12,46452,买盘
1525,09:59:55,38.71,-0.25,76,295821,卖盘
1526,09:59:49,38.96,--,10,38998,买盘
1527,09:59:37,38.96,0.16,16,62336,买盘
1528,09:59:22,38.8,--,20,81441,买盘
1529,09:59:19,38.8,--,2,7759,买盘
1530,09:59:16,38.8,--,2,7759,买盘
1531,09:59:10,38.8,-0.18,10,40274,卖盘
1532,09:59:04,38.98,0.02,31,120837,买盘
1533,09:58:55,38.96,-0.02,0,1012,中性盘
1534,09:58:52,38.98,0.18,39,152022,买盘
1535,09:58:43,38.8,-0.18,1,3879,卖盘
1536,09:58:40,38.98,--,13,50673,买盘
1537,09:58:37,38.98,--,9,35082,买盘
1538,09:58:22,38.98,0.18,5,19490,买盘
1539,09:58:16,38.8,-0.19,3,11640,卖盘
1540,09:58:13,38.99,0.19,1,3899,买盘
1541,09:58:06,38.8,-0.19,26,101306,卖盘
1542,09:58:03,38.99,--,2,7798,买盘
1543,09:57:57,38.99,0.19,5,19495,买盘
1544,09:57:54,38.8,-0.19,13,51409,卖盘
1545,09:57:48,38.99,0.01,21,81879,买盘
1546,09:57:45,38.98,-0.01,2,7795,卖盘
1547,09:57:42,38.99,--,4,15596,买盘
1548,09:57:36,38.99,0.03,23,89677,买盘
1549,09:57:33,38.96,-0.03,8,31168,中性盘
1550,09:57:27,38.99,0.09,27,105273,买盘
1551,09:57:21,38.9,-0.09,6,23340,卖盘
1552,09:57:18,38.99,--,72,280728,中性盘
1553,09:57:12,38.99,0.02,4,15596,买盘
1554,09:57:09,38.97,--,2,7794,卖盘
1555,09:57:06,38.97,-0.03,15,62196,卖盘
1556,09:56:57,39.0,0.01,2,8775,买盘
1557,09:56:54,38.99,--,2,7798,卖盘
1558,09:56:48,38.99,--,10,38990,买盘
1559,09:56:39,38.99,-0.01,20,77980,买盘
1560,09:56:36,39.0,0.15,71,276900,买盘
1561,09:56:33,38.85,--,40,155400,买盘
1562,09:56:30,38.85,-0.05,2,10800,卖盘
1563,09:56:24,38.9,0.05,0,1517,买盘
1564,09:56:21,38.85,-0.05,3,11655,卖盘
1565,09:56:18,38.9,0.05,32,124480,中性盘
1566,09:56:06,38.85,-0.05,13,52719,卖盘
1567,09:56:00,38.9,-0.07,0,1011,卖盘
1568,09:55:54,38.97,0.02,30,116910,买盘
1569,09:55:51,38.95,--,4,15580,买盘
1570,09:55:45,38.95,--,2,7790,买盘
1571,09:55:36,38.95,--,4,15580,买盘
1572,09:55:24,38.95,0.1,11,42845,买盘
1573,09:55:21,38.85,-0.09,2,7770,卖盘
1574,09:55:18,38.94,-0.01,3,11682,买盘
1575,09:55:15,38.95,0.02,140,545300,买盘
1576,09:55:12,38.93,0.03,1,3893,买盘
1577,09:55:06,38.9,--,53,206170,卖盘
1578,09:55:03,38.9,-0.03,27,107947,卖盘
1579,09:55:00,38.93,--,50,194650,卖盘
1580,09:54:54,38.93,--,0,973,卖盘
1581,09:54:51,38.93,--,4,15572,卖盘
1582,09:54:45,38.93,0.03,29,112897,买盘
1583,09:54:42,38.9,--,6,23340,买盘
1584,09:54:33,38.9,--,19,73910,买盘
1585,09:54:30,38.9,0.1,8,31120,买盘
1586,09:54:27,38.8,-0.1,11,42680,卖盘
1587,09:54:24,38.9,0.03,9,35010,买盘
1588,09:54:21,38.87,-0.03,2,7773,卖盘
1589,09:54:15,38.9,0.1,19,73910,买盘
1590,09:54:12,38.8,0.04,1,3879,中性盘
1591,09:54:06,38.76,-0.04,18,72597,卖盘
1592,09:54:03,38.8,0.04,25,99328,买盘
1593,09:54:00,38.76,-0.04,0,969,卖盘
1594,09:53:57,38.8,0.04,35,135800,买盘
1595,09:53:51,38.76,0.01,7,27132,买盘
1596,09:53:45,38.75,-0.01,3,11625,卖盘
1597,09:53:39,38.76,0.01,27,104652,买盘
1598,09:53:33,38.75,--,5,19375,买盘
1599,09:53:24,38.75,--,10,38750,买盘
1600,09:53:18,38.75,0.05,13,50375,买盘
1601,09:53:15,38.7,-0.05,3,11610,卖盘
1602,09:53:09,38.75,0.05,2,7750,买盘
1603,09:53:06,38.7,--,13,51703,卖盘
1604,09:53:03,38.7,--,10,38700,卖盘
1605,09:52:57,38.7,0.07,236,913320,买盘
1606,09:52:54,38.63,--,0,1004,卖盘
1607,09:52:51,38.63,-0.07,59,227917,卖盘
1608,09:52:48,38.7,0.02,51,197370,买盘
1609,09:52:36,38.68,-0.07,8,30944,卖盘
1610,09:52:33,38.75,--,1,3875,卖盘
1611,09:52:30,38.75,--,4,15500,买盘
1612,09:52:21,38.75,0.12,2,7750,买盘
1613,09:52:09,38.63,--,9,34767,卖盘
1614,09:52:03,38.63,-0.12,13,50296,卖盘
1615,09:51:54,38.75,0.12,1,3875,买盘
1616,09:51:51,38.63,-0.1,26,100438,卖盘
1617,09:51:48,38.73,-0.02,8,34740,买盘
1618,09:51:42,38.75,--,0,116,卖盘
1619,09:51:30,38.75,0.02,1,7633,买盘
1620,09:51:27,38.73,-0.01,1,3872,卖盘
1621,09:51:21,38.74,0.11,1,3874,买盘
1622,09:51:12,38.63,--,20,77260,卖盘
1623,09:51:06,38.63,--,1,3863,卖盘
1624,09:51:03,38.63,--,21,82513,卖盘
1625,09:51:00,38.63,--,0,1004,卖盘
1626,09:50:57,38.63,0.12,3,11589,买盘
1627,09:50:51,38.51,-0.22,3,11553,卖盘
1628,09:50:48,38.73,0.01,49,189776,买盘
1629,09:50:45,38.72,0.12,2,7744,中性盘
1630,09:50:42,38.6,--,1,3860,卖盘
1631,09:50:39,38.6,--,2,7720,卖盘
1632,09:50:36,38.6,-0.14,2,7720,卖盘
1633,09:50:33,38.74,0.11,5,19370,买盘
1634,09:50:30,38.63,-0.1,2,7726,卖盘
1635,09:50:27,38.73,--,1,3872,卖盘
1636,09:50:24,38.73,0.03,1,3872,买盘
1637,09:50:21,38.7,--,2,7740,中性盘
1638,09:50:12,38.7,0.07,82,317340,中性盘
1639,09:50:06,38.63,--,20,78689,卖盘
1640,09:49:57,38.63,-0.11,100,387265,卖盘
1641,09:49:48,38.74,0.11,40,154960,买盘
1642,09:49:45,38.63,--,8,30904,卖盘
1643,09:49:30,38.63,0.03,42,164602,买盘
1644,09:49:27,38.6,-0.03,1,3860,卖盘
1645,09:49:21,38.63,--,13,50219,买盘
1646,09:49:18,38.63,-0.11,3,11589,中性盘
1647,09:49:15,38.74,0.04,10,38740,买盘
1648,09:49:12,38.7,0.1,7,27090,买盘
1649,09:49:09,38.6,-0.1,10,40414,卖盘
1650,09:49:03,38.7,0.07,1,3870,中性盘
1651,09:48:57,38.63,-0.06,0,1004,卖盘
1652,09:48:48,38.69,--,29,112201,买盘
1653,09:48:36,38.69,0.05,2,7738,中性盘
1654,09:48:33,38.64,-0.11,6,23184,卖盘
1655,09:48:30,38.75,0.07,2,7750,买盘
1656,09:48:27,38.68,-0.01,20,77360,卖盘
1657,09:48:21,38.69,--,3,11607,买盘
1658,09:48:15,38.69,--,2,7738,买盘
1659,09:48:12,38.69,--,9,34937,卖盘
1660,09:48:06,38.69,-0.01,10,41475,卖盘
1661,09:47:57,38.7,-0.19,9,34830,卖盘
1662,09:47:54,38.89,--,0,972,卖盘
1663,09:47:51,38.89,--,1,3889,买盘
1664,09:47:48,38.89,--,4,15556,买盘
1665,09:47:39,38.89,-0.05,52,202228,中性盘
1666,09:47:33,38.94,0.19,15,58410,买盘
1667,09:47:21,38.75,0.05,4,15500,买盘
1668,09:47:18,38.7,0.01,39,154142,买盘
1669,09:47:15,38.69,--,2,7738,卖盘
1670,09:47:12,38.69,--,3,11607,卖盘
1671,09:47:06,38.69,-0.01,11,43951,卖盘
1672,09:47:03,38.7,0.02,4,15480,买盘
1673,09:47:00,38.68,-0.01,0,967,卖盘
1674,09:46:51,38.69,--,13,50297,买盘
1675,09:46:39,38.69,--,19,73511,买盘
1676,09:46:33,38.69,0.04,63,243747,买盘
1677,09:46:30,38.65,-0.04,10,38650,卖盘
1678,09:46:27,38.69,--,1,3869,买盘
1679,09:46:24,38.69,-0.26,14,57338,卖盘
1680,09:46:18,38.95,--,3,11685,卖盘
1681,09:46:09,38.95,0.26,2,7790,买盘
1682,09:46:06,38.69,-0.01,9,36213,卖盘
1683,09:46:03,38.7,0.01,6,23645,卖盘
1684,09:45:57,38.69,-0.01,0,1005,卖盘
1685,09:45:54,38.7,--,30,116100,买盘
1686,09:45:51,38.7,--,8,30960,买盘
1687,09:45:48,38.7,--,2,7740,买盘
1688,09:45:45,38.7,--,7,27206,卖盘
1689,09:45:39,38.7,-0.05,5,19350,卖盘
1690,09:45:36,38.75,0.05,2,7750,买盘
1691,09:45:33,38.7,-0.05,10,38700,卖盘
1692,09:45:24,38.75,0.04,1,3875,买盘
1693,09:45:18,38.71,--,7,27097,卖盘
1694,09:45:09,38.71,-0.01,15,58065,卖盘
1695,09:45:06,38.72,-0.03,9,37635,卖盘
1696,09:45:03,38.75,-0.01,5,19375,卖盘
1697,09:44:57,38.76,0.01,3,11628,买盘
1698,09:44:51,38.75,-0.01,0,968,卖盘
1699,09:44:48,38.76,--,27,104652,买盘
1700,09:44:42,38.76,-0.02,10,40853,卖盘
1701,09:44:36,38.78,--,2,9695,买盘
1702,09:44:33,38.78,--,8,31024,买盘
1703,09:44:21,38.78,0.02,1,3878,买盘
1704,09:44:15,38.76,--,5,23100,买盘
1705,09:44:06,38.76,-0.14,3,13178,卖盘
1706,09:44:03,38.9,0.12,10,41234,买盘
1707,09:44:00,38.78,-0.1,4,15512,卖盘
1708,09:43:54,38.88,-0.01,5,19440,买盘
1709,09:43:51,38.89,-0.01,30,119158,卖盘
1710,09:43:48,38.9,-0.01,1,3890,卖盘
1711,09:43:45,38.91,--,1,3890,买盘
1712,09:43:39,38.91,0.01,1,3890,买盘
1713,09:43:30,38.9,-0.07,33,128370,卖盘
1714,09:43:24,38.97,--,46,179262,买盘
1715,09:43:21,38.97,--,18,71003,卖盘
1716,09:43:06,38.97,--,14,56584,卖盘
1717,09:42:51,38.97,-0.03,6,24395,卖盘
1718,09:42:48,39.0,--,1,3900,买盘
1719,09:42:45,39.0,0.03,102,397800,买盘
1720,09:42:42,38.97,--,6,23382,买盘
1721,09:42:39,38.97,--,4,15588,买盘
1722,09:42:36,38.97,-0.01,34,133861,卖盘
1723,09:42:27,38.98,-0.02,68,265064,卖盘
1724,09:42:21,39.0,--,7,28431,买盘
1725,09:42:18,39.0,0.02,1,3900,买盘
1726,09:42:09,38.98,-0.01,9,36485,卖盘
1727,09:42:06,38.99,--,18,73106,卖盘
1728,09:42:00,38.99,0.01,7,27293,买盘
1729,09:41:54,38.98,--,0,974,中性盘
1730,09:41:51,38.98,--,3,11693,买盘
1731,09:41:45,38.98,--,1,3897,买盘
1732,09:41:42,38.98,0.01,1,3897,买盘
1733,09:41:36,38.97,0.07,4,15588,中性盘
1734,09:41:21,38.9,--,4,16960,买盘
1735,09:41:18,38.9,--,2,7780,买盘
1736,09:41:09,38.9,0.21,10,38900,买盘
1737,09:41:06,38.69,-0.31,3,12380,卖盘
1738,09:41:03,39.0,--,2,7800,买盘
1739,09:40:57,39.0,0.31,10,39000,买盘
1740,09:40:51,38.69,-0.31,6,24181,卖盘
1741,09:40:48,39.0,--,3,11700,买盘
1742,09:40:42,39.0,--,20,78000,买盘
1743,09:40:39,39.0,--,5,19500,买盘
1744,09:40:36,39.0,--,6,23400,买盘
1745,09:40:30,39.0,--,15,58500,买盘
1746,09:40:27,39.0,-0.01,36,143169,卖盘
1747,09:40:21,39.01,0.01,58,227857,买盘
1748,09:40:18,39.0,-0.01,45,175500,卖盘
1749,09:40:15,39.01,--,8,31208,买盘
1750,09:40:12,39.01,--,15,58515,买盘
1751,09:40:06,39.01,--,5,19505,买盘
1752,09:40:03,39.01,--,24,96549,卖盘
1753,09:40:00,39.01,-0.18,1,4876,卖盘
1754,09:39:57,39.19,--,10,39190,卖盘
1755,09:39:54,39.19,--,8,31352,卖盘
1756,09:39:51,39.19,0.18,12,47028,买盘
1757,09:39:48,39.01,0.01,4,15604,卖盘
1758,09:39:39,39.0,--,2,7800,卖盘
1759,09:39:36,39.0,--,60,234000,卖盘
1760,09:39:30,39.0,--,147,573300,卖盘
1761,09:39:27,39.0,-0.02,6,23400,卖盘
1762,09:39:21,39.02,-0.16,48,187296,中性盘
1763,09:39:18,39.18,--,15,58770,买盘
1764,09:39:15,39.18,-0.02,36,144339,卖盘
1765,09:39:12,39.2,-0.05,22,86240,买盘
1766,09:39:09,39.25,0.07,5,19625,买盘
1767,09:39:06,39.18,-0.11,10,39806,卖盘
1768,09:39:03,39.29,0.04,20,78580,买盘
1769,09:39:00,39.25,--,39,153075,买盘
1770,09:38:57,39.25,--,21,82425,买盘
1771,09:38:51,39.25,-0.07,17,66725,卖盘
1772,09:38:48,39.32,0.07,10,39320,买盘
1773,09:38:45,39.25,--,10,39250,卖盘
1774,09:38:42,39.25,-0.05,16,62800,卖盘
1775,09:38:39,39.3,0.05,3,11790,中性盘
1776,09:38:27,39.25,--,45,176625,买盘
1777,09:38:24,39.25,--,28,109900,买盘
1778,09:38:21,39.25,0.07,2,7850,买盘
1779,09:38:18,39.18,--,20,78360,卖盘
1780,09:38:15,39.18,0.08,10,39180,买盘
1781,09:38:12,39.1,0.02,2,7820,中性盘
1782,09:38:09,39.08,-0.02,4,15632,卖盘
1783,09:38:06,39.1,0.1,25,99196,买盘
1784,09:38:03,39.0,--,7,27300,卖盘
1785,09:38:00,39.0,--,20,78000,卖盘
1786,09:37:57,39.0,--,0,1014,卖盘
1787,09:37:54,39.0,--,22,85800,卖盘
1788,09:37:48,39.0,0.5,342,1334775,买盘
1789,09:37:42,38.5,-0.01,7,28644,卖盘
1790,09:37:39,38.51,0.01,11,42361,买盘
1791,09:37:36,38.5,-0.01,5,19250,卖盘
1792,09:37:27,38.51,0.01,1,3851,中性盘
1793,09:37:21,38.5,--,1,3850,卖盘
1794,09:37:14,38.5,-0.37,7,26950,卖盘
1795,09:37:08,38.87,0.28,510,1982369,买盘
1796,09:37:05,38.59,0.09,15,59274,中性盘
1797,09:37:02,38.5,-0.1,10,39270,卖盘
1798,09:36:59,38.6,--,14,55005,买盘
1799,09:36:53,38.6,0.09,3,11580,买盘
1800,09:36:50,38.51,-0.09,1,3851,卖盘
1801,09:36:47,38.6,--,1,3860,买盘
1802,09:36:38,38.6,-0.08,14,54040,卖盘
1803,09:36:35,38.68,0.08,4,15472,中性盘
1804,09:36:32,38.6,-0.09,17,65620,卖盘
1805,09:36:29,38.69,-0.01,10,38690,中性盘
1806,09:36:17,38.7,--,3,11610,买盘
1807,09:36:11,38.7,0.1,10,39551,卖盘
1808,09:36:05,38.6,-0.1,63,245187,卖盘
1809,09:36:02,38.7,0.1,14,54180,买盘
1810,09:35:56,38.6,--,4,15440,卖盘
1811,09:35:50,38.6,--,31,120663,卖盘
1812,09:35:47,38.6,0.1,33,127380,买盘
1813,09:35:41,38.5,-0.1,7,26950,卖盘
1814,09:35:38,38.6,--,1,3860,买盘
1815,09:35:32,38.6,--,10,38600,卖盘
1816,09:35:29,38.6,--,7,27020,卖盘
1817,09:35:26,38.6,--,8,30880,卖盘
1818,09:35:23,38.6,--,20,77200,卖盘
1819,09:35:17,38.6,0.02,9,34740,买盘
1820,09:35:14,38.58,-0.02,7,27006,卖盘
1821,09:35:08,38.6,0.02,1,3860,买盘
1822,09:35:05,38.58,--,9,36110,卖盘
1823,09:35:02,38.58,-0.01,5,19290,卖盘
1824,09:34:59,38.59,0.11,50,192950,买盘
1825,09:34:50,38.48,0.28,6,24049,买盘
1826,09:34:44,38.2,0.02,3,11460,卖盘
1827,09:34:41,38.18,-0.02,3,11454,卖盘
1828,09:34:32,38.2,--,7,26740,买盘
1829,09:34:26,38.2,0.09,3,11460,买盘
1830,09:34:20,38.11,--,31,120503,买盘
1831,09:34:05,38.11,-0.49,8,33308,卖盘
1832,09:33:59,38.6,0.1,1,3860,买盘
1833,09:33:56,38.5,0.22,220,850696,买盘
1834,09:33:53,38.28,0.17,26,99528,买盘
1835,09:33:50,38.11,0.01,1,4801,中性盘
1836,09:33:44,38.1,--,12,45720,卖盘
1837,09:33:38,38.1,--,21,80010,卖盘
1838,09:33:26,38.1,0.01,2,7620,卖盘
1839,09:33:20,38.09,--,42,163291,买盘
1840,09:33:11,38.09,--,11,42394,卖盘
1841,09:33:08,38.09,--,18,69971,卖盘
1842,09:33:05,38.09,-0.01,5,21406,卖盘
1843,09:33:02,38.1,0.01,1,3810,买盘
1844,09:32:59,38.09,-0.01,1,3809,卖盘
1845,09:32:53,38.1,--,30,115290,买盘
1846,09:32:50,38.1,0.01,12,45720,买盘
1847,09:32:47,38.09,-0.01,52,198068,卖盘
1848,09:32:44,38.1,--,1,3810,买盘
1849,09:32:41,38.1,--,3,11430,买盘
1850,09:32:38,38.1,--,7,26670,买盘
1851,09:32:32,38.1,--,2,7620,买盘
1852,09:32:29,38.1,-0.19,7,26670,卖盘
1853,09:32:26,38.29,--,7,26803,买盘
1854,09:32:23,38.29,--,9,34461,买盘
1855,09:32:20,38.29,0.2,1,3829,买盘
1856,09:32:14,38.09,-0.01,20,76180,卖盘
1857,09:32:11,38.1,0.01,1,3810,中性盘
1858,09:32:08,38.09,--,1,3809,卖盘
1859,09:32:05,38.09,-0.01,19,72561,卖盘
1860,09:32:02,38.1,0.01,2,7620,中性盘
1861,09:31:59,38.09,-0.2,4,15236,卖盘
1862,09:31:56,38.29,0.2,26,99554,买盘
1863,09:31:50,38.09,-0.01,2,7618,卖盘
1864,09:31:44,38.1,--,7,26670,买盘
1865,09:31:41,38.1,--,11,41910,买盘
1866,09:31:38,38.1,--,7,26670,买盘
1867,09:31:35,38.1,-0.19,14,53340,卖盘
1868,09:31:14,38.29,0.12,2,7658,买盘
1869,09:31:11,38.17,-0.17,7,26719,卖盘
1870,09:31:08,38.34,0.19,16,62762,买盘
1871,09:31:05,38.15,-0.19,0,763,卖盘
1872,09:31:02,38.34,0.19,65,249210,买盘
1873,09:30:56,38.15,-0.15,4,15260,卖盘
1874,09:30:44,38.3,0.21,32,122559,买盘
1875,09:30:41,38.09,--,4,15236,买盘
1876,09:30:35,38.09,-0.21,1,3809,买盘
1877,09:30:32,38.3,0.21,65,248949,买盘
1878,09:30:26,38.09,-0.21,11,42051,卖盘
1879,09:30:23,38.3,0.21,101,386830,买盘
1880,09:30:08,38.09,-0.11,35,136971,卖盘
1881,09:30:05,38.2,-0.1,3,11460,买盘
1882,09:30:02,38.3,-0.04,4,15319,卖盘
1883,09:25:20,38.34,--,0,0,买盘
1884,09:25:05,38.34,38.34,52,199368,买盘
