,time,price,change,volume,amount,type
0,15:00:21,27.79,-0.01,3476,9661804,卖盘
1,14:57:21,27.8,--,0,0,买盘
2,14:57:00,27.8,--,34,94520,买盘
3,14:56:57,27.8,--,79,219620,买盘
4,14:56:54,27.8,--,61,169580,买盘
5,14:56:51,27.8,-0.01,140,390423,卖盘
6,14:56:48,27.81,--,6,16686,买盘
7,14:56:45,27.81,--,30,83430,买盘
8,14:56:42,27.81,0.01,15,41715,买盘
9,14:56:39,27.8,--,18,50040,卖盘
10,14:56:36,27.8,-0.03,12,33360,卖盘
11,14:56:33,27.83,0.03,67,186461,买盘
12,14:56:27,27.8,-0.03,96,266991,卖盘
13,14:56:24,27.83,--,29,80707,买盘
14,14:56:21,27.83,--,53,147499,买盘
15,14:56:18,27.83,--,23,64008,买盘
16,14:56:15,27.83,0.02,42,116886,买盘
17,14:56:12,27.81,--,56,157182,买盘
18,14:56:09,27.81,0.01,82,228042,买盘
19,14:56:06,27.8,--,93,258540,买盘
20,14:56:03,27.8,--,14,38920,买盘
21,14:56:00,27.8,-0.02,303,843674,卖盘
22,14:55:57,27.82,-0.03,19,52858,卖盘
23,14:55:54,27.85,0.02,28,77980,中性盘
24,14:55:51,27.83,0.03,40,111320,中性盘
25,14:55:48,27.8,-0.06,35,97300,卖盘
26,14:55:45,27.86,0.01,82,228452,买盘
27,14:55:39,27.85,-0.01,114,317490,买盘
28,14:55:36,27.86,0.06,50,139300,买盘
29,14:55:33,27.8,-0.06,18,50040,卖盘
30,14:55:30,27.86,0.06,1,2786,买盘
31,14:55:27,27.8,-0.06,31,86180,卖盘
32,14:55:24,27.86,--,10,27860,买盘
33,14:55:18,27.86,0.06,234,653372,买盘
34,14:55:15,27.8,--,7,19460,买盘
35,14:55:12,27.8,-0.06,794,2208654,卖盘
36,14:55:09,27.86,0.06,56,156016,中性盘
37,14:55:06,27.8,-0.06,224,622720,卖盘
38,14:55:03,27.86,--,39,108654,买盘
39,14:55:00,27.86,--,31,86366,买盘
40,14:54:57,27.86,--,64,178304,买盘
41,14:54:54,27.86,0.01,4,11144,买盘
42,14:54:51,27.85,-0.02,4,11140,中性盘
43,14:54:48,27.87,--,11,30657,买盘
44,14:54:45,27.87,--,72,200664,买盘
45,14:54:42,27.87,--,86,239682,卖盘
46,14:54:36,27.87,--,1,2787,卖盘
47,14:54:33,27.87,-0.01,8,22296,卖盘
48,14:54:30,27.88,-0.02,350,975800,卖盘
49,14:54:27,27.9,0.03,64,178560,买盘
50,14:54:21,27.87,-0.02,50,139350,卖盘
51,14:54:18,27.89,0.02,964,2688596,中性盘
52,14:54:09,27.87,-0.03,627,1747449,卖盘
53,14:54:06,27.9,-0.01,203,566370,卖盘
54,14:54:03,27.91,0.01,465,1299266,买盘
55,14:53:57,27.9,--,13,36270,卖盘
56,14:53:54,27.9,--,24,66960,卖盘
57,14:53:48,27.9,0.01,88,245520,买盘
58,14:53:45,27.89,-0.01,131,365359,卖盘
59,14:53:42,27.9,--,195,544050,卖盘
60,14:53:39,27.9,-0.01,420,1171800,卖盘
61,14:53:36,27.91,--,45,125595,买盘
62,14:53:33,27.91,--,53,147923,买盘
63,14:53:30,27.91,--,101,281891,卖盘
64,14:53:27,27.91,--,117,326547,卖盘
65,14:53:24,27.91,-0.01,3,8373,卖盘
66,14:53:21,27.92,0.01,51,142392,买盘
67,14:53:18,27.91,-0.01,1,2791,卖盘
68,14:53:15,27.92,0.01,107,298744,中性盘
69,14:53:09,27.91,-0.02,401,1119191,卖盘
70,14:53:06,27.93,0.01,21,58653,买盘
71,14:53:00,27.92,--,10,27920,卖盘
72,14:52:57,27.92,--,71,198232,卖盘
73,14:52:54,27.92,--,15,41880,卖盘
74,14:52:51,27.92,0.01,21,58632,买盘
75,14:52:45,27.91,-0.01,203,566573,卖盘
76,14:52:42,27.92,0.01,5,13960,中性盘
77,14:52:39,27.91,-0.01,36,100476,卖盘
78,14:52:36,27.92,0.01,10,27920,买盘
79,14:52:33,27.91,--,101,281891,卖盘
80,14:52:27,27.91,-0.02,52,145132,卖盘
81,14:52:12,27.93,0.02,3,8379,中性盘
82,14:52:09,27.91,--,20,55820,卖盘
83,14:52:06,27.91,--,50,139550,卖盘
84,14:52:03,27.91,-0.03,108,301428,卖盘
85,14:52:00,27.94,--,56,156464,卖盘
86,14:51:57,27.94,--,63,176022,卖盘
87,14:51:48,27.94,-0.01,41,114554,卖盘
88,14:51:45,27.95,--,40,111800,买盘
89,14:51:39,27.95,--,67,187265,买盘
90,14:51:36,27.95,--,10,27950,买盘
91,14:51:33,27.95,--,124,346580,卖盘
92,14:51:30,27.95,--,9,25155,卖盘
93,14:51:27,27.95,--,65,181675,卖盘
94,14:51:24,27.95,--,104,290680,卖盘
95,14:51:21,27.95,-0.01,12,33540,卖盘
96,14:51:18,27.96,0.01,54,150984,买盘
97,14:51:15,27.95,-0.01,66,184470,卖盘
98,14:51:09,27.96,--,27,75492,中性盘
99,14:51:06,27.96,-0.01,1,2796,卖盘
100,14:51:03,27.97,0.01,25,69925,买盘
101,14:51:00,27.96,--,12,33552,中性盘
102,14:50:57,27.96,--,117,327132,卖盘
103,14:50:54,27.96,--,30,83880,卖盘
104,14:50:51,27.96,0.01,132,369072,卖盘
105,14:50:42,27.95,--,2,5590,卖盘
106,14:50:36,27.95,-0.01,117,327015,卖盘
107,14:50:33,27.96,-0.01,4,11184,卖盘
108,14:50:30,27.97,-0.01,200,560854,中性盘
109,14:50:27,27.98,--,26,72748,买盘
110,14:50:24,27.98,0.02,2,5596,买盘
111,14:50:21,27.96,-0.01,200,559200,卖盘
112,14:50:18,27.97,--,22,61534,卖盘
113,14:50:15,27.97,--,28,78316,卖盘
114,14:50:12,27.97,--,17,47549,卖盘
115,14:50:09,27.97,--,14,39158,卖盘
116,14:50:00,27.97,-0.02,2,5594,卖盘
117,14:49:57,27.99,0.02,19,53181,买盘
118,14:49:54,27.97,--,5,13985,卖盘
119,14:49:51,27.97,--,1,2797,卖盘
120,14:49:48,27.97,--,12,33564,卖盘
121,14:49:42,27.97,--,15,41955,卖盘
122,14:49:36,27.97,-0.01,15,41955,卖盘
123,14:49:33,27.98,0.02,28,78399,买盘
124,14:49:30,27.96,-0.01,55,153780,卖盘
125,14:49:27,27.97,--,1,2797,卖盘
126,14:49:24,27.97,--,3,8391,买盘
127,14:49:21,27.97,0.01,2,5594,买盘
128,14:49:18,27.96,--,42,117432,卖盘
129,14:49:12,27.96,--,4,11184,买盘
130,14:49:09,27.96,--,18,50328,卖盘
131,14:49:06,27.96,--,4,11184,卖盘
132,14:49:03,27.96,0.01,4,11184,中性盘
133,14:49:00,27.95,--,222,620490,卖盘
134,14:48:57,27.95,-0.01,137,382915,卖盘
135,14:48:54,27.96,--,10,27960,买盘
136,14:48:51,27.96,--,15,41940,买盘
137,14:48:48,27.96,0.01,153,427788,买盘
138,14:48:45,27.95,-0.01,3,8385,卖盘
139,14:48:42,27.96,0.01,25,69900,买盘
140,14:48:39,27.95,--,26,72670,卖盘
141,14:48:36,27.95,--,114,318630,卖盘
142,14:48:27,27.95,--,90,251550,卖盘
143,14:48:24,27.95,--,120,335400,卖盘
144,14:48:21,27.95,0.01,27,75465,买盘
145,14:48:18,27.94,-0.01,12,33528,卖盘
146,14:48:15,27.95,--,1,2795,买盘
147,14:48:09,27.95,--,96,268320,卖盘
148,14:48:06,27.95,--,11,30745,卖盘
149,14:48:03,27.95,-0.01,35,97825,卖盘
150,14:48:00,27.96,0.01,5,13980,买盘
151,14:47:57,27.95,--,22,61490,卖盘
152,14:47:54,27.95,--,24,67080,卖盘
153,14:47:48,27.95,-0.01,7,19565,卖盘
154,14:47:42,27.96,0.01,23,64308,买盘
155,14:47:39,27.95,-0.02,18,50310,卖盘
156,14:47:36,27.97,0.02,20,55940,买盘
157,14:47:30,27.95,-0.01,3,8385,卖盘
158,14:47:27,27.96,--,1,2796,中性盘
159,14:47:24,27.96,--,1,2796,中性盘
160,14:47:18,27.96,-0.01,141,394236,卖盘
161,14:47:15,27.97,0.01,7,19579,中性盘
162,14:47:12,27.96,-0.02,24,67104,卖盘
163,14:47:09,27.98,--,66,184668,买盘
164,14:47:00,27.98,0.01,6,16788,买盘
165,14:46:54,27.97,-0.01,1,2797,卖盘
166,14:46:51,27.98,--,51,142698,买盘
167,14:46:48,27.98,0.01,6,16788,买盘
168,14:46:45,27.97,--,1,2797,卖盘
169,14:46:42,27.97,0.01,10,27970,中性盘
170,14:46:39,27.96,-0.02,41,114636,卖盘
171,14:46:36,27.98,--,10,27980,买盘
172,14:46:30,27.98,--,63,176274,买盘
173,14:46:27,27.98,-0.02,44,123112,卖盘
174,14:46:24,28.0,0.02,5,14000,买盘
175,14:46:21,27.98,--,5,13990,卖盘
176,14:46:18,27.98,-0.02,1,2798,卖盘
177,14:46:15,28.0,0.02,16,44800,买盘
178,14:46:09,27.98,--,10,27980,卖盘
179,14:46:03,27.98,--,1,2798,卖盘
180,14:45:51,27.98,--,4,11192,卖盘
181,14:45:48,27.98,-0.02,11,30778,卖盘
182,14:45:42,28.0,--,56,156800,买盘
183,14:45:39,28.0,-0.01,257,719600,卖盘
184,14:45:33,28.01,0.01,5,14005,买盘
185,14:45:30,28.0,--,10,28000,卖盘
186,14:45:27,28.0,-0.01,14,39200,卖盘
187,14:45:24,28.01,--,4,11204,买盘
188,14:45:21,28.01,0.01,15,42015,买盘
189,14:45:12,28.0,-0.01,56,156800,卖盘
190,14:45:06,28.01,--,52,145652,卖盘
191,14:45:00,28.01,--,4,11204,卖盘
192,14:44:54,28.01,-0.01,12,33612,卖盘
193,14:44:51,28.02,--,38,106476,卖盘
194,14:44:48,28.02,--,43,120486,卖盘
195,14:44:45,28.02,-0.01,13,36426,卖盘
196,14:44:39,28.03,--,1,2803,买盘
197,14:44:36,28.03,--,33,92499,卖盘
198,14:44:33,28.03,-0.01,5,14015,卖盘
199,14:44:30,28.04,0.01,1,2804,买盘
200,14:44:21,28.03,-0.01,2,5606,中性盘
201,14:44:12,28.04,--,1,2804,买盘
202,14:44:09,28.04,--,13,36452,卖盘
203,14:44:06,28.04,-0.01,1,2804,卖盘
204,14:44:03,28.05,--,14,39270,买盘
205,14:44:00,28.05,--,85,238425,买盘
206,14:43:57,28.05,--,4,11220,卖盘
207,14:43:54,28.05,-0.01,83,232815,卖盘
208,14:43:48,28.06,--,10,28060,买盘
209,14:43:42,28.06,--,24,67344,买盘
210,14:43:39,28.06,0.01,27,75762,买盘
211,14:43:30,28.05,--,3,8415,卖盘
212,14:43:27,28.05,--,23,64515,卖盘
213,14:43:24,28.05,--,29,81345,卖盘
214,14:43:21,28.05,0.04,5,14025,买盘
215,14:43:15,28.01,-0.01,88,246488,卖盘
216,14:43:12,28.02,0.01,1,2802,买盘
217,14:43:09,28.01,--,10,28010,卖盘
218,14:43:03,28.01,--,1,2801,中性盘
219,14:43:00,28.01,0.01,14,39214,买盘
220,14:42:54,28.0,--,6,16800,卖盘
221,14:42:51,28.0,--,10,28000,卖盘
222,14:42:48,28.0,--,1,2800,买盘
223,14:42:45,28.0,--,15,42000,买盘
224,14:42:39,28.0,0.03,118,330400,买盘
225,14:42:36,27.97,-0.03,186,520242,中性盘
226,14:42:27,28.0,0.05,234,655200,买盘
227,14:42:21,27.95,0.01,57,159315,买盘
228,14:42:18,27.94,--,10,27940,买盘
229,14:42:15,27.94,--,2,5588,买盘
230,14:42:12,27.94,0.01,238,664972,买盘
231,14:42:06,27.93,--,159,444142,买盘
232,14:42:03,27.93,--,403,1125579,买盘
233,14:42:00,27.93,0.01,2,5586,买盘
234,14:41:57,27.92,--,5,13960,卖盘
235,14:41:51,27.92,--,216,603072,卖盘
236,14:41:48,27.92,--,15,41880,卖盘
237,14:41:45,27.92,--,47,131224,卖盘
238,14:41:39,27.92,-0.01,3,8376,卖盘
239,14:41:36,27.93,0.01,1,2793,买盘
240,14:41:30,27.92,--,17,47464,买盘
241,14:41:27,27.92,0.01,19,53048,买盘
242,14:41:24,27.91,-0.01,75,209325,卖盘
243,14:41:21,27.92,--,50,139600,买盘
244,14:41:18,27.92,0.01,134,374128,买盘
245,14:41:09,27.91,0.01,7,19537,卖盘
246,14:41:06,27.9,-0.01,50,139500,卖盘
247,14:41:03,27.91,0.01,2,5582,中性盘
248,14:40:57,27.9,--,12,33480,卖盘
249,14:40:54,27.9,-0.01,71,198090,卖盘
250,14:40:51,27.91,0.01,24,66984,买盘
251,14:40:48,27.9,--,9,25110,卖盘
252,14:40:45,27.9,--,6,16740,卖盘
253,14:40:38,27.9,-0.02,6,16740,中性盘
254,14:40:35,27.92,0.02,102,284784,买盘
255,14:40:32,27.9,-0.01,58,161820,卖盘
256,14:40:29,27.91,0.01,2,5582,卖盘
257,14:40:26,27.9,--,8,22320,买盘
258,14:40:20,27.9,--,3,8370,卖盘
259,14:40:17,27.9,0.01,49,136710,买盘
260,14:40:14,27.89,-0.01,163,454607,卖盘
261,14:40:11,27.9,-0.01,3,8370,卖盘
262,14:40:08,27.91,--,260,725660,买盘
263,14:40:05,27.91,0.01,601,1677893,买盘
264,14:40:02,27.9,-0.01,3,8370,卖盘
265,14:39:59,27.91,0.01,15,41865,中性盘
266,14:39:53,27.9,-0.01,385,1074150,卖盘
267,14:39:50,27.91,--,24,66984,卖盘
268,14:39:47,27.91,--,37,103267,卖盘
269,14:39:38,27.91,-0.01,154,429814,卖盘
270,14:39:35,27.92,--,11,30712,卖盘
271,14:39:32,27.92,-0.01,177,494184,卖盘
272,14:39:26,27.93,0.01,3,8379,买盘
273,14:39:23,27.92,-0.01,4,11168,卖盘
274,14:39:20,27.93,--,77,215061,卖盘
275,14:39:17,27.93,--,67,187131,卖盘
276,14:39:11,27.93,--,192,536256,卖盘
277,14:39:08,27.93,--,57,159201,卖盘
278,14:39:05,27.93,-0.01,29,80997,卖盘
279,14:39:02,27.94,0.01,3,8382,买盘
280,14:38:59,27.93,--,7,19551,卖盘
281,14:38:56,27.93,--,1,2793,卖盘
282,14:38:53,27.93,--,110,307230,卖盘
283,14:38:50,27.93,--,2,5586,卖盘
284,14:38:47,27.93,--,10,27930,卖盘
285,14:38:44,27.93,-0.02,60,167580,卖盘
286,14:38:41,27.95,--,21,58695,买盘
287,14:38:38,27.95,--,18,50310,买盘
288,14:38:32,27.95,--,156,436020,买盘
289,14:38:29,27.95,-0.01,252,706631,卖盘
290,14:38:26,27.96,0.01,4,11184,买盘
291,14:38:23,27.95,--,190,531050,卖盘
292,14:38:20,27.95,--,21,58695,卖盘
293,14:38:14,27.95,-0.01,1,2795,卖盘
294,14:38:08,27.96,--,5,13980,卖盘
295,14:38:02,27.96,-0.01,114,318744,卖盘
296,14:37:59,27.97,--,1,2797,买盘
297,14:37:50,27.97,--,56,156632,卖盘
298,14:37:44,27.97,--,7,19579,卖盘
299,14:37:41,27.97,--,100,279700,卖盘
300,14:37:38,27.97,--,34,95098,卖盘
301,14:37:35,27.97,--,27,75519,买盘
302,14:37:32,27.97,--,6,16782,卖盘
303,14:37:26,27.97,0.01,3,8391,中性盘
304,14:37:23,27.96,-0.01,6,16776,卖盘
305,14:37:20,27.97,0.02,54,151038,买盘
306,14:37:17,27.95,-0.02,15,41925,卖盘
307,14:37:14,27.97,--,51,142647,卖盘
308,14:37:11,27.97,--,14,39158,买盘
309,14:37:08,27.97,--,10,27970,买盘
310,14:37:05,27.97,0.02,39,109083,买盘
311,14:37:02,27.95,-0.01,514,1437189,卖盘
312,14:36:53,27.96,-0.01,35,97860,卖盘
313,14:36:50,27.97,--,32,89504,卖盘
314,14:36:47,27.97,--,56,156632,卖盘
315,14:36:44,27.97,-0.01,11,30767,卖盘
316,14:36:41,27.98,0.01,10,27980,买盘
317,14:36:38,27.97,--,43,120271,卖盘
318,14:36:35,27.97,-0.01,40,111880,卖盘
319,14:36:29,27.98,0.01,25,69950,买盘
320,14:36:26,27.97,--,7,19579,卖盘
321,14:36:23,27.97,-0.01,134,374798,卖盘
322,14:36:20,27.98,-0.02,4,11192,卖盘
323,14:36:17,28.0,0.02,21,58800,买盘
324,14:36:14,27.98,-0.01,26,72748,卖盘
325,14:36:11,27.99,0.01,179,501021,买盘
326,14:36:08,27.98,0.01,30,83940,买盘
327,14:36:05,27.97,--,143,399971,卖盘
328,14:36:02,27.97,-0.01,46,128662,卖盘
329,14:35:59,27.98,--,40,111920,卖盘
330,14:35:56,27.98,--,27,75546,卖盘
331,14:35:53,27.98,--,2,5596,卖盘
332,14:35:50,27.98,-0.01,6,16788,卖盘
333,14:35:44,27.99,--,8,22392,卖盘
334,14:35:41,27.99,--,6,16794,卖盘
335,14:35:38,27.99,--,16,44784,卖盘
336,14:35:35,27.99,-0.01,112,313488,卖盘
337,14:35:32,28.0,0.01,46,128800,买盘
338,14:35:29,27.99,-0.01,8,22392,卖盘
339,14:35:26,28.0,0.01,1,2800,买盘
340,14:35:23,27.99,-0.01,1,2799,卖盘
341,14:35:17,28.0,--,22,61600,买盘
342,14:35:14,28.0,0.01,100,280000,买盘
343,14:35:08,27.99,--,36,100764,卖盘
344,14:35:05,27.99,--,1,2799,卖盘
345,14:34:56,27.99,0.01,8,22392,买盘
346,14:34:50,27.98,-0.02,4,11192,卖盘
347,14:34:47,28.0,0.03,4,11200,买盘
348,14:34:44,27.97,-0.01,3,8391,卖盘
349,14:34:41,27.98,--,178,498044,卖盘
350,14:34:35,27.98,-0.02,6,16788,卖盘
351,14:34:29,28.0,0.02,1,2800,买盘
352,14:34:23,27.98,-0.02,1,2798,卖盘
353,14:34:20,28.0,0.01,5,14000,买盘
354,14:34:17,27.99,-0.01,1,2799,中性盘
355,14:34:11,28.0,0.01,23,64400,买盘
356,14:34:05,27.99,--,6,16794,买盘
357,14:34:02,27.99,-0.01,89,249111,卖盘
358,14:33:59,28.0,--,3,8400,买盘
359,14:33:56,28.0,--,1,2800,买盘
360,14:33:50,28.0,--,7,19600,买盘
361,14:33:44,28.0,--,10,28000,买盘
362,14:33:41,28.0,--,8,22400,买盘
363,14:33:38,28.0,0.01,101,282800,买盘
364,14:33:35,27.99,--,3,8397,卖盘
365,14:33:29,27.99,-0.01,30,83970,卖盘
366,14:33:23,28.0,--,100,280000,买盘
367,14:33:17,28.0,0.01,128,358400,买盘
368,14:33:14,27.99,--,11,30789,买盘
369,14:33:11,27.99,0.01,10,27990,买盘
370,14:33:05,27.98,-0.01,1,2798,卖盘
371,14:32:59,27.99,0.02,17,47583,买盘
372,14:32:56,27.97,-0.01,40,111880,卖盘
373,14:32:53,27.98,0.01,11,30778,买盘
374,14:32:50,27.97,--,144,402768,卖盘
375,14:32:47,27.97,-0.01,12,33564,卖盘
376,14:32:44,27.98,0.01,96,268608,买盘
377,14:32:41,27.97,-0.01,55,153835,卖盘
378,14:32:35,27.98,--,10,27980,买盘
379,14:32:32,27.98,--,3,8394,买盘
380,14:32:20,27.98,--,12,33576,买盘
381,14:32:17,27.98,--,10,27980,卖盘
382,14:32:05,27.98,-0.01,2,5596,卖盘
383,14:32:02,27.99,--,3,8397,买盘
384,14:31:53,27.99,0.01,8,22392,买盘
385,14:31:50,27.98,--,1,2798,卖盘
386,14:31:47,27.98,--,155,433690,卖盘
387,14:31:41,27.98,--,5,13990,卖盘
388,14:31:38,27.98,0.02,1,2798,卖盘
389,14:31:35,27.96,-0.01,101,282396,卖盘
390,14:31:32,27.97,-0.01,100,279700,卖盘
391,14:31:29,27.98,--,9,25182,卖盘
392,14:31:26,27.98,--,1,2798,卖盘
393,14:31:23,27.98,--,108,302184,买盘
394,14:31:20,27.98,--,50,139900,卖盘
395,14:31:17,27.98,--,9,25182,卖盘
396,14:31:11,27.98,0.01,10,27980,卖盘
397,14:31:08,27.97,-0.01,250,699250,卖盘
398,14:31:05,27.98,--,5,13990,卖盘
399,14:31:02,27.98,0.01,18,50364,买盘
400,14:30:56,27.97,-0.01,24,67128,卖盘
401,14:30:56,27.98,0.01,137,383326,买盘
402,14:30:50,27.97,-0.01,7,19579,卖盘
403,14:30:44,27.98,--,8,22384,买盘
404,14:30:41,27.98,0.01,25,69950,买盘
405,14:30:35,27.97,--,27,75519,卖盘
406,14:30:32,27.97,-0.01,186,520242,卖盘
407,14:30:26,27.98,--,1,2798,买盘
408,14:30:23,27.98,0.01,13,36374,买盘
409,14:30:20,27.97,--,208,581776,卖盘
410,14:30:14,27.97,-0.01,212,592964,卖盘
411,14:30:11,27.98,--,10,27980,卖盘
412,14:30:02,27.98,--,170,475660,卖盘
413,14:29:59,27.98,-0.01,5,13990,卖盘
414,14:29:56,27.99,0.01,10,27990,买盘
415,14:29:53,27.98,-0.02,200,559600,卖盘
416,14:29:47,28.0,--,50,140000,买盘
417,14:29:44,28.0,--,11,30800,买盘
418,14:29:38,28.0,0.01,60,168000,买盘
419,14:29:35,27.99,--,1,2799,卖盘
420,14:29:32,27.99,-0.01,300,839700,卖盘
421,14:29:29,28.0,--,7,19600,买盘
422,14:29:26,28.0,--,2,5600,买盘
423,14:29:23,28.0,--,10,28000,买盘
424,14:29:20,28.0,--,91,254800,卖盘
425,14:29:17,28.0,--,1,2800,卖盘
426,14:29:14,28.0,-0.01,28,78400,卖盘
427,14:29:05,28.01,0.01,121,338921,买盘
428,14:29:02,28.0,--,7,19600,卖盘
429,14:28:53,28.0,-0.01,142,397600,卖盘
430,14:28:50,28.01,0.01,1,2801,买盘
431,14:28:44,28.0,--,19,53256,买盘
432,14:28:41,28.0,--,6,16800,买盘
433,14:28:38,28.0,--,150,420000,买盘
434,14:28:29,28.0,--,10,30744,卖盘
435,14:28:26,28.0,-0.01,149,417200,卖盘
436,14:28:23,28.01,0.01,7,19607,买盘
437,14:28:20,28.0,--,3,8400,卖盘
438,14:28:17,28.0,--,10,28000,卖盘
439,14:28:14,28.0,-0.01,27,75600,卖盘
440,14:28:11,28.01,0.01,124,347324,买盘
441,14:28:08,28.0,--,56,156800,卖盘
442,14:28:05,28.0,--,14,39200,卖盘
443,14:27:59,28.0,--,14,39256,卖盘
444,14:27:56,28.0,-0.02,6,16800,卖盘
445,14:27:53,28.02,0.02,27,75654,买盘
446,14:27:47,28.0,--,13,36400,卖盘
447,14:27:44,28.0,-0.02,2,5600,卖盘
448,14:27:38,28.02,0.02,107,299814,买盘
449,14:27:35,28.0,--,155,434000,卖盘
450,14:27:29,28.0,-0.01,50,140000,卖盘
451,14:27:26,28.01,-0.01,10,28010,卖盘
452,14:27:23,28.02,0.01,1,2802,中性盘
453,14:27:20,28.01,-0.02,200,560200,卖盘
454,14:27:17,28.03,0.02,10,28030,买盘
455,14:27:14,28.01,-0.03,20,56020,卖盘
456,14:27:11,28.04,0.03,50,140200,买盘
457,14:27:05,28.01,-0.03,14,39214,卖盘
458,14:26:59,28.04,--,19,53276,买盘
459,14:26:53,28.04,-0.01,5,14020,中性盘
460,14:26:50,28.05,0.04,10,28050,买盘
461,14:26:47,28.01,--,1,2801,卖盘
462,14:26:41,28.01,-0.01,77,217833,卖盘
463,14:26:32,28.02,-0.03,6,16812,中性盘
464,14:26:23,28.05,-0.02,7,19635,卖盘
465,14:26:08,28.07,0.01,27,75789,买盘
466,14:26:05,28.06,--,90,252540,卖盘
467,14:25:50,28.06,--,50,140580,卖盘
468,14:25:47,28.06,--,10,28060,卖盘
469,14:25:38,28.06,--,1,2806,卖盘
470,14:25:35,28.06,0.05,52,147595,买盘
471,14:25:29,28.01,-0.04,10,28010,卖盘
472,14:25:26,28.05,0.04,1,4572,买盘
473,14:25:23,28.01,--,11,30811,卖盘
474,14:25:20,28.01,-0.04,93,260493,卖盘
475,14:25:14,28.05,0.04,85,238425,买盘
476,14:25:11,28.01,--,20,56020,卖盘
477,14:25:08,28.01,--,3,8403,卖盘
478,14:25:02,28.01,--,2,5602,卖盘
479,14:24:59,28.01,-0.03,6,16806,卖盘
480,14:24:53,28.04,--,14,39256,买盘
481,14:24:50,28.04,0.03,18,50472,买盘
482,14:24:47,28.01,-0.01,1,2801,卖盘
483,14:24:44,28.02,0.02,5,14010,中性盘
484,14:24:35,28.0,--,5,14000,卖盘
485,14:24:29,28.0,--,20,56000,卖盘
486,14:24:26,28.0,--,20,56000,卖盘
487,14:24:20,28.0,--,9,25200,卖盘
488,14:24:17,28.0,0.01,31,87976,买盘
489,14:24:14,27.99,-0.01,21,58779,卖盘
490,14:24:11,28.0,--,142,397600,买盘
491,14:24:08,28.0,--,10,28000,买盘
492,14:24:05,28.0,-0.02,409,1146824,卖盘
493,14:24:02,28.02,-0.03,10,28020,卖盘
494,14:23:53,28.05,0.03,18,50490,买盘
495,14:23:50,28.02,--,78,218556,卖盘
496,14:23:47,28.02,--,4,11208,卖盘
497,14:23:44,28.02,--,24,67248,卖盘
498,14:23:41,28.02,--,12,33624,卖盘
499,14:23:38,28.02,--,1,2802,卖盘
500,14:23:35,28.02,0.02,22,62372,买盘
501,14:23:32,28.0,--,47,131600,卖盘
502,14:23:29,28.0,--,53,148848,卖盘
503,14:23:26,28.0,--,21,58800,卖盘
504,14:23:20,28.0,--,3,8400,卖盘
505,14:23:11,28.0,-0.01,1,2800,中性盘
506,14:23:08,28.01,0.01,107,300407,买盘
507,14:23:05,28.0,--,14,39200,买盘
508,14:23:02,28.0,0.01,5,14000,中性盘
509,14:22:59,27.99,-0.01,10,27990,卖盘
510,14:22:53,28.0,0.01,5,14000,买盘
511,14:22:50,27.99,--,4,11196,卖盘
512,14:22:47,27.99,--,4,12091,卖盘
513,14:22:38,27.99,--,5,13995,卖盘
514,14:22:35,27.99,--,56,158871,买盘
515,14:22:32,27.99,--,329,920871,卖盘
516,14:22:29,27.99,--,2,5598,卖盘
517,14:22:26,27.99,0.01,1,2799,卖盘
518,14:22:20,27.98,-0.02,717,2006249,卖盘
519,14:22:14,28.0,0.01,18,50400,买盘
520,14:22:11,27.99,-0.01,204,570996,卖盘
521,14:22:08,28.0,0.01,25,70000,买盘
522,14:22:02,27.99,-0.01,2,8229,卖盘
523,14:21:56,28.0,--,91,254800,买盘
524,14:21:50,28.0,0.01,8,22400,买盘
525,14:21:47,27.99,--,130,363870,卖盘
526,14:21:41,27.99,-0.01,15,41985,卖盘
527,14:21:35,28.0,--,57,159600,买盘
528,14:21:29,28.0,--,153,428400,卖盘
529,14:21:26,28.0,--,49,137200,买盘
530,14:21:23,28.0,--,4,11200,买盘
531,14:21:20,28.0,--,219,613200,买盘
532,14:21:17,28.0,--,94,263200,买盘
533,14:21:14,28.0,--,15,42000,买盘
534,14:21:11,28.0,--,68,190400,买盘
535,14:21:08,28.0,--,9,25200,买盘
536,14:21:05,28.0,-0.02,169,473200,卖盘
537,14:20:53,28.02,--,6,16812,买盘
538,14:20:47,28.02,-0.02,84,236404,卖盘
539,14:20:44,28.04,0.01,107,301794,买盘
540,14:20:38,28.03,0.03,61,170983,买盘
541,14:20:32,28.0,--,1,2800,买盘
542,14:20:29,28.0,-0.06,957,2679600,卖盘
543,14:20:26,28.06,0.01,194,544364,买盘
544,14:20:20,28.05,0.02,5,14025,买盘
545,14:20:11,28.03,--,1,2803,卖盘
546,14:20:08,28.03,0.02,9,25227,中性盘
547,14:20:02,28.01,-0.05,20,56020,卖盘
548,14:19:55,28.06,0.04,488,1369328,买盘
549,14:19:52,28.02,--,6,16812,卖盘
550,14:19:49,28.02,-0.03,13,36426,卖盘
551,14:19:40,28.05,-0.01,7,19635,买盘
552,14:19:37,28.06,0.04,51,143106,买盘
553,14:19:31,28.02,--,4,11208,卖盘
554,14:19:28,28.02,-0.03,11,30822,卖盘
555,14:19:22,28.05,-0.01,34,95370,中性盘
556,14:19:19,28.06,0.03,56,157136,买盘
557,14:19:16,28.03,-0.03,14,39242,卖盘
558,14:19:13,28.06,--,7,19642,买盘
559,14:19:10,28.06,--,96,269376,买盘
560,14:19:07,28.06,--,1,2806,买盘
561,14:19:01,28.06,--,5,14030,买盘
562,14:18:58,28.06,--,10,28060,买盘
563,14:18:55,28.06,-0.01,57,159942,卖盘
564,14:18:46,28.07,--,12,33684,卖盘
565,14:18:43,28.07,-0.02,16,44912,卖盘
566,14:18:34,28.09,0.03,2,5618,买盘
567,14:18:25,28.06,--,25,70150,卖盘
568,14:18:16,28.06,0.01,11,30866,中性盘
569,14:18:10,28.05,--,100,280500,卖盘
570,14:18:01,28.05,-0.04,28,78540,卖盘
571,14:17:55,28.09,0.01,12,33708,买盘
572,14:17:52,28.08,0.03,1,2808,中性盘
573,14:17:46,28.05,-0.03,30,84150,卖盘
574,14:17:43,28.08,-0.01,8,22464,卖盘
575,14:17:40,28.09,-0.01,4,11236,中性盘
576,14:17:37,28.1,0.04,53,148930,买盘
577,14:17:34,28.06,-0.03,3,8418,卖盘
578,14:17:31,28.09,0.01,70,196630,买盘
579,14:17:25,28.08,0.02,14,39312,买盘
580,14:17:22,28.06,-0.02,3,8418,卖盘
581,14:17:19,28.08,0.02,11,30887,买盘
582,14:17:16,28.06,--,2,5612,卖盘
583,14:17:10,28.06,-0.02,94,263764,卖盘
584,14:17:07,28.08,--,11,30887,买盘
585,14:17:01,28.08,--,7,19656,卖盘
586,14:16:58,28.08,0.07,3,8424,买盘
587,14:16:52,28.01,-0.04,539,1509739,卖盘
588,14:16:28,28.05,-0.04,15,42075,卖盘
589,14:16:22,28.09,-0.01,15,42135,卖盘
590,14:16:16,28.1,0.01,3,8430,买盘
591,14:16:10,28.09,0.01,20,56180,中性盘
592,14:15:58,28.08,-0.02,80,224640,卖盘
593,14:15:49,28.1,--,20,56200,买盘
594,14:15:46,28.1,--,10,28100,买盘
595,14:15:40,28.1,0.08,56,157360,买盘
596,14:15:34,28.02,-0.06,405,1135650,卖盘
597,14:15:31,28.08,-0.02,500,1404000,卖盘
598,14:15:22,28.1,--,6,16860,买盘
599,14:15:19,28.1,0.01,7,19670,买盘
600,14:15:13,28.09,-0.01,25,70225,卖盘
601,14:15:07,28.1,--,86,241660,买盘
602,14:15:01,28.1,0.01,4,11240,买盘
603,14:14:49,28.09,-0.01,20,56180,卖盘
604,14:14:46,28.1,0.01,20,56200,买盘
605,14:14:43,28.09,-0.01,6,16854,卖盘
606,14:14:37,28.1,--,23,64630,买盘
607,14:14:34,28.1,0.01,13,36530,买盘
608,14:14:28,28.09,-0.01,2,5618,中性盘
609,14:14:10,28.1,--,2,5620,买盘
610,14:14:04,28.1,0.01,17,47770,买盘
611,14:13:52,28.09,--,4,11236,卖盘
612,14:13:49,28.09,0.01,5,14045,中性盘
613,14:13:40,28.08,--,200,561600,卖盘
614,14:13:37,28.08,-0.02,1,2808,卖盘
615,14:13:34,28.1,0.01,53,148930,买盘
616,14:13:13,28.09,0.01,15,42135,中性盘
617,14:13:07,28.08,-0.01,101,283608,卖盘
618,14:13:04,28.09,--,4,11236,买盘
619,14:12:55,28.09,--,2,5618,买盘
620,14:12:49,28.09,--,55,157219,卖盘
621,14:12:43,28.09,--,40,112360,卖盘
622,14:12:37,28.09,--,10,28090,卖盘
623,14:12:34,28.09,--,1,2809,卖盘
624,14:12:31,28.09,--,182,511238,卖盘
625,14:12:28,28.09,--,10,28090,卖盘
626,14:12:25,28.09,--,2,5618,卖盘
627,14:12:22,28.09,--,4,11236,卖盘
628,14:12:16,28.09,-0.01,130,365170,卖盘
629,14:12:13,28.1,--,5,14050,买盘
630,14:12:07,28.1,-0.02,473,1329130,卖盘
631,14:12:04,28.12,--,30,84360,买盘
632,14:11:55,28.12,--,3,9476,卖盘
633,14:11:52,28.12,--,5,14060,卖盘
634,14:11:49,28.12,--,9,27079,买盘
635,14:11:46,28.12,--,3,8436,买盘
636,14:11:40,28.12,--,5,15100,卖盘
637,14:11:37,28.12,-0.01,2,5624,卖盘
638,14:11:34,28.13,--,62,174406,买盘
639,14:11:19,28.13,0.01,17,47821,买盘
640,14:11:16,28.12,--,9,27079,买盘
641,14:11:10,28.12,--,6,16872,卖盘
642,14:11:07,28.12,-0.01,85,239020,卖盘
643,14:11:01,28.13,-0.01,101,284113,卖盘
644,14:10:58,28.14,0.01,28,78792,买盘
645,14:10:55,28.13,-0.01,19,53447,卖盘
646,14:10:52,28.14,0.01,13,36582,买盘
647,14:10:49,28.13,--,30,84390,卖盘
648,14:10:40,28.13,0.01,223,627299,买盘
649,14:10:37,28.12,--,126,354312,卖盘
650,14:10:22,28.12,--,5,14060,卖盘
651,14:10:19,28.12,-0.01,5,14060,卖盘
652,14:10:16,28.13,--,12,33756,卖盘
653,14:10:13,28.13,0.01,136,382568,买盘
654,14:10:04,28.12,--,10,28120,卖盘
655,14:10:01,28.12,--,119,334628,卖盘
656,14:09:55,28.12,-0.01,10,28120,卖盘
657,14:09:43,28.13,--,17,47821,买盘
658,14:09:31,28.13,0.01,2,5626,买盘
659,14:09:28,28.12,-0.01,8,22496,卖盘
660,14:09:22,28.13,--,46,129398,买盘
661,14:09:16,28.13,0.01,47,132211,买盘
662,14:09:10,28.12,--,11,30932,卖盘
663,14:09:07,28.12,-0.01,6,16872,卖盘
664,14:09:04,28.13,0.01,95,267235,中性盘
665,14:08:37,28.12,-0.02,186,523032,卖盘
666,14:08:34,28.14,0.01,10,28140,买盘
667,14:08:28,28.13,0.01,210,590730,买盘
668,14:08:25,28.12,--,10,28120,卖盘
669,14:08:22,28.12,-0.01,1,2812,卖盘
670,14:08:19,28.13,0.01,3,8439,买盘
671,14:08:13,28.12,-0.01,31,87172,卖盘
672,14:08:10,28.13,--,3,8439,买盘
673,14:08:04,28.13,0.01,4,11252,中性盘
674,14:07:49,28.12,--,61,171532,卖盘
675,14:07:46,28.12,-0.02,20,56240,卖盘
676,14:07:43,28.14,--,6,16884,买盘
677,14:07:34,28.14,0.02,57,160398,买盘
678,14:07:31,28.12,--,27,75924,卖盘
679,14:07:19,28.12,-0.01,4,11248,卖盘
680,14:07:16,28.13,--,1,2813,买盘
681,14:07:13,28.13,--,6,16878,买盘
682,14:06:58,28.13,0.01,84,236292,买盘
683,14:06:55,28.12,0.01,62,174344,买盘
684,14:06:46,28.11,-0.01,60,168660,卖盘
685,14:06:43,28.12,--,11,30932,买盘
686,14:06:37,28.12,--,1,2812,买盘
687,14:06:34,28.12,--,1,2812,买盘
688,14:06:16,28.12,--,5,14060,买盘
689,14:06:13,28.12,--,6,16872,买盘
690,14:06:10,28.12,-0.01,7,19684,中性盘
691,14:06:04,28.13,0.01,55,154715,买盘
692,14:06:01,28.12,--,121,340252,买盘
693,14:05:49,28.12,--,67,188404,买盘
694,14:05:46,28.12,--,5,14060,买盘
695,14:05:43,28.12,--,11,30932,买盘
696,14:05:31,28.12,--,17,47804,买盘
697,14:05:25,28.12,0.01,52,146224,买盘
698,14:05:19,28.11,-0.01,101,283911,卖盘
699,14:05:16,28.12,--,5,14060,买盘
700,14:05:13,28.12,--,6,16872,买盘
701,14:05:10,28.12,--,20,56240,买盘
702,14:05:04,28.12,0.01,89,250268,买盘
703,14:04:52,28.11,--,12,33732,卖盘
704,14:04:46,28.11,-0.01,4,11244,卖盘
705,14:04:43,28.12,--,5,14060,买盘
706,14:04:40,28.12,--,128,359936,买盘
707,14:04:31,28.12,--,13,36556,买盘
708,14:04:25,28.12,0.01,14,39368,买盘
709,14:04:16,28.11,-0.01,4,11244,卖盘
710,14:04:13,28.12,--,18,50616,买盘
711,14:04:10,28.12,--,8,22496,买盘
712,14:04:04,28.12,--,36,101232,买盘
713,14:03:58,28.12,0.01,3,8436,买盘
714,14:03:55,28.11,--,5,14055,卖盘
715,14:03:49,28.11,--,10,28110,卖盘
716,14:03:46,28.11,-0.01,15,42165,卖盘
717,14:03:43,28.12,--,7,19684,买盘
718,14:03:34,28.12,--,42,118104,买盘
719,14:03:31,28.12,--,2,5624,买盘
720,14:03:28,28.12,--,5,14060,买盘
721,14:03:25,28.12,--,45,126540,买盘
722,14:03:19,28.12,--,2,5624,买盘
723,14:03:13,28.12,--,55,154660,买盘
724,14:03:10,28.12,--,30,84360,买盘
725,14:03:04,28.12,--,98,275576,买盘
726,14:02:58,28.12,0.01,16,44992,买盘
727,14:02:52,28.11,-0.01,2,5622,卖盘
728,14:02:46,28.12,--,20,56240,买盘
729,14:02:43,28.12,--,131,368372,买盘
730,14:02:40,28.12,-0.01,44,124431,卖盘
731,14:02:34,28.13,0.01,7,19691,买盘
732,14:02:25,28.12,--,5,14060,卖盘
733,14:02:22,28.12,--,5,14060,卖盘
734,14:02:16,28.12,-0.01,102,286824,卖盘
735,14:02:10,28.13,0.01,21,59073,中性盘
736,14:02:07,28.12,--,3,8436,卖盘
737,14:02:04,28.12,--,13,36556,卖盘
738,14:02:01,28.12,-0.01,10,28120,卖盘
739,14:01:58,28.13,--,9,25317,买盘
740,14:01:52,28.13,-0.01,4,11252,买盘
741,14:01:49,28.14,0.01,10,28140,买盘
742,14:01:46,28.13,-0.01,3,8439,卖盘
743,14:01:43,28.14,0.02,5,14070,买盘
744,14:01:40,28.12,-0.01,29,81548,卖盘
745,14:01:34,28.13,--,14,39382,卖盘
746,14:01:34,28.13,--,117,329121,卖盘
747,14:01:28,28.13,-0.01,32,90016,卖盘
748,14:01:25,28.14,0.01,18,50652,买盘
749,14:01:19,28.13,0.01,10,28130,卖盘
750,14:01:16,28.12,-0.02,48,134976,卖盘
751,14:01:13,28.14,0.02,96,270144,买盘
752,14:01:10,28.12,-0.01,35,98420,卖盘
753,14:01:07,28.13,-0.01,127,357251,卖盘
754,14:01:04,28.14,0.01,2,5628,买盘
755,14:00:58,28.13,-0.02,11,30943,卖盘
756,14:00:52,28.15,--,10,28150,买盘
757,14:00:49,28.15,--,1,2815,买盘
758,14:00:46,28.15,--,10,28150,买盘
759,14:00:40,28.15,--,11,30965,买盘
760,14:00:36,28.15,--,66,185790,买盘
761,14:00:27,28.15,0.01,100,281500,买盘
762,14:00:24,28.14,--,63,177282,买盘
763,14:00:21,28.14,-0.01,11,30954,卖盘
764,14:00:18,28.15,--,100,281500,买盘
765,14:00:15,28.15,--,156,439140,买盘
766,14:00:12,28.15,--,9,25335,买盘
767,14:00:06,28.15,0.01,106,298390,买盘
768,14:00:03,28.14,0.02,203,571242,买盘
769,13:59:57,28.12,-0.01,156,438672,卖盘
770,13:59:51,28.13,--,148,418433,买盘
771,13:59:45,28.13,--,45,126585,买盘
772,13:59:39,28.13,--,6,16878,买盘
773,13:59:36,28.13,--,6,16878,买盘
774,13:59:33,28.13,0.01,15,42195,买盘
775,13:59:30,28.12,-0.01,58,163096,卖盘
776,13:59:27,28.13,0.01,1,2813,买盘
777,13:59:21,28.12,--,21,59052,买盘
778,13:59:15,28.12,--,25,70300,买盘
779,13:59:09,28.12,--,6,16872,买盘
780,13:59:06,28.12,--,11,30932,买盘
781,13:59:00,28.12,-0.01,125,351500,卖盘
782,13:58:51,28.13,0.01,84,236292,买盘
783,13:58:45,28.12,-0.01,25,70300,卖盘
784,13:58:39,28.13,--,8,22504,买盘
785,13:58:36,28.13,0.01,6,16878,买盘
786,13:58:27,28.12,-0.01,2,5624,卖盘
787,13:58:21,28.13,--,20,56260,买盘
788,13:58:18,28.13,--,2,5626,买盘
789,13:58:15,28.13,--,11,30943,买盘
790,13:58:12,28.13,--,5,14065,买盘
791,13:58:09,28.13,-0.01,167,470474,卖盘
792,13:58:06,28.14,0.01,6,16884,买盘
793,13:57:51,28.13,--,10,30239,买盘
794,13:57:45,28.13,--,5,14065,买盘
795,13:57:42,28.13,--,10,28130,买盘
796,13:57:39,28.13,--,12,33756,买盘
797,13:57:36,28.13,--,63,177219,买盘
798,13:57:33,28.13,--,4,11252,买盘
799,13:57:30,28.13,--,3,8439,买盘
800,13:57:27,28.13,--,54,151902,买盘
801,13:57:24,28.13,--,12,33756,买盘
802,13:57:21,28.13,--,23,64699,买盘
803,13:57:18,28.13,0.02,13,36569,买盘
804,13:57:15,28.11,-0.01,13,36543,卖盘
805,13:57:12,28.12,-0.01,4,11248,中性盘
806,13:57:09,28.13,--,5,14065,买盘
807,13:57:06,28.13,0.01,12,33756,买盘
808,13:57:00,28.12,--,87,244644,买盘
809,13:56:51,28.12,0.01,93,261516,买盘
810,13:56:39,28.11,--,29,81519,买盘
811,13:56:36,28.11,0.01,11,30921,买盘
812,13:56:18,28.1,-0.02,5,14050,卖盘
813,13:56:15,28.12,--,2,5624,买盘
814,13:56:12,28.12,--,10,28120,买盘
815,13:56:09,28.12,--,11,30932,买盘
816,13:56:03,28.12,0.01,10,28120,买盘
817,13:55:57,28.11,-0.01,5,14055,中性盘
818,13:55:42,28.12,--,6,16872,买盘
819,13:55:39,28.12,--,6,16872,买盘
820,13:55:33,28.12,--,2,5624,买盘
821,13:55:24,28.12,0.01,22,61864,买盘
822,13:55:21,28.11,-0.01,4,13352,卖盘
823,13:55:18,28.12,--,39,109668,买盘
824,13:55:12,28.12,--,8,23199,买盘
825,13:55:06,28.12,0.01,108,303696,买盘
826,13:55:03,28.11,--,100,281100,卖盘
827,13:54:54,28.11,-0.01,35,98385,卖盘
828,13:54:51,28.12,0.01,102,286824,买盘
829,13:54:48,28.11,--,2,5622,卖盘
830,13:54:45,28.11,0.01,25,70275,卖盘
831,13:54:42,28.1,-0.02,1,2810,卖盘
832,13:54:39,28.12,0.01,68,191216,买盘
833,13:54:36,28.11,0.01,17,47787,买盘
834,13:54:30,28.1,--,5,14050,卖盘
835,13:54:24,28.1,--,1,2810,卖盘
836,13:54:21,28.1,--,17,47770,卖盘
837,13:54:09,28.1,-0.02,55,154550,卖盘
838,13:54:03,28.12,0.01,5,14060,买盘
839,13:53:57,28.11,--,3,8433,卖盘
840,13:53:48,28.11,-0.01,31,87141,卖盘
841,13:53:45,28.12,-0.01,21,60458,卖盘
842,13:53:39,28.13,--,5,14065,买盘
843,13:53:36,28.13,0.02,7,21097,买盘
844,13:53:33,28.11,-0.01,71,199581,卖盘
845,13:53:30,28.12,-0.01,10,28120,卖盘
846,13:53:27,28.13,0.01,44,123772,买盘
847,13:53:24,28.12,--,8,22496,卖盘
848,13:53:12,28.12,--,125,351500,卖盘
849,13:53:09,28.12,--,19,53428,卖盘
850,13:53:06,28.12,-0.01,59,165908,卖盘
851,13:53:03,28.13,0.01,4,11252,买盘
852,13:52:57,28.12,--,1,2812,卖盘
853,13:52:54,28.12,-0.01,2,5624,卖盘
854,13:52:51,28.13,--,113,317869,买盘
855,13:52:45,28.13,0.01,8,22504,买盘
856,13:52:42,28.12,-0.01,2,5624,卖盘
857,13:52:39,28.13,--,11,30943,买盘
858,13:52:36,28.13,0.01,6,16878,买盘
859,13:52:30,28.12,--,11,30932,卖盘
860,13:52:27,28.12,--,27,75924,卖盘
861,13:52:24,28.12,--,13,36556,卖盘
862,13:52:21,28.12,-0.01,4,11248,卖盘
863,13:52:18,28.13,--,7,19691,买盘
864,13:52:12,28.13,0.02,15,42195,买盘
865,13:52:09,28.11,-0.02,1,2811,卖盘
866,13:52:03,28.13,--,6,16878,买盘
867,13:52:00,28.13,0.02,28,78764,买盘
868,13:51:54,28.11,-0.02,80,224880,卖盘
869,13:51:51,28.13,--,122,343186,卖盘
870,13:51:48,28.13,-0.01,4,11252,卖盘
871,13:51:42,28.14,--,34,95676,买盘
872,13:51:39,28.14,-0.01,42,118188,卖盘
873,13:51:33,28.15,--,13,36595,买盘
874,13:51:30,28.15,0.01,125,351875,买盘
875,13:51:24,28.14,-0.01,50,140700,卖盘
876,13:51:21,28.15,--,24,67560,买盘
877,13:51:18,28.15,0.01,52,146380,买盘
878,13:51:15,28.14,--,1,2814,卖盘
879,13:51:12,28.14,--,44,123816,卖盘
880,13:51:09,28.14,-0.01,71,199794,卖盘
881,13:51:06,28.15,0.01,233,655895,买盘
882,13:50:54,28.14,0.01,41,115374,买盘
883,13:50:51,28.13,-0.01,13,36569,卖盘
884,13:50:48,28.14,--,33,92862,买盘
885,13:50:45,28.14,--,119,334866,买盘
886,13:50:42,28.14,--,3,8442,买盘
887,13:50:36,28.14,--,5,14070,买盘
888,13:50:33,28.14,0.03,326,917364,买盘
889,13:50:30,28.11,--,1,2811,卖盘
890,13:50:27,28.11,--,87,244557,买盘
891,13:50:15,28.11,--,13,36543,买盘
892,13:50:09,28.11,--,5,14055,买盘
893,13:50:06,28.11,0.01,20,56220,买盘
894,13:50:00,28.1,--,16,44960,卖盘
895,13:49:57,28.1,--,72,202320,买盘
896,13:49:51,28.1,0.01,103,289430,买盘
897,13:49:45,28.09,--,149,419945,卖盘
898,13:49:42,28.09,--,14,39326,卖盘
899,13:49:39,28.09,--,742,2085766,买盘
900,13:49:36,28.09,--,26,73034,买盘
901,13:49:33,28.09,0.01,10,28090,买盘
902,13:49:30,28.08,-0.01,2,5616,卖盘
903,13:49:27,28.09,--,14,39326,买盘
904,13:49:24,28.09,--,34,95506,买盘
905,13:49:21,28.09,--,113,317417,买盘
906,13:49:18,28.09,--,6,16854,买盘
907,13:49:15,28.09,--,7,19663,买盘
908,13:49:09,28.09,0.01,105,294945,买盘
909,13:49:06,28.08,-0.01,10,28080,卖盘
910,13:49:03,28.09,0.01,69,193821,买盘
911,13:49:00,28.08,0.01,39,109512,买盘
912,13:48:57,28.07,--,103,289121,卖盘
913,13:48:54,28.07,--,1,2807,卖盘
914,13:48:51,28.07,--,30,84210,卖盘
915,13:48:42,28.07,-0.01,34,95438,卖盘
916,13:48:36,28.08,--,5,14040,买盘
917,13:48:33,28.08,0.02,7,19656,买盘
918,13:48:30,28.06,--,34,95404,卖盘
919,13:48:27,28.06,--,1,2806,卖盘
920,13:48:21,28.06,0.01,3,8418,买盘
921,13:48:18,28.05,-0.02,3,8415,卖盘
922,13:48:09,28.07,--,11,30877,买盘
923,13:48:06,28.07,--,5,14035,买盘
924,13:48:03,28.07,--,26,72982,买盘
925,13:47:57,28.07,-0.01,43,120701,卖盘
926,13:47:48,28.08,0.01,6,16848,中性盘
927,13:47:45,28.07,-0.01,8,22456,卖盘
928,13:47:39,28.08,-0.01,1,4127,卖盘
929,13:47:36,28.09,0.02,52,147556,买盘
930,13:47:33,28.07,-0.01,3,8421,卖盘
931,13:47:27,28.08,--,5,14040,买盘
932,13:47:24,28.08,0.01,14,39312,买盘
933,13:47:15,28.07,-0.02,1,2807,卖盘
934,13:47:12,28.09,0.01,80,224720,买盘
935,13:47:09,28.08,--,19,53352,买盘
936,13:47:06,28.08,0.01,5,14040,买盘
937,13:47:03,28.07,-0.01,7,19649,中性盘
938,13:46:57,28.08,0.05,41,115128,买盘
939,13:46:51,28.03,--,2,5606,买盘
940,13:46:36,28.03,--,5,14015,买盘
941,13:46:33,28.03,--,8,22424,买盘
942,13:46:27,28.03,--,22,61666,买盘
943,13:46:24,28.03,-0.06,13,36439,卖盘
944,13:46:18,28.09,-0.01,1,2809,中性盘
945,13:46:06,28.1,0.07,5,14050,买盘
946,13:46:03,28.03,--,9,25227,卖盘
947,13:46:00,28.03,-0.04,12,33636,卖盘
948,13:45:51,28.07,0.04,8,22456,中性盘
949,13:45:48,28.03,-0.07,12,33636,卖盘
950,13:45:42,28.1,--,228,640680,卖盘
951,13:45:39,28.1,--,41,115210,卖盘
952,13:45:36,28.1,-0.01,26,73060,卖盘
953,13:45:33,28.11,0.01,63,177093,买盘
954,13:45:24,28.1,--,7,19670,卖盘
955,13:45:21,28.1,-0.01,97,272570,卖盘
956,13:45:15,28.11,0.01,60,168660,卖盘
957,13:45:09,28.1,--,10,28100,卖盘
958,13:45:06,28.1,-0.02,10,28100,卖盘
959,13:45:03,28.12,0.01,32,89984,买盘
960,13:45:00,28.11,--,101,285232,买盘
961,13:44:57,28.11,0.01,9,25299,买盘
962,13:44:54,28.1,--,2,5620,卖盘
963,13:44:48,28.1,-0.01,61,171410,卖盘
964,13:44:45,28.11,0.01,16,44976,买盘
965,13:44:42,28.1,-0.01,400,1124000,卖盘
966,13:44:36,28.11,--,40,112440,买盘
967,13:44:33,28.11,--,27,75897,买盘
968,13:44:30,28.11,--,17,47787,卖盘
969,13:44:24,28.11,-0.01,3,8433,卖盘
970,13:44:21,28.12,0.01,1,2812,买盘
971,13:44:15,28.11,--,4,11244,卖盘
972,13:44:12,28.11,-0.01,2,5622,卖盘
973,13:44:06,28.12,--,5,14060,买盘
974,13:44:00,28.12,0.02,6,16872,买盘
975,13:43:57,28.1,-0.01,128,359680,卖盘
976,13:43:54,28.11,0.01,109,306399,买盘
977,13:43:48,28.1,--,13,36530,卖盘
978,13:43:45,28.1,0.08,464,1305329,买盘
979,13:43:42,28.02,-0.03,75,210150,卖盘
980,13:43:36,28.05,0.03,46,129030,买盘
981,13:43:33,28.02,-0.03,31,86862,卖盘
982,13:43:30,28.05,0.03,14,39270,买盘
983,13:43:09,28.02,-0.03,88,246576,卖盘
984,13:43:06,28.05,--,18,50490,买盘
985,13:43:03,28.05,--,56,157080,买盘
986,13:43:00,28.05,--,214,602990,卖盘
987,13:42:57,28.05,--,30,84150,卖盘
988,13:42:51,28.05,-0.02,98,274890,卖盘
989,13:42:45,28.07,0.02,185,519295,买盘
990,13:42:36,28.05,-0.01,500,1402500,卖盘
991,13:42:33,28.06,-0.01,6,16836,卖盘
992,13:42:30,28.07,0.01,13,36491,买盘
993,13:42:24,28.06,--,1,2806,卖盘
994,13:42:21,28.06,--,14,39284,卖盘
995,13:42:12,28.06,-0.01,10,28060,卖盘
996,13:42:06,28.07,0.01,42,117894,买盘
997,13:42:03,28.06,--,6,16836,卖盘
998,13:41:57,28.06,-0.01,21,58926,卖盘
999,13:41:51,28.07,0.01,3,8421,买盘
1000,13:41:48,28.06,--,10,28060,卖盘
1001,13:41:45,28.06,-0.01,12,33672,卖盘
1002,13:41:39,28.07,0.01,48,134736,买盘
1003,13:41:36,28.06,--,68,190808,买盘
1004,13:41:30,28.06,0.01,6,16836,买盘
1005,13:41:27,28.05,-0.01,25,70125,卖盘
1006,13:41:24,28.06,--,5,14030,买盘
1007,13:41:18,28.06,0.01,11,30866,买盘
1008,13:41:15,28.05,--,1,2805,卖盘
1009,13:41:09,28.05,-0.01,6,16830,卖盘
1010,13:41:03,28.06,--,76,213256,买盘
1011,13:41:00,28.06,--,12,33672,买盘
1012,13:40:57,28.06,--,6,16836,买盘
1013,13:40:51,28.06,0.01,7,19642,买盘
1014,13:40:45,28.05,--,1,2805,卖盘
1015,13:40:42,28.05,--,56,157080,卖盘
1016,13:40:36,28.05,0.03,476,1335993,买盘
1017,13:40:29,28.02,0.02,9,25218,买盘
1018,13:40:26,28.0,-0.02,137,383600,卖盘
1019,13:40:23,28.02,0.02,157,441987,买盘
1020,13:40:17,28.0,--,15,42000,卖盘
1021,13:40:05,28.0,--,120,336000,买盘
1022,13:40:02,28.0,--,39,109200,买盘
1023,13:39:59,28.0,--,6,16800,买盘
1024,13:39:56,28.0,--,6,16800,买盘
1025,13:39:53,28.0,--,87,243600,买盘
1026,13:39:50,28.0,--,121,338800,买盘
1027,13:39:47,28.0,--,169,473200,买盘
1028,13:39:44,28.0,--,11,30800,买盘
1029,13:39:38,28.0,--,80,224000,买盘
1030,13:39:35,28.0,--,23,64400,买盘
1031,13:39:32,28.0,--,40,112000,买盘
1032,13:39:26,28.0,--,17,47600,买盘
1033,13:39:23,28.0,-0.02,324,907200,卖盘
1034,13:39:14,28.02,--,97,271794,买盘
1035,13:39:05,28.02,0.02,110,308220,买盘
1036,13:39:02,28.0,-0.02,2,5600,卖盘
1037,13:38:59,28.02,--,5,14010,买盘
1038,13:38:56,28.02,0.02,13,36426,买盘
1039,13:38:44,28.0,--,4,11200,买盘
1040,13:38:41,28.0,--,12,33600,买盘
1041,13:38:38,28.0,--,170,476000,买盘
1042,13:38:29,28.0,--,5,14000,买盘
1043,13:38:26,28.0,--,6,16800,买盘
1044,13:38:23,28.0,--,87,243600,买盘
1045,13:38:20,28.0,0.01,10,28000,买盘
1046,13:38:17,27.99,-0.01,2,5598,卖盘
1047,13:38:11,28.0,--,3,8400,买盘
1048,13:38:08,28.0,0.01,11,30800,买盘
1049,13:38:05,27.99,-0.01,21,58779,卖盘
1050,13:38:02,28.0,--,20,56000,买盘
1051,13:37:59,28.0,--,5,14000,买盘
1052,13:37:56,28.0,--,156,436800,买盘
1053,13:37:53,28.0,-0.02,35,98000,卖盘
1054,13:37:50,28.02,0.01,1,2802,买盘
1055,13:37:47,28.01,--,51,142851,买盘
1056,13:37:44,28.01,0.01,50,142710,买盘
1057,13:37:38,28.0,--,317,887600,买盘
1058,13:37:35,28.0,--,35,98000,买盘
1059,13:37:32,28.0,--,63,176400,买盘
1060,13:37:29,28.0,--,23,64400,买盘
1061,13:37:26,28.0,--,106,296800,买盘
1062,13:37:23,28.0,--,5,14000,买盘
1063,13:37:20,28.0,0.01,39,109200,买盘
1064,13:37:14,27.99,-0.01,130,363870,卖盘
1065,13:37:11,28.0,--,7,19600,买盘
1066,13:37:08,28.0,--,120,336000,买盘
1067,13:37:02,28.0,--,141,394800,买盘
1068,13:36:56,28.0,--,6,16800,买盘
1069,13:36:53,28.0,0.01,9,25200,买盘
1070,13:36:47,27.99,--,20,55980,卖盘
1071,13:36:44,27.99,-0.01,16,44784,卖盘
1072,13:36:38,28.0,--,7,19600,买盘
1073,13:36:35,28.0,--,116,324800,买盘
1074,13:36:32,28.0,--,15,42000,买盘
1075,13:36:26,28.0,0.01,11,30800,买盘
1076,13:36:20,27.99,--,95,265905,卖盘
1077,13:36:17,27.99,-0.01,11,30789,卖盘
1078,13:36:14,28.0,--,43,120400,买盘
1079,13:36:08,28.0,--,118,330400,买盘
1080,13:35:59,28.0,0.01,8,22400,买盘
1081,13:35:53,27.99,-0.01,155,433845,卖盘
1082,13:35:50,28.0,0.02,4,11200,买盘
1083,13:35:47,27.98,-0.01,1,2798,卖盘
1084,13:35:44,27.99,--,14,39186,买盘
1085,13:35:41,27.99,--,35,97965,买盘
1086,13:35:38,27.99,--,43,120357,买盘
1087,13:35:35,27.99,--,1,2799,买盘
1088,13:35:29,27.99,--,112,313488,买盘
1089,13:35:26,27.99,--,5,13995,买盘
1090,13:35:23,27.99,0.01,531,1486269,买盘
1091,13:35:20,27.98,--,1,2798,买盘
1092,13:35:17,27.98,--,5,13990,买盘
1093,13:35:14,27.98,--,16,44768,买盘
1094,13:35:11,27.98,0.01,220,615560,买盘
1095,13:35:05,27.97,--,128,358016,卖盘
1096,13:35:02,27.97,-0.01,3,8391,卖盘
1097,13:34:56,27.98,--,20,55960,买盘
1098,13:34:53,27.98,--,102,285396,买盘
1099,13:34:50,27.98,-0.01,2,5596,中性盘
1100,13:34:41,27.99,--,206,576594,买盘
1101,13:34:32,27.99,0.02,8,22392,买盘
1102,13:34:29,27.97,--,20,55940,卖盘
1103,13:34:26,27.97,-0.02,2,5594,卖盘
1104,13:34:23,27.99,0.02,14,39186,买盘
1105,13:34:17,27.97,--,10,27970,卖盘
1106,13:34:14,27.97,--,4,11188,卖盘
1107,13:34:11,27.97,--,11,30767,卖盘
1108,13:34:08,27.97,--,52,145444,买盘
1109,13:34:05,27.97,--,9,25173,买盘
1110,13:33:59,27.97,--,10,27970,买盘
1111,13:33:56,27.97,--,19,53143,买盘
1112,13:33:53,27.97,--,7,19579,买盘
1113,13:33:47,27.97,--,172,481084,卖盘
1114,13:33:35,27.97,--,82,229354,卖盘
1115,13:33:32,27.97,--,20,55940,卖盘
1116,13:33:29,27.97,--,49,137053,卖盘
1117,13:33:23,27.97,-0.01,27,75519,卖盘
1118,13:33:20,27.98,--,19,53162,买盘
1119,13:33:14,27.98,--,10,27980,买盘
1120,13:33:11,27.98,-0.01,73,204254,卖盘
1121,13:33:08,27.99,-0.01,31,86769,卖盘
1122,13:32:56,28.0,--,108,302400,买盘
1123,13:32:53,28.0,0.01,11,30800,买盘
1124,13:32:50,27.99,0.01,135,377865,卖盘
1125,13:32:44,27.98,--,12,33576,卖盘
1126,13:32:41,27.98,--,10,27980,卖盘
1127,13:32:38,27.98,--,22,61556,卖盘
1128,13:32:35,27.98,--,181,506438,卖盘
1129,13:32:32,27.98,--,73,204254,卖盘
1130,13:32:26,27.98,-0.01,967,2705666,卖盘
1131,13:32:17,27.99,0.01,11,30789,买盘
1132,13:32:11,27.98,--,10,27980,卖盘
1133,13:32:08,27.98,--,20,55960,卖盘
1134,13:32:05,27.98,--,63,176274,卖盘
1135,13:32:02,27.98,-0.01,1,2798,卖盘
1136,13:31:59,27.99,--,3,8397,买盘
1137,13:31:53,27.99,--,40,111960,买盘
1138,13:31:50,27.99,--,32,89568,卖盘
1139,13:31:47,27.99,-0.01,3,8397,卖盘
1140,13:31:44,28.0,--,2,5600,买盘
1141,13:31:41,28.0,0.02,20,56000,买盘
1142,13:31:35,27.98,-0.02,10,27980,卖盘
1143,13:31:32,28.0,--,60,168000,买盘
1144,13:31:29,28.0,--,5,14000,买盘
1145,13:31:23,28.0,--,14,39200,买盘
1146,13:31:17,28.0,-0.01,82,229600,卖盘
1147,13:31:14,28.01,--,77,215677,卖盘
1148,13:31:11,28.01,--,5,14005,卖盘
1149,13:31:08,28.01,--,39,109239,卖盘
1150,13:31:02,28.01,--,13,36413,卖盘
1151,13:30:59,28.01,0.03,47,131647,买盘
1152,13:30:53,27.98,-0.03,34,95132,卖盘
1153,13:30:50,28.01,0.03,6,16806,买盘
1154,13:30:47,27.98,-0.02,16,44768,卖盘
1155,13:30:44,28.0,0.02,2,5600,中性盘
1156,13:30:41,27.98,--,16,44768,卖盘
1157,13:30:35,27.98,--,10,27980,卖盘
1158,13:30:29,27.98,--,48,134304,卖盘
1159,13:30:26,27.98,--,53,148294,买盘
1160,13:30:23,27.98,--,13,36374,买盘
1161,13:30:17,27.98,-0.04,444,1242312,卖盘
1162,13:30:08,28.02,0.04,297,832194,买盘
1163,13:30:02,27.98,-0.05,631,1765538,卖盘
1164,13:29:59,28.03,--,98,274694,买盘
1165,13:29:56,28.03,--,49,137347,买盘
1166,13:29:53,28.03,0.02,47,131741,买盘
1167,13:29:50,28.01,--,6,16806,买盘
1168,13:29:47,28.01,--,4046,11335534,买盘
1169,13:29:41,28.01,--,171,478971,买盘
1170,13:29:35,28.01,--,1,2801,买盘
1171,13:29:32,28.01,0.01,403,1128803,买盘
1172,13:29:29,28.0,-0.01,157,439600,卖盘
1173,13:29:26,28.01,--,141,394941,买盘
1174,13:29:23,28.01,--,7,19607,买盘
1175,13:29:20,28.01,--,16,44816,买盘
1176,13:29:17,28.01,--,4,11204,买盘
1177,13:29:14,28.01,--,49,137249,买盘
1178,13:29:08,28.01,--,21,58821,买盘
1179,13:29:05,28.01,--,157,440457,卖盘
1180,13:28:59,28.01,--,24,67224,卖盘
1181,13:28:53,28.01,-0.02,5,14005,卖盘
1182,13:28:50,28.03,0.02,11,30833,买盘
1183,13:28:47,28.01,--,216,605016,卖盘
1184,13:28:41,28.01,--,101,282901,卖盘
1185,13:28:32,28.01,--,55,154055,卖盘
1186,13:28:29,28.01,--,1,2801,卖盘
1187,13:28:26,28.01,-0.02,411,1151211,卖盘
1188,13:28:23,28.03,--,5,14015,买盘
1189,13:28:20,28.03,--,7,19621,买盘
1190,13:28:17,28.03,--,46,128938,卖盘
1191,13:28:11,28.03,-0.01,10,28030,卖盘
1192,13:28:05,28.04,--,13,36452,买盘
1193,13:28:02,28.04,0.01,17,47668,买盘
1194,13:27:59,28.03,-0.01,2,5606,卖盘
1195,13:27:50,28.04,-0.01,79,221516,卖盘
1196,13:27:47,28.05,0.01,6,16830,买盘
1197,13:27:44,28.04,--,40,112160,卖盘
1198,13:27:41,28.04,-0.01,1,2804,卖盘
1199,13:27:35,28.05,--,20,56100,买盘
1200,13:27:32,28.05,-0.01,12,35062,卖盘
1201,13:27:29,28.06,0.01,44,123464,买盘
1202,13:27:26,28.05,-0.01,21,58905,卖盘
1203,13:27:20,28.06,0.01,11,30866,买盘
1204,13:27:17,28.05,-0.01,3,8415,卖盘
1205,13:27:08,28.06,0.01,4,11224,买盘
1206,13:27:05,28.05,--,1,2805,卖盘
1207,13:27:02,28.05,--,40,112200,卖盘
1208,13:26:59,28.05,-0.01,3,8415,卖盘
1209,13:26:56,28.06,--,83,232898,买盘
1210,13:26:53,28.06,--,6,16836,买盘
1211,13:26:50,28.06,0.01,7,19642,中性盘
1212,13:26:41,28.05,-0.01,38,107992,卖盘
1213,13:26:35,28.06,--,5,14030,卖盘
1214,13:26:26,28.06,0.01,6,16836,中性盘
1215,13:26:23,28.05,-0.03,3,8415,卖盘
1216,13:26:20,28.08,0.02,11,30887,买盘
1217,13:26:17,28.06,--,4,12627,卖盘
1218,13:26:11,28.06,--,16,46299,买盘
1219,13:26:05,28.06,-0.02,26,74359,卖盘
1220,13:26:02,28.08,--,13,36504,买盘
1221,13:25:53,28.08,0.02,22,61775,买盘
1222,13:25:38,28.06,--,12,33672,卖盘
1223,13:25:32,28.06,--,28,80672,卖盘
1224,13:25:29,28.06,--,2,5612,卖盘
1225,13:25:26,28.06,--,1,4910,买盘
1226,13:25:23,28.06,-0.03,103,289719,卖盘
1227,13:25:20,28.09,0.03,45,126405,买盘
1228,13:25:17,28.06,--,3,8418,卖盘
1229,13:25:11,28.06,--,9,27358,卖盘
1230,13:25:08,28.06,--,26,72956,卖盘
1231,13:25:02,28.06,--,11,30866,卖盘
1232,13:24:59,28.06,0.02,56,157136,买盘
1233,13:24:53,28.04,-0.01,11,30844,卖盘
1234,13:24:50,28.05,0.02,6,16830,买盘
1235,13:24:47,28.03,--,1,2803,卖盘
1236,13:24:38,28.03,--,12,33636,卖盘
1237,13:24:32,28.03,0.01,6,16818,中性盘
1238,13:24:29,28.02,-0.01,49,137298,卖盘
1239,13:24:23,28.03,-0.02,13,36439,卖盘
1240,13:24:20,28.05,--,5,14025,买盘
1241,13:24:17,28.05,0.01,6,16830,买盘
1242,13:24:08,28.04,--,36,100944,买盘
1243,13:24:02,28.04,--,35,98140,卖盘
1244,13:23:59,28.04,--,3,8412,卖盘
1245,13:23:53,28.04,-0.01,2,5608,卖盘
1246,13:23:50,28.05,0.01,13,36465,买盘
1247,13:23:44,28.04,--,10,28040,卖盘
1248,13:23:38,28.04,--,31,86924,卖盘
1249,13:23:35,28.04,-0.01,1,2804,卖盘
1250,13:23:32,28.05,0.01,13,36465,买盘
1251,13:23:26,28.04,-0.01,7,19628,卖盘
1252,13:23:20,28.05,0.01,11,30855,买盘
1253,13:23:11,28.04,0.02,2,5608,卖盘
1254,13:23:05,28.02,-0.02,100,280200,卖盘
1255,13:22:59,28.04,0.02,14,40658,买盘
1256,13:22:56,28.02,--,3,9106,卖盘
1257,13:22:50,28.02,--,2,5604,卖盘
1258,13:22:47,28.02,--,31,86862,卖盘
1259,13:22:44,28.02,--,20,56040,卖盘
1260,13:22:41,28.02,--,2,5604,卖盘
1261,13:22:38,28.02,--,5,14010,卖盘
1262,13:22:29,28.02,--,2,5604,卖盘
1263,13:22:23,28.02,-0.01,20,56124,卖盘
1264,13:22:20,28.03,0.01,31,87593,买盘
1265,13:22:17,28.02,-0.01,23,65146,卖盘
1266,13:22:05,28.03,--,1,2803,买盘
1267,13:22:02,28.03,0.01,3,8409,买盘
1268,13:21:59,28.02,--,7,19614,卖盘
1269,13:21:53,28.02,--,35,98070,卖盘
1270,13:21:47,28.02,-0.01,34,96669,卖盘
1271,13:21:32,28.03,--,2,5606,买盘
1272,13:21:29,28.03,0.01,2,5606,中性盘
1273,13:21:20,28.02,-0.03,62,173724,卖盘
1274,13:21:17,28.05,0.02,47,131835,买盘
1275,13:21:08,28.03,--,26,72878,中性盘
1276,13:21:02,28.03,-0.03,9,25227,卖盘
1277,13:20:53,28.06,--,74,207644,买盘
1278,13:20:44,28.06,0.04,11,30866,买盘
1279,13:20:41,28.02,--,12,33624,卖盘
1280,13:20:35,28.02,-0.04,2,5604,卖盘
1281,13:20:23,28.06,--,11,30866,买盘
1282,13:20:20,28.06,--,5,14030,买盘
1283,13:20:17,28.06,0.02,11,30866,买盘
1284,13:20:11,28.04,-0.02,45,126180,卖盘
1285,13:20:08,28.06,0.02,13,36478,买盘
1286,13:20:05,28.04,-0.03,16,44864,卖盘
1287,13:20:02,28.07,0.01,3,8421,买盘
1288,13:19:59,28.06,--,1,2806,买盘
1289,13:19:56,28.06,--,1,2806,买盘
1290,13:19:50,28.06,-0.01,12,33672,卖盘
1291,13:19:44,28.07,--,11,30877,买盘
1292,13:19:28,28.07,0.06,22,61754,买盘
1293,13:19:22,28.01,-0.06,65,182065,卖盘
1294,13:19:19,28.07,--,9,25263,买盘
1295,13:19:16,28.07,-0.03,108,303156,卖盘
1296,13:19:13,28.1,--,11,30910,买盘
1297,13:19:10,28.1,0.03,118,331580,买盘
1298,13:19:07,28.07,-0.01,25,70175,卖盘
1299,13:19:04,28.08,--,57,160056,卖盘
1300,13:19:01,28.08,-0.02,114,320112,卖盘
1301,13:18:58,28.1,--,15,42150,买盘
1302,13:18:55,28.1,-0.02,9,25290,卖盘
1303,13:18:52,28.12,0.02,84,236208,买盘
1304,13:18:49,28.1,0.02,5,14050,中性盘
1305,13:18:46,28.08,--,98,275184,卖盘
1306,13:18:43,28.08,--,4,11232,卖盘
1307,13:18:40,28.08,-0.02,1,2808,卖盘
1308,13:18:34,28.1,0.1,18,50580,买盘
1309,13:18:31,28.0,-0.08,1384,3875200,卖盘
1310,13:18:28,28.08,-0.02,12,33696,卖盘
1311,13:18:22,28.1,0.02,11,30910,买盘
1312,13:18:19,28.08,--,6,16848,卖盘
1313,13:18:16,28.08,-0.02,6,16848,卖盘
1314,13:18:13,28.1,0.02,11,30910,买盘
1315,13:18:10,28.08,-0.02,23,64583,卖盘
1316,13:18:04,28.1,--,1,2810,买盘
1317,13:18:01,28.1,--,10,28100,买盘
1318,13:17:55,28.1,--,1,2810,买盘
1319,13:17:52,28.1,--,22,61820,卖盘
1320,13:17:49,28.1,-0.02,3,8430,卖盘
1321,13:17:46,28.12,--,10,28120,买盘
1322,13:17:43,28.12,--,7,19684,买盘
1323,13:17:40,28.12,--,6,16872,买盘
1324,13:17:37,28.12,-0.02,1,2812,买盘
1325,13:17:31,28.14,0.06,122,343308,买盘
1326,13:17:25,28.08,-0.04,13,36504,卖盘
1327,13:17:22,28.12,--,1,2812,卖盘
1328,13:17:19,28.12,0.02,8,23480,买盘
1329,13:17:16,28.1,--,34,95540,卖盘
1330,13:17:13,28.1,-0.02,18,50580,卖盘
1331,13:17:10,28.12,0.02,519,1459428,买盘
1332,13:17:01,28.1,0.04,36,101160,买盘
1333,13:16:58,28.06,0.05,4,11224,中性盘
1334,13:16:55,28.01,-0.08,737,2064337,卖盘
1335,13:16:52,28.09,--,8,22472,卖盘
1336,13:16:49,28.09,0.02,74,210506,买盘
1337,13:16:43,28.07,--,23,64561,卖盘
1338,13:16:34,28.07,--,103,289121,卖盘
1339,13:16:28,28.07,-0.01,18,50526,卖盘
1340,13:16:25,28.08,0.02,10,28080,买盘
1341,13:16:22,28.06,-0.02,105,294630,卖盘
1342,13:16:10,28.08,0.01,26,73008,买盘
1343,13:16:04,28.07,0.01,11,30877,买盘
1344,13:16:01,28.06,-0.01,7,19642,卖盘
1345,13:15:55,28.07,--,14,39298,买盘
1346,13:15:49,28.07,--,11,30877,买盘
1347,13:15:43,28.07,--,17,47719,买盘
1348,13:15:40,28.07,--,35,98245,买盘
1349,13:15:31,28.07,-0.01,45,126511,卖盘
1350,13:15:25,28.08,--,5,16651,买盘
1351,13:15:22,28.08,0.01,20,56160,买盘
1352,13:15:16,28.07,-0.01,18,50526,卖盘
1353,13:15:04,28.08,--,37,103896,买盘
1354,13:14:52,28.08,--,80,224640,买盘
1355,13:14:49,28.08,--,20,56160,买盘
1356,13:14:43,28.08,--,6,16848,买盘
1357,13:14:40,28.08,0.01,5,14040,买盘
1358,13:14:34,28.07,--,8,22456,买盘
1359,13:14:28,28.07,0.01,2,5614,买盘
1360,13:14:25,28.06,--,3,8418,卖盘
1361,13:14:22,28.06,-0.02,7,19642,卖盘
1362,13:14:13,28.08,--,7,19656,买盘
1363,13:14:10,28.08,0.01,30,84240,买盘
1364,13:14:07,28.07,-0.01,40,112280,卖盘
1365,13:14:04,28.08,0.01,5,14040,买盘
1366,13:13:58,28.07,--,17,47719,卖盘
1367,13:13:55,28.07,-0.01,156,439997,卖盘
1368,13:13:52,28.08,-0.01,5,14040,卖盘
1369,13:13:43,28.09,--,5,14045,买盘
1370,13:13:40,28.09,0.02,11,30899,买盘
1371,13:13:37,28.07,-0.02,19,55438,卖盘
1372,13:13:22,28.09,0.02,9,25281,买盘
1373,13:13:13,28.07,-0.02,1,2807,卖盘
1374,13:13:10,28.09,--,13,36517,买盘
1375,13:13:07,28.09,0.03,14,39326,买盘
1376,13:12:49,28.06,--,2,5612,卖盘
1377,13:12:43,28.06,--,7,19642,卖盘
1378,13:12:40,28.06,-0.03,4,11224,卖盘
1379,13:12:37,28.09,--,11,30899,买盘
1380,13:12:25,28.09,0.03,42,117978,买盘
1381,13:12:22,28.06,--,2,5612,买盘
1382,13:12:19,28.06,--,3,8418,买盘
1383,13:12:10,28.06,--,7,19642,买盘
1384,13:12:07,28.06,0.01,11,30866,买盘
1385,13:12:04,28.05,--,8,22440,卖盘
1386,13:12:01,28.05,--,5,14025,卖盘
1387,13:11:58,28.05,--,1,2805,卖盘
1388,13:11:49,28.05,0.01,12,33660,买盘
1389,13:11:46,28.04,--,4,11216,卖盘
1390,13:11:37,28.04,-0.01,26,72904,卖盘
1391,13:11:28,28.05,-0.01,3,8415,中性盘
1392,13:11:19,28.06,--,4,11224,买盘
1393,13:11:16,28.06,--,5,14030,买盘
1394,13:11:13,28.06,0.02,385,1080310,买盘
1395,13:11:10,28.04,-0.04,5,14020,卖盘
1396,13:11:07,28.08,0.02,13,36504,买盘
1397,13:11:04,28.06,0.01,1,2806,卖盘
1398,13:11:01,28.05,0.02,40,112564,买盘
1399,13:10:58,28.03,--,53,151165,卖盘
1400,13:10:49,28.03,0.01,220,616660,买盘
1401,13:10:46,28.02,0.02,1,2802,中性盘
1402,13:10:43,28.0,-0.02,4139,11589900,卖盘
1403,13:10:40,28.02,--,27,75654,买盘
1404,13:10:37,28.02,--,23,64446,买盘
1405,13:10:31,28.02,0.01,11,30822,买盘
1406,13:10:28,28.01,-0.01,32,89632,卖盘
1407,13:10:25,28.02,0.01,7,19614,买盘
1408,13:10:22,28.01,-0.01,133,372533,卖盘
1409,13:10:19,28.02,--,39,109278,买盘
1410,13:10:16,28.02,--,41,114882,买盘
1411,13:10:13,28.02,0.01,23,64446,买盘
1412,13:10:10,28.01,-0.01,1,2801,卖盘
1413,13:10:07,28.02,--,11,30822,买盘
1414,13:10:04,28.02,--,11,30822,买盘
1415,13:09:58,28.02,-0.01,180,504360,卖盘
1416,13:09:52,28.03,0.01,1,2803,买盘
1417,13:09:46,28.02,-0.01,3,8406,卖盘
1418,13:09:43,28.03,--,25,70075,卖盘
1419,13:09:40,28.03,--,1,2803,卖盘
1420,13:09:37,28.03,-0.01,28,78484,卖盘
1421,13:09:31,28.04,0.01,10,28040,买盘
1422,13:09:28,28.03,--,84,235452,卖盘
1423,13:09:22,28.03,-0.01,69,193407,卖盘
1424,13:09:19,28.04,0.01,14,39256,买盘
1425,13:09:16,28.03,--,1,2803,卖盘
1426,13:09:10,28.03,--,40,112120,卖盘
1427,13:09:07,28.03,-0.01,64,179392,卖盘
1428,13:09:04,28.04,--,23,64492,买盘
1429,13:09:01,28.04,--,1,2804,买盘
1430,13:08:52,28.04,--,10,28040,买盘
1431,13:08:43,28.04,--,10,28040,买盘
1432,13:08:40,28.04,-0.01,87,246051,卖盘
1433,13:08:37,28.05,-0.01,26,72930,卖盘
1434,13:08:34,28.06,--,105,294630,买盘
1435,13:08:25,28.06,--,614,1722884,卖盘
1436,13:08:22,28.06,--,67,188002,卖盘
1437,13:08:19,28.06,-0.02,439,1231834,卖盘
1438,13:08:13,28.08,0.01,2,5616,买盘
1439,13:08:10,28.07,-0.01,1,2807,买盘
1440,13:08:01,28.08,0.02,41,115128,买盘
1441,13:07:58,28.06,--,10,28060,卖盘
1442,13:07:55,28.06,-0.01,10,28060,卖盘
1443,13:07:46,28.07,--,9,25263,买盘
1444,13:07:34,28.07,0.01,11,30877,买盘
1445,13:07:31,28.06,--,15,42090,卖盘
1446,13:07:28,28.06,--,62,176076,买盘
1447,13:07:01,28.06,0.02,11,30866,买盘
1448,13:06:55,28.04,--,22,63090,买盘
1449,13:06:52,28.04,--,1,2804,买盘
1450,13:06:49,28.04,--,1,2804,买盘
1451,13:06:46,28.04,0.01,1,2804,买盘
1452,13:06:43,28.03,--,13,36439,卖盘
1453,13:06:37,28.03,-0.02,102,285906,卖盘
1454,13:06:31,28.05,0.01,26,72930,买盘
1455,13:06:25,28.04,0.01,11,33283,买盘
1456,13:06:22,28.03,-0.01,42,117726,卖盘
1457,13:06:19,28.04,0.01,53,148612,买盘
1458,13:06:13,28.03,-0.01,4,11212,卖盘
1459,13:06:10,28.04,--,6,16824,卖盘
1460,13:06:07,28.04,--,10,28040,买盘
1461,13:06:01,28.04,--,16,44864,买盘
1462,13:05:55,28.04,--,10,28040,买盘
1463,13:05:49,28.04,0.01,61,171044,买盘
1464,13:05:46,28.03,-0.01,4,11212,卖盘
1465,13:05:43,28.04,0.01,1,2804,买盘
1466,13:05:37,28.03,-0.01,1,2803,卖盘
1467,13:05:34,28.04,0.01,34,95336,买盘
1468,13:05:28,28.03,--,22,61666,卖盘
1469,13:05:25,28.03,-0.01,9,25227,卖盘
1470,13:05:22,28.04,-0.02,5,14020,中性盘
1471,13:05:19,28.06,0.03,19,53314,买盘
1472,13:05:16,28.03,-0.02,4,11212,卖盘
1473,13:05:13,28.05,0.02,19,53295,中性盘
1474,13:05:04,28.03,-0.03,18,50454,卖盘
1475,13:05:01,28.06,0.01,11,30866,买盘
1476,13:04:58,28.05,--,99,277695,卖盘
1477,13:04:55,28.05,--,56,157416,卖盘
1478,13:04:46,28.05,--,3,8415,卖盘
1479,13:04:43,28.05,--,2,5610,卖盘
1480,13:04:37,28.05,--,7,19635,买盘
1481,13:04:31,28.05,--,148,415140,买盘
1482,13:04:19,28.05,--,1,2805,买盘
1483,13:04:07,28.05,--,40,112200,买盘
1484,13:04:04,28.05,-0.01,88,246840,卖盘
1485,13:03:58,28.06,--,11,30866,买盘
1486,13:03:52,28.06,--,11,30866,买盘
1487,13:03:49,28.06,-0.01,93,260958,卖盘
1488,13:03:46,28.07,--,1,2807,卖盘
1489,13:03:34,28.07,--,67,188069,卖盘
1490,13:03:31,28.07,-0.01,42,117894,卖盘
1491,13:03:25,28.08,0.01,11,30887,买盘
1492,13:03:22,28.07,0.01,3,8421,中性盘
1493,13:03:19,28.06,-0.01,100,280600,卖盘
1494,13:03:10,28.07,-0.01,22,61754,卖盘
1495,13:03:04,28.08,--,5,14040,买盘
1496,13:02:58,28.08,--,11,30887,买盘
1497,13:02:55,28.08,-0.01,178,499823,卖盘
1498,13:02:52,28.09,-0.01,5,14045,卖盘
1499,13:02:49,28.1,0.01,44,123640,买盘
1500,13:02:46,28.09,--,47,132023,卖盘
1501,13:02:43,28.09,-0.01,3,8427,卖盘
1502,13:02:34,28.1,--,101,283810,买盘
1503,13:02:25,28.1,--,190,535726,卖盘
1504,13:02:22,28.1,-0.01,224,629440,卖盘
1505,13:02:07,28.11,0.01,21,59031,买盘
1506,13:02:04,28.1,-0.01,3,8430,卖盘
1507,13:02:01,28.11,--,50,140550,卖盘
1508,13:01:58,28.11,--,10,28110,卖盘
1509,13:01:55,28.11,--,30,84330,卖盘
1510,13:01:52,28.11,--,24,67464,卖盘
1511,13:01:49,28.11,--,6,16866,卖盘
1512,13:01:46,28.11,--,12,33732,卖盘
1513,13:01:43,28.11,--,24,67464,卖盘
1514,13:01:40,28.11,--,6,16866,卖盘
1515,13:01:37,28.11,--,44,123684,卖盘
1516,13:01:34,28.11,--,6,16866,卖盘
1517,13:01:28,28.11,--,17,47787,卖盘
1518,13:01:25,28.11,-0.01,9,25299,卖盘
1519,13:01:22,28.12,0.01,5,14060,买盘
1520,13:01:16,28.11,--,20,56220,卖盘
1521,13:01:13,28.11,--,17,47787,卖盘
1522,13:01:10,28.11,--,6,16866,卖盘
1523,13:01:04,28.11,--,6,16866,卖盘
1524,13:00:58,28.11,-0.01,2,5622,卖盘
1525,13:00:55,28.12,--,11,30932,买盘
1526,13:00:49,28.12,--,112,314944,卖盘
1527,13:00:46,28.12,--,41,115292,卖盘
1528,13:00:31,28.12,-0.01,3,8436,卖盘
1529,13:00:28,28.13,--,121,340373,买盘
1530,13:00:25,28.13,--,11,30943,买盘
1531,13:00:16,28.13,--,3,8439,买盘
1532,13:00:10,28.13,--,14,39382,买盘
1533,13:00:07,28.13,-0.02,74,208162,中性盘
1534,13:00:04,28.15,--,112,315280,买盘
1535,13:00:01,28.15,-0.01,114,320910,卖盘
1536,11:29:56,28.16,--,35,98560,买盘
1537,11:29:53,28.16,--,6,16896,买盘
1538,11:29:50,28.16,--,3,8448,买盘
1539,11:29:38,28.16,0.01,86,242176,买盘
1540,11:29:32,28.15,--,10,28150,买盘
1541,11:29:29,28.15,--,6,16890,买盘
1542,11:29:23,28.15,--,11,30965,买盘
1543,11:29:14,28.15,0.03,8,22520,买盘
1544,11:29:08,28.12,-0.02,5,14060,卖盘
1545,11:29:05,28.14,-0.01,1,2814,中性盘
1546,11:28:56,28.15,--,78,219570,买盘
1547,11:28:50,28.15,0.01,6,16890,买盘
1548,11:28:47,28.14,--,3,8442,买盘
1549,11:28:44,28.14,-0.01,19,53466,卖盘
1550,11:28:38,28.15,--,3,8445,买盘
1551,11:28:32,28.15,0.01,6,16890,买盘
1552,11:28:29,28.14,-0.02,6,16884,卖盘
1553,11:28:26,28.16,0.01,6,16896,买盘
1554,11:28:23,28.15,--,3,8445,买盘
1555,11:28:20,28.15,0.01,104,292760,买盘
1556,11:28:17,28.14,0.02,107,301098,买盘
1557,11:28:14,28.12,-0.02,9,25308,卖盘
1558,11:28:08,28.14,--,2,5628,买盘
1559,11:28:05,28.14,0.02,7,19698,买盘
1560,11:28:02,28.12,-0.01,7,19684,卖盘
1561,11:27:59,28.13,-0.01,3,8439,中性盘
1562,11:27:53,28.14,--,14,39396,买盘
1563,11:27:47,28.14,--,3,8442,买盘
1564,11:27:44,28.14,--,3,8442,买盘
1565,11:27:38,28.14,0.03,3,8442,买盘
1566,11:27:32,28.11,-0.03,4,11244,卖盘
1567,11:27:26,28.14,--,18,50652,买盘
1568,11:27:23,28.14,--,3,8442,买盘
1569,11:27:20,28.14,-0.01,9,25326,中性盘
1570,11:27:17,28.15,0.05,3,8445,买盘
1571,11:27:11,28.1,-0.05,400,1124000,卖盘
1572,11:27:08,28.15,--,3,8445,买盘
1573,11:27:05,28.15,0.01,108,304020,买盘
1574,11:27:02,28.14,-0.01,1,2814,卖盘
1575,11:26:59,28.15,--,3,8445,买盘
1576,11:26:56,28.15,--,72,202680,买盘
1577,11:26:53,28.15,--,232,653080,买盘
1578,11:26:50,28.15,0.01,3,8445,买盘
1579,11:26:44,28.14,-0.01,10,28140,卖盘
1580,11:26:41,28.15,--,3,8445,买盘
1581,11:26:38,28.15,0.01,8,22520,买盘
1582,11:26:35,28.14,-0.01,3,8442,卖盘
1583,11:26:32,28.15,0.01,3,8445,买盘
1584,11:26:29,28.14,-0.01,46,130428,卖盘
1585,11:26:26,28.15,--,1,2815,买盘
1586,11:26:23,28.15,--,5,14075,买盘
1587,11:26:20,28.15,0.03,128,360320,买盘
1588,11:26:14,28.12,-0.02,42,118104,卖盘
1589,11:26:11,28.14,-0.01,7,19698,中性盘
1590,11:26:08,28.15,0.01,9,25335,买盘
1591,11:26:05,28.14,--,3,8442,买盘
1592,11:25:59,28.14,-0.01,3,8442,中性盘
1593,11:25:56,28.15,--,8,22520,买盘
1594,11:25:50,28.15,--,9,25335,买盘
1595,11:25:44,28.15,--,3,8445,买盘
1596,11:25:38,28.15,--,3,8445,买盘
1597,11:25:32,28.15,--,3,8445,买盘
1598,11:25:29,28.15,--,8,22520,买盘
1599,11:25:23,28.15,--,8,22520,买盘
1600,11:25:20,28.15,--,12,33780,买盘
1601,11:25:17,28.15,--,3,8445,买盘
1602,11:25:14,28.15,--,3,8445,买盘
1603,11:25:11,28.15,-0.01,40,112768,卖盘
1604,11:25:08,28.16,0.01,3,8448,买盘
1605,11:25:05,28.15,--,7,19705,卖盘
1606,11:25:02,28.15,--,8,22520,卖盘
1607,11:24:56,28.15,-0.01,3,8445,卖盘
1608,11:24:53,28.16,0.02,52,149079,买盘
1609,11:24:50,28.14,--,63,177282,买盘
1610,11:24:44,28.14,0.02,24,67536,买盘
1611,11:24:41,28.12,-0.02,11,30932,卖盘
1612,11:24:35,28.14,--,3,8442,买盘
1613,11:24:29,28.14,0.03,1,2814,买盘
1614,11:24:26,28.11,--,98,275478,卖盘
1615,11:24:20,28.11,-0.01,12,33732,卖盘
1616,11:24:17,28.12,-0.01,3,8436,中性盘
1617,11:24:14,28.13,--,3,8439,买盘
1618,11:24:11,28.13,0.02,4,11252,买盘
1619,11:24:08,28.11,-0.01,21,59031,卖盘
1620,11:24:05,28.12,-0.01,106,300630,卖盘
1621,11:24:02,28.13,-0.01,12,34009,卖盘
1622,11:23:59,28.14,0.01,9,25326,买盘
1623,11:23:56,28.13,-0.01,11,30943,卖盘
1624,11:23:53,28.14,0.01,69,194166,买盘
1625,11:23:50,28.13,-0.01,12,33756,卖盘
1626,11:23:44,28.14,--,23,64722,买盘
1627,11:23:41,28.14,0.01,3,8442,买盘
1628,11:23:35,28.13,--,6,16878,卖盘
1629,11:23:32,28.13,-0.01,10,28130,卖盘
1630,11:23:29,28.14,--,3,8442,买盘
1631,11:23:23,28.14,--,8,22512,买盘
1632,11:23:17,28.14,--,9,25326,买盘
1633,11:23:14,28.14,0.01,3,8442,买盘
1634,11:23:11,28.13,-0.02,1,2813,卖盘
1635,11:23:08,28.15,--,3,8445,买盘
1636,11:23:02,28.15,--,6,16890,买盘
1637,11:22:59,28.15,--,3,8445,买盘
1638,11:22:53,28.15,--,3,8445,买盘
1639,11:22:50,28.15,--,14,39410,买盘
1640,11:22:47,28.15,--,79,222385,买盘
1641,11:22:44,28.15,0.02,3,8445,买盘
1642,11:22:41,28.13,-0.02,14,39382,卖盘
1643,11:22:38,28.15,0.02,3,8445,买盘
1644,11:22:35,28.13,-0.01,97,272861,卖盘
1645,11:22:32,28.14,--,1,2814,买盘
1646,11:22:29,28.14,--,3,8442,买盘
1647,11:22:26,28.14,--,3,8442,买盘
1648,11:22:23,28.14,0.01,10,28140,买盘
1649,11:22:17,28.13,--,10,28130,卖盘
1650,11:22:14,28.13,-0.01,1,2813,卖盘
1651,11:22:11,28.14,--,3,8442,买盘
1652,11:22:08,28.14,--,3,8442,买盘
1653,11:22:02,28.14,--,3,8442,买盘
1654,11:21:59,28.14,--,27,75978,买盘
1655,11:21:53,28.14,--,116,326424,买盘
1656,11:21:50,28.14,--,6,16884,买盘
1657,11:21:47,28.14,--,3,8442,买盘
1658,11:21:44,28.14,--,3,8442,买盘
1659,11:21:41,28.14,--,2,5628,买盘
1660,11:21:38,28.14,--,13,36582,买盘
1661,11:21:35,28.14,--,3,8442,买盘
1662,11:21:29,28.14,0.01,3,8442,买盘
1663,11:21:26,28.13,-0.01,13,36569,卖盘
1664,11:21:23,28.14,--,5,14070,买盘
1665,11:21:20,28.14,0.01,9,25326,买盘
1666,11:21:17,28.13,-0.01,2,5626,中性盘
1667,11:21:14,28.14,--,3,8442,买盘
1668,11:21:08,28.14,0.01,3,8442,买盘
1669,11:21:05,28.13,--,87,244731,买盘
1670,11:21:02,28.13,--,3,8439,买盘
1671,11:20:59,28.13,--,3,8439,买盘
1672,11:20:53,28.13,0.02,71,199723,买盘
1673,11:20:50,28.11,-0.02,27,75897,卖盘
1674,11:20:44,28.13,--,3,8439,买盘
1675,11:20:38,28.13,--,98,275674,买盘
1676,11:20:35,28.13,--,7,19691,买盘
1677,11:20:29,28.13,0.03,6,16878,买盘
1678,11:20:26,28.1,-0.03,3,8430,卖盘
1679,11:20:23,28.13,0.03,4,11252,买盘
1680,11:20:20,28.1,-0.03,8,22480,卖盘
1681,11:20:17,28.13,--,6,16878,买盘
1682,11:20:14,28.13,0.03,3,8439,买盘
1683,11:20:11,28.1,-0.02,4,11240,卖盘
1684,11:20:08,28.12,--,3,8436,买盘
1685,11:20:02,28.12,--,3,8436,买盘
1686,11:19:59,28.12,--,13,36556,买盘
1687,11:19:53,28.12,--,3,8436,买盘
1688,11:19:47,28.12,--,3,8436,买盘
1689,11:19:44,28.12,-0.02,10,28120,中性盘
1690,11:19:38,28.14,0.04,3,8442,买盘
1691,11:19:35,28.1,-0.02,11,30910,卖盘
1692,11:19:32,28.12,--,24,67488,买盘
1693,11:19:29,28.12,0.02,3,8436,买盘
1694,11:19:26,28.1,-0.02,84,236040,卖盘
1695,11:19:23,28.12,--,3,8436,买盘
1696,11:19:20,28.12,0.02,11,30932,买盘
1697,11:19:16,28.1,-0.02,9,25290,卖盘
1698,11:19:13,28.12,--,9,25308,买盘
1699,11:19:10,28.12,--,3,8436,买盘
1700,11:19:04,28.12,0.02,5,14060,买盘
1701,11:19:01,28.1,-0.02,20,56200,卖盘
1702,11:18:58,28.12,--,3,8436,买盘
1703,11:18:52,28.12,--,6,16872,买盘
1704,11:18:46,28.12,--,14,39368,卖盘
1705,11:18:43,28.12,-0.02,5,14060,卖盘
1706,11:18:40,28.14,--,93,261702,买盘
1707,11:18:37,28.14,--,3,8442,买盘
1708,11:18:34,28.14,--,1,2814,买盘
1709,11:18:31,28.14,0.02,3,8442,买盘
1710,11:18:28,28.12,--,21,59052,卖盘
1711,11:18:22,28.12,-0.02,32,89984,卖盘
1712,11:18:19,28.14,0.02,3,8442,买盘
1713,11:18:16,28.12,-0.02,36,101232,卖盘
1714,11:18:13,28.14,--,19,53466,买盘
1715,11:18:10,28.14,0.01,89,250446,买盘
1716,11:18:07,28.13,0.01,2,5626,买盘
1717,11:18:04,28.12,-0.01,125,351500,卖盘
1718,11:17:58,28.13,--,3,8439,买盘
1719,11:17:55,28.13,0.01,21,59073,买盘
1720,11:17:52,28.12,-0.01,37,104044,卖盘
1721,11:17:46,28.13,--,12,33756,买盘
1722,11:17:40,28.13,--,2,5626,买盘
1723,11:17:37,28.13,--,3,8439,买盘
1724,11:17:31,28.13,0.01,18,50634,买盘
1725,11:17:25,28.12,-0.01,7,19684,卖盘
1726,11:17:22,28.13,--,3,8439,买盘
1727,11:17:19,28.13,--,126,354438,卖盘
1728,11:17:16,28.13,--,26,73138,卖盘
1729,11:17:13,28.13,--,65,182845,卖盘
1730,11:17:10,28.13,-0.01,22,61886,卖盘
1731,11:17:07,28.14,--,17,47838,买盘
1732,11:17:01,28.14,--,106,298284,买盘
1733,11:16:58,28.14,0.01,12,33768,买盘
1734,11:16:55,28.13,--,23,64699,卖盘
1735,11:16:49,28.13,0.03,27,75951,买盘
1736,11:16:46,28.1,-0.04,13,36530,卖盘
1737,11:16:43,28.14,0.03,81,227934,买盘
1738,11:16:37,28.11,-0.02,8,22488,中性盘
1739,11:16:34,28.13,--,1,2813,买盘
1740,11:16:31,28.13,--,3,8439,买盘
1741,11:16:28,28.13,0.03,112,315056,买盘
1742,11:16:25,28.1,-0.03,14,39340,卖盘
1743,11:16:22,28.13,0.02,5,14065,买盘
1744,11:16:19,28.11,-0.02,28,78708,卖盘
1745,11:16:16,28.13,--,18,50634,买盘
1746,11:16:13,28.13,--,23,64699,买盘
1747,11:16:10,28.13,--,85,239105,买盘
1748,11:16:07,28.13,-0.01,94,264422,卖盘
1749,11:16:04,28.14,0.01,13,36582,买盘
1750,11:16:01,28.13,-0.01,100,281300,卖盘
1751,11:15:58,28.14,--,106,298284,买盘
1752,11:15:55,28.14,--,2,5628,买盘
1753,11:15:52,28.14,--,5,14070,买盘
1754,11:15:49,28.14,-0.01,52,146328,卖盘
1755,11:15:43,28.15,0.01,8,22520,买盘
1756,11:15:37,28.14,-0.01,7,19698,卖盘
1757,11:15:34,28.15,--,14,39410,买盘
1758,11:15:28,28.15,--,3,8445,买盘
1759,11:15:25,28.15,--,4,11260,买盘
1760,11:15:22,28.15,--,3,8445,买盘
1761,11:15:16,28.15,0.01,7,19705,买盘
1762,11:15:13,28.14,--,22,61908,卖盘
1763,11:15:10,28.14,--,25,70350,买盘
1764,11:15:07,28.14,--,3,8442,买盘
1765,11:15:04,28.14,--,3,8442,买盘
1766,11:15:01,28.14,--,21,59094,买盘
1767,11:14:58,28.14,--,3,8442,买盘
1768,11:14:52,28.14,--,3,8442,买盘
1769,11:14:49,28.14,0.01,16,45024,买盘
1770,11:14:46,28.13,0.01,4,11252,卖盘
1771,11:14:43,28.12,0.01,108,303696,买盘
1772,11:14:37,28.11,--,2,5622,卖盘
1773,11:14:34,28.11,-0.01,43,120873,卖盘
1774,11:14:28,28.12,0.01,21,59052,买盘
1775,11:14:22,28.11,--,27,75897,卖盘
1776,11:14:19,28.11,--,9,25299,买盘
1777,11:14:16,28.11,--,3,8433,买盘
1778,11:14:13,28.11,0.01,87,244557,买盘
1779,11:14:10,28.1,-0.01,1,2810,卖盘
1780,11:14:07,28.11,0.01,3,8433,买盘
1781,11:14:04,28.1,-0.01,1,2810,卖盘
1782,11:14:01,28.11,--,5,14055,买盘
1783,11:13:58,28.11,--,5,14055,买盘
1784,11:13:52,28.11,--,4,11244,买盘
1785,11:13:49,28.11,0.01,3,8433,买盘
1786,11:13:46,28.1,--,54,151740,买盘
1787,11:13:40,28.1,--,42,118020,买盘
1788,11:13:34,28.1,--,3,8430,买盘
1789,11:13:31,28.1,--,11,30910,买盘
1790,11:13:28,28.1,--,3,8430,买盘
1791,11:13:25,28.1,--,36,101160,买盘
1792,11:13:19,28.1,--,3,8430,买盘
1793,11:13:13,28.1,--,13,36530,买盘
1794,11:13:07,28.1,0.01,13,36530,买盘
1795,11:13:04,28.09,-0.01,5,14045,卖盘
1796,11:13:01,28.1,--,3,8430,买盘
1797,11:12:58,28.1,--,3,8430,买盘
1798,11:12:52,28.1,--,3,8430,买盘
1799,11:12:49,28.1,--,10,28100,买盘
1800,11:12:43,28.1,--,14,39340,买盘
1801,11:12:37,28.1,--,3,8430,买盘
1802,11:12:34,28.1,--,78,219180,买盘
1803,11:12:28,28.1,--,8,22480,买盘
1804,11:12:25,28.1,0.02,28,78680,买盘
1805,11:12:19,28.08,-0.02,17,47736,卖盘
1806,11:12:16,28.1,--,88,247280,买盘
1807,11:12:13,28.1,0.01,53,148930,买盘
1808,11:12:10,28.09,0.01,8,22472,买盘
1809,11:12:04,28.08,-0.01,15,42120,卖盘
1810,11:12:01,28.09,0.01,3,8427,买盘
1811,11:11:58,28.08,-0.02,8,22464,卖盘
1812,11:11:52,28.1,--,3,8430,买盘
1813,11:11:46,28.1,0.02,3,8430,买盘
1814,11:11:43,28.08,--,6,16848,卖盘
1815,11:11:40,28.08,-0.02,8,22464,卖盘
1816,11:11:37,28.1,--,3,8430,买盘
1817,11:11:34,28.1,--,5,14050,买盘
1818,11:11:28,28.1,--,3,8430,买盘
1819,11:11:25,28.1,0.05,3,8430,买盘
1820,11:11:19,28.05,-0.05,103,288915,卖盘
1821,11:11:13,28.1,0.01,16,44960,买盘
1822,11:11:10,28.09,-0.01,35,98315,卖盘
1823,11:11:04,28.1,-0.01,13,36530,中性盘
1824,11:11:01,28.11,--,13,36543,买盘
1825,11:10:55,28.11,--,107,300777,买盘
1826,11:10:46,28.11,0.02,28,78708,买盘
1827,11:10:43,28.09,-0.01,87,244383,卖盘
1828,11:10:40,28.1,0.01,3,8430,买盘
1829,11:10:34,28.09,--,5,14045,卖盘
1830,11:10:31,28.09,--,13,36517,卖盘
1831,11:10:28,28.09,0.03,60,168540,买盘
1832,11:10:22,28.06,--,3,8418,买盘
1833,11:10:19,28.06,--,8,22448,买盘
1834,11:10:16,28.06,--,2,5612,买盘
1835,11:10:13,28.06,--,3,8418,买盘
1836,11:10:10,28.06,0.03,3,8418,买盘
1837,11:10:07,28.03,0.01,18,50454,中性盘
1838,11:10:01,28.02,-0.01,20,56040,卖盘
1839,11:09:58,28.03,--,16,44848,买盘
1840,11:09:55,28.03,--,111,311133,买盘
1841,11:09:46,28.03,--,3,8409,买盘
1842,11:09:43,28.03,-0.07,75,210225,卖盘
1843,11:09:40,28.1,--,4,11240,买盘
1844,11:09:37,28.1,0.01,27,75870,买盘
1845,11:09:34,28.09,-0.01,39,109551,卖盘
1846,11:09:28,28.1,--,3,8430,买盘
1847,11:09:22,28.1,--,3,8430,买盘
1848,11:09:19,28.1,--,3,8430,买盘
1849,11:09:16,28.1,-0.01,11,30910,卖盘
1850,11:09:13,28.11,--,3,8433,买盘
1851,11:09:10,28.11,--,54,151794,买盘
1852,11:09:07,28.11,--,7,19677,买盘
1853,11:09:04,28.11,--,5,14055,买盘
1854,11:08:58,28.11,--,3,8433,买盘
1855,11:08:55,28.11,--,3,8433,中性盘
1856,11:08:49,28.11,--,8,22488,卖盘
1857,11:08:43,28.11,-0.01,4,11244,卖盘
1858,11:08:40,28.12,0.01,8,22496,买盘
1859,11:08:37,28.11,-0.01,6,16866,卖盘
1860,11:08:34,28.12,0.03,80,224960,买盘
1861,11:08:28,28.09,-0.02,16,44944,卖盘
1862,11:08:25,28.11,-0.01,81,227691,卖盘
1863,11:08:22,28.12,0.01,6,16872,买盘
1864,11:08:19,28.11,-0.01,40,112440,卖盘
1865,11:08:16,28.12,0.01,12,33744,买盘
1866,11:08:13,28.11,-0.01,13,36543,卖盘
1867,11:08:10,28.12,0.01,10,28120,买盘
1868,11:08:07,28.11,0.01,77,216447,买盘
1869,11:08:01,28.1,--,4,11240,买盘
1870,11:07:58,28.1,--,3,8430,买盘
1871,11:07:55,28.1,--,6,16860,买盘
1872,11:07:49,28.1,--,17,47770,买盘
1873,11:07:43,28.1,--,78,219180,买盘
1874,11:07:40,28.1,--,3,8430,买盘
1875,11:07:37,28.1,--,5,14050,买盘
1876,11:07:34,28.1,0.01,10,28100,买盘
1877,11:07:28,28.09,-0.01,28,78652,卖盘
1878,11:07:25,28.1,--,16,44960,买盘
1879,11:07:22,28.1,--,3,8430,买盘
1880,11:07:19,28.1,--,3,8430,买盘
1881,11:07:16,28.1,--,18,50580,买盘
1882,11:07:13,28.1,0.02,10,28100,买盘
1883,11:07:10,28.08,-0.01,18,50544,卖盘
1884,11:07:04,28.09,--,7,19663,买盘
1885,11:07:01,28.09,-0.04,31,87079,买盘
1886,11:06:55,28.13,--,10,28130,买盘
1887,11:06:52,28.13,--,110,309430,买盘
1888,11:06:49,28.13,0.04,4,11252,买盘
1889,11:06:46,28.09,-0.04,10,28090,卖盘
1890,11:06:43,28.13,0.03,54,151902,买盘
1891,11:06:34,28.1,--,92,258548,买盘
1892,11:06:31,28.1,--,7,19670,买盘
1893,11:06:28,28.1,0.01,3,8430,买盘
1894,11:06:22,28.09,--,45,126405,买盘
1895,11:06:19,28.09,--,1,2809,买盘
1896,11:06:16,28.09,0.03,21,58989,买盘
1897,11:06:13,28.06,--,13,36478,卖盘
1898,11:06:10,28.06,-0.02,33,92598,卖盘
1899,11:06:07,28.08,--,9,25272,买盘
1900,11:06:01,28.08,--,19,53352,买盘
1901,11:05:58,28.08,0.02,3,8424,买盘
1902,11:05:55,28.06,-0.01,2,5612,卖盘
1903,11:05:52,28.07,--,3,8421,买盘
1904,11:05:49,28.07,0.01,7,19649,买盘
1905,11:05:43,28.06,0.02,4,11224,买盘
1906,11:05:40,28.04,-0.01,28,78512,卖盘
1907,11:05:34,28.05,--,13,36465,买盘
1908,11:05:31,28.05,--,10,28050,买盘
1909,11:05:28,28.05,0.01,32,89760,买盘
1910,11:05:25,28.04,--,4,11216,买盘
1911,11:05:22,28.04,--,1,2804,买盘
1912,11:05:16,28.04,--,3,8412,买盘
1913,11:05:13,28.04,0.01,9,25236,买盘
1914,11:05:07,28.03,--,17,47651,买盘
1915,11:05:04,28.03,0.01,36,100908,买盘
1916,11:04:58,28.02,0.02,8,22416,中性盘
1917,11:04:55,28.0,-0.03,18,50400,卖盘
1918,11:04:52,28.03,0.01,81,227043,买盘
1919,11:04:49,28.02,0.02,11,30822,买盘
1920,11:04:46,28.0,--,258,722400,卖盘
1921,11:04:43,28.0,-0.02,29,81200,卖盘
1922,11:04:40,28.02,--,3,8406,买盘
1923,11:04:37,28.02,0.02,4,11208,买盘
1924,11:04:34,28.0,-0.02,17,47600,中性盘
1925,11:04:28,28.02,0.02,264,739728,买盘
1926,11:04:25,28.0,0.01,3,8400,买盘
1927,11:04:22,27.99,--,1020,2854980,买盘
1928,11:04:19,27.99,--,101,282699,买盘
1929,11:04:16,27.99,--,12,33588,买盘
1930,11:04:13,27.99,--,35,97965,买盘
1931,11:04:07,27.99,--,53,148347,买盘
1932,11:04:04,27.99,--,11,30789,买盘
1933,11:04:01,27.99,--,7,19593,买盘
1934,11:03:58,27.99,--,5,13995,买盘
1935,11:03:55,27.99,--,68,190332,买盘
1936,11:03:52,27.99,--,134,375066,卖盘
1937,11:03:49,27.99,--,117,327483,卖盘
1938,11:03:43,27.99,-0.03,8,22392,卖盘
1939,11:03:40,28.02,--,38,106476,买盘
1940,11:03:37,28.02,--,3,8406,买盘
1941,11:03:34,28.02,0.04,3,8406,买盘
1942,11:03:28,27.98,-0.04,25,69950,卖盘
1943,11:03:25,28.02,0.03,3,8406,买盘
1944,11:03:22,27.99,-0.03,1,2799,卖盘
1945,11:03:19,28.02,0.04,5,14010,买盘
1946,11:03:16,27.98,-0.02,4,11192,卖盘
1947,11:03:10,28.0,0.02,4,11200,买盘
1948,11:03:07,27.98,0.01,377,1056245,买盘
1949,11:03:04,27.97,--,17,47549,买盘
1950,11:02:58,27.97,--,16,44752,买盘
1951,11:02:55,27.97,--,15,41955,买盘
1952,11:02:52,27.97,-0.05,257,720227,卖盘
1953,11:02:46,28.02,0.04,3,8406,买盘
1954,11:02:43,27.98,-0.02,114,318972,卖盘
1955,11:02:40,28.0,0.02,197,551600,买盘
1956,11:02:37,27.98,--,30,83940,卖盘
1957,11:02:34,27.98,--,33,92334,卖盘
1958,11:02:31,27.98,--,36,100728,卖盘
1959,11:02:28,27.98,0.01,506,1417187,买盘
1960,11:02:25,27.97,-0.01,104,290888,卖盘
1961,11:02:22,27.98,0.01,3,8394,买盘
1962,11:02:19,27.97,-0.01,15,41955,卖盘
1963,11:02:16,27.98,--,11,30778,买盘
1964,11:02:13,27.98,--,3,8394,买盘
1965,11:02:10,27.98,--,28,78344,买盘
1966,11:02:07,27.98,--,20,55960,买盘
1967,11:02:04,27.98,-0.01,30,83940,卖盘
1968,11:02:01,27.99,-0.01,181,506619,卖盘
1969,11:01:58,28.0,--,36,100800,买盘
1970,11:01:55,28.0,-0.02,44,123200,买盘
1971,11:01:49,28.02,0.02,302,846204,买盘
1972,11:01:46,28.0,--,419,1174600,卖盘
1973,11:01:43,28.0,--,452,1265600,卖盘
1974,11:01:40,28.0,-0.01,1760,4928000,卖盘
1975,11:01:37,28.01,-0.02,438,1226838,卖盘
1976,11:01:31,28.03,0.01,305,854915,买盘
1977,11:01:28,28.02,-0.01,296,829392,卖盘
1978,11:01:22,28.03,--,52,145756,买盘
1979,11:01:13,28.03,--,241,675523,卖盘
1980,11:01:10,28.03,-0.01,130,364390,卖盘
1981,11:01:07,28.04,0.01,30,84120,买盘
1982,11:01:04,28.03,-0.01,27,75681,卖盘
1983,11:01:01,28.04,-0.01,1,2804,卖盘
1984,11:00:58,28.05,0.02,5,14025,买盘
1985,11:00:55,28.03,-0.02,54,151362,卖盘
1986,11:00:49,28.05,--,167,468435,买盘
1987,11:00:46,28.05,--,3,8415,买盘
1988,11:00:40,28.05,--,51,143055,买盘
1989,11:00:37,28.05,--,192,538560,卖盘
1990,11:00:34,28.05,-0.05,75,210375,卖盘
1991,11:00:31,28.1,--,3,8430,买盘
1992,11:00:28,28.1,0.04,170,477700,买盘
1993,11:00:25,28.06,--,6,16836,卖盘
1994,11:00:22,28.06,--,78,218868,卖盘
1995,11:00:16,28.06,-0.02,111,311466,卖盘
1996,11:00:13,28.08,--,25,70200,买盘
1997,11:00:10,28.08,-0.01,2,5616,卖盘
1998,11:00:07,28.09,0.01,29,81461,买盘
1999,11:00:04,28.08,0.01,53,148824,卖盘
2000,11:00:01,28.07,-0.03,12,33684,卖盘
2001,10:59:58,28.1,0.02,5,14050,买盘
2002,10:59:55,28.08,-0.02,15,42120,卖盘
2003,10:59:52,28.1,0.02,26,73060,买盘
2004,10:59:49,28.08,-0.02,10,28080,卖盘
2005,10:59:43,28.1,--,3,8430,买盘
2006,10:59:40,28.1,--,3,8430,买盘
2007,10:59:31,28.1,--,3,8430,买盘
2008,10:59:28,28.1,--,3,8430,买盘
2009,10:59:22,28.1,0.02,6,16860,买盘
2010,10:59:19,28.08,-0.02,2,5616,卖盘
2011,10:59:16,28.1,--,9,25290,买盘
2012,10:59:13,28.1,--,3,8430,买盘
2013,10:59:07,28.1,--,4,11240,买盘
2014,10:59:04,28.1,0.04,7,19670,买盘
2015,10:59:01,28.06,-0.04,10,28060,卖盘
2016,10:58:58,28.1,0.04,3,8430,买盘
2017,10:58:55,28.06,-0.04,6,16836,卖盘
2018,10:58:52,28.1,0.04,84,236040,买盘
2019,10:58:46,28.06,-0.04,11,30866,卖盘
2020,10:58:43,28.1,--,3,8430,买盘
2021,10:58:40,28.1,--,3,8430,买盘
2022,10:58:33,28.1,--,4,11240,买盘
2023,10:58:30,28.1,--,83,233230,买盘
2024,10:58:21,28.1,-0.01,70,196700,卖盘
2025,10:58:15,28.11,0.01,3,8433,买盘
2026,10:58:09,28.1,--,6,16860,卖盘
2027,10:58:06,28.1,0.05,52,146120,买盘
2028,10:58:03,28.05,--,29,81345,买盘
2029,10:58:00,28.05,--,8,22440,买盘
2030,10:57:57,28.05,--,7,19635,买盘
2031,10:57:54,28.05,--,49,137445,买盘
2032,10:57:51,28.05,0.01,14,39270,买盘
2033,10:57:48,28.04,-0.01,24,67296,卖盘
2034,10:57:45,28.05,--,20,56100,买盘
2035,10:57:42,28.05,--,3,8415,买盘
2036,10:57:39,28.05,0.01,9,25245,买盘
2037,10:57:36,28.04,-0.01,98,274792,卖盘
2038,10:57:33,28.05,0.01,116,325380,买盘
2039,10:57:30,28.04,-0.01,10,28040,卖盘
2040,10:57:27,28.05,0.01,28,78540,买盘
2041,10:57:24,28.04,-0.01,17,47668,卖盘
2042,10:57:18,28.05,0.01,71,199155,买盘
2043,10:57:12,28.04,-0.01,29,81316,卖盘
2044,10:57:09,28.05,--,8,22440,买盘
2045,10:57:06,28.05,--,17,47685,买盘
2046,10:57:03,28.05,--,22,61710,买盘
2047,10:57:00,28.05,--,103,288915,买盘
2048,10:56:57,28.05,--,66,185130,买盘
2049,10:56:54,28.05,--,1,2805,买盘
2050,10:56:51,28.05,--,8,22440,买盘
2051,10:56:48,28.05,--,140,392700,买盘
2052,10:56:45,28.05,--,15,42075,买盘
2053,10:56:42,28.05,--,104,291720,买盘
2054,10:56:39,28.05,-0.07,1063,2981715,卖盘
2055,10:56:36,28.12,--,5,14060,买盘
2056,10:56:33,28.12,--,10,28120,买盘
2057,10:56:30,28.12,--,123,345876,买盘
2058,10:56:27,28.12,--,7,19684,买盘
2059,10:56:24,28.12,0.01,6,16872,买盘
2060,10:56:21,28.11,-0.05,204,573444,卖盘
2061,10:56:18,28.16,0.01,3,8448,买盘
2062,10:56:15,28.15,-0.01,100,281500,卖盘
2063,10:56:12,28.16,--,23,64768,买盘
2064,10:56:09,28.16,0.01,3,8448,买盘
2065,10:56:03,28.15,--,61,171715,买盘
2066,10:56:00,28.15,0.02,3,8445,买盘
2067,10:55:57,28.13,--,19,53447,卖盘
2068,10:55:54,28.13,-0.01,7,19691,卖盘
2069,10:55:51,28.14,--,9,25326,买盘
2070,10:55:48,28.14,0.01,3,8442,买盘
2071,10:55:45,28.13,-0.01,8,22504,卖盘
2072,10:55:42,28.14,0.01,77,216678,买盘
2073,10:55:39,28.13,-0.01,1,2813,卖盘
2074,10:55:36,28.14,--,8,22512,买盘
2075,10:55:33,28.14,0.01,13,36582,买盘
2076,10:55:30,28.13,-0.01,3,8439,卖盘
2077,10:55:27,28.14,0.01,33,92862,买盘
2078,10:55:24,28.13,0.02,55,154715,买盘
2079,10:55:21,28.11,-0.02,12,33732,卖盘
2080,10:55:15,28.13,0.01,22,61886,买盘
2081,10:55:12,28.12,-0.01,18,50616,中性盘
2082,10:55:09,28.13,--,3,8439,买盘
2083,10:55:03,28.13,--,3,8439,买盘
2084,10:55:00,28.13,--,4,11252,买盘
2085,10:54:51,28.13,-0.02,3,8439,买盘
2086,10:54:48,28.15,--,51,143565,卖盘
2087,10:54:45,28.15,--,26,73190,卖盘
2088,10:54:42,28.15,0.01,144,405360,买盘
2089,10:54:39,28.14,-0.01,7,19698,卖盘
2090,10:54:36,28.15,0.01,120,337800,买盘
2091,10:54:33,28.14,-0.01,108,303912,卖盘
2092,10:54:27,28.15,0.01,83,233645,买盘
2093,10:54:18,28.14,--,23,64722,买盘
2094,10:54:15,28.14,--,10,28140,买盘
2095,10:54:12,28.14,--,6,16884,买盘
2096,10:54:09,28.14,--,3,8442,买盘
2097,10:54:06,28.14,-0.01,12,33768,卖盘
2098,10:54:03,28.15,--,4,11260,买盘
2099,10:53:57,28.15,0.01,101,284315,买盘
2100,10:53:54,28.14,--,9,25326,买盘
2101,10:53:51,28.14,-0.01,18,50652,卖盘
2102,10:53:45,28.15,0.01,6,16890,买盘
2103,10:53:42,28.14,-0.01,16,45024,买盘
2104,10:53:39,28.15,0.01,105,295575,买盘
2105,10:53:36,28.14,-0.01,40,112560,卖盘
2106,10:53:33,28.15,--,15,42225,买盘
2107,10:53:30,28.15,--,53,149195,买盘
2108,10:53:27,28.15,--,3,8445,买盘
2109,10:53:24,28.15,--,14,39410,买盘
2110,10:53:21,28.15,--,9,25335,买盘
2111,10:53:18,28.15,--,3,8445,买盘
2112,10:53:15,28.15,--,5,14075,买盘
2113,10:53:12,28.15,0.01,5,14075,买盘
2114,10:53:09,28.14,-0.01,12,33768,卖盘
2115,10:53:06,28.15,0.01,3,8445,买盘
2116,10:53:03,28.14,-0.01,10,28140,卖盘
2117,10:53:00,28.15,--,8,22520,买盘
2118,10:52:57,28.15,0.01,15,42225,买盘
2119,10:52:54,28.14,--,3,8442,买盘
2120,10:52:48,28.14,--,3,8442,买盘
2121,10:52:42,28.14,0.01,3,8442,买盘
2122,10:52:36,28.13,--,3,8439,买盘
2123,10:52:30,28.13,0.03,9,25317,买盘
2124,10:52:27,28.1,0.01,9,25290,中性盘
2125,10:52:24,28.09,-0.03,50,140450,卖盘
2126,10:52:21,28.12,0.02,70,196840,买盘
2127,10:52:18,28.1,0.01,3,8430,买盘
2128,10:52:15,28.09,--,14,39326,卖盘
2129,10:52:06,28.09,-0.01,10,28090,卖盘
2130,10:52:03,28.1,0.01,8,22480,买盘
2131,10:52:00,28.09,-0.01,33,92697,买盘
2132,10:51:57,28.1,0.01,99,278190,买盘
2133,10:51:54,28.09,--,6,16854,买盘
2134,10:51:48,28.09,--,3,8427,买盘
2135,10:51:45,28.09,-0.01,20,56180,卖盘
2136,10:51:42,28.1,0.02,64,179840,买盘
2137,10:51:39,28.08,--,13,36504,卖盘
2138,10:51:36,28.08,-0.01,10,28080,卖盘
2139,10:51:33,28.09,--,3,8427,买盘
2140,10:51:27,28.09,0.01,4,11236,买盘
2141,10:51:24,28.08,-0.01,23,64583,卖盘
2142,10:51:15,28.09,--,6,16854,买盘
2143,10:51:12,28.09,0.01,3,8427,买盘
2144,10:51:09,28.08,-0.01,40,112320,卖盘
2145,10:51:06,28.09,0.01,13,36517,买盘
2146,10:51:03,28.08,-0.01,7,19656,卖盘
2147,10:51:00,28.09,--,33,92697,买盘
2148,10:50:51,28.09,--,23,64607,买盘
2149,10:50:48,28.09,--,28,78652,买盘
2150,10:50:42,28.09,--,17,47753,买盘
2151,10:50:39,28.09,--,119,334271,卖盘
2152,10:50:33,28.09,-0.01,33,92697,卖盘
2153,10:50:30,28.1,--,1,2810,买盘
2154,10:50:27,28.1,--,78,219180,买盘
2155,10:50:24,28.1,0.01,3,8430,买盘
2156,10:50:18,28.09,-0.01,6,16854,卖盘
2157,10:50:15,28.1,--,3,8430,买盘
2158,10:50:12,28.1,--,3,8430,买盘
2159,10:50:09,28.1,0.01,99,278190,买盘
2160,10:50:06,28.09,--,25,70225,买盘
2161,10:50:03,28.09,-0.01,49,137641,卖盘
2162,10:50:00,28.1,0.01,10,28100,买盘
2163,10:49:57,28.09,-0.01,13,36517,卖盘
2164,10:49:51,28.1,--,3,8430,买盘
2165,10:49:48,28.1,--,5,14050,买盘
2166,10:49:42,28.1,--,3,8430,买盘
2167,10:49:39,28.1,--,16,44960,买盘
2168,10:49:36,28.1,--,30,84300,买盘
2169,10:49:33,28.1,-0.02,148,415880,卖盘
2170,10:49:30,28.12,--,5,14060,买盘
2171,10:49:27,28.12,--,12,33744,买盘
2172,10:49:24,28.12,0.01,22,61864,买盘
2173,10:49:21,28.11,-0.01,18,50598,卖盘
2174,10:49:15,28.12,0.01,3,8436,买盘
2175,10:49:09,28.11,-0.01,2,5622,卖盘
2176,10:49:06,28.12,--,3,8436,买盘
2177,10:49:03,28.12,0.01,10,28120,买盘
2178,10:49:00,28.11,--,11,30921,买盘
2179,10:48:57,28.11,0.03,3,8433,买盘
2180,10:48:54,28.08,-0.03,19,53352,卖盘
2181,10:48:51,28.11,0.03,18,50598,买盘
2182,10:48:45,28.08,-0.03,8,22464,卖盘
2183,10:48:42,28.11,--,3,8433,买盘
2184,10:48:36,28.11,--,3,8433,买盘
2185,10:48:33,28.11,0.03,3,8433,买盘
2186,10:48:30,28.08,--,20,56160,卖盘
2187,10:48:24,28.08,-0.01,177,499262,卖盘
2188,10:48:21,28.09,0.01,4,11236,买盘
2189,10:48:15,28.08,-0.01,21,58968,卖盘
2190,10:48:12,28.09,--,21,58989,买盘
2191,10:48:09,28.09,--,56,157304,买盘
2192,10:48:06,28.09,--,12,33708,买盘
2193,10:48:00,28.09,--,134,376406,买盘
2194,10:47:57,28.09,--,32,89888,买盘
2195,10:47:51,28.09,--,5,14045,买盘
2196,10:47:48,28.09,--,95,266855,买盘
2197,10:47:45,28.09,--,14,39326,买盘
2198,10:47:42,28.09,--,8,22472,买盘
2199,10:47:39,28.09,-0.02,155,435956,卖盘
2200,10:47:36,28.11,--,3,8433,买盘
2201,10:47:33,28.11,0.02,3,8433,买盘
2202,10:47:30,28.09,--,6,19101,买盘
2203,10:47:27,28.09,--,3,8427,买盘
2204,10:47:24,28.09,--,29,81461,卖盘
2205,10:47:21,28.09,-0.01,42,117978,卖盘
2206,10:47:15,28.1,--,15,42150,买盘
2207,10:47:12,28.1,--,30,84300,买盘
2208,10:47:09,28.1,--,16,44960,买盘
2209,10:47:06,28.1,--,18,50580,买盘
2210,10:47:00,28.1,--,14,39340,买盘
2211,10:46:51,28.1,0.01,3,8430,买盘
2212,10:46:48,28.09,0.01,1,2809,买盘
2213,10:46:45,28.08,-0.01,16,45489,卖盘
2214,10:46:42,28.09,--,14,39326,卖盘
2215,10:46:39,28.09,--,13,38764,买盘
2216,10:46:33,28.09,--,4,11797,卖盘
2217,10:46:27,28.09,0.01,10,30337,买盘
2218,10:46:24,28.08,0.02,18,50544,中性盘
2219,10:46:21,28.06,-0.02,128,359168,卖盘
2220,10:46:18,28.08,--,3,8424,买盘
2221,10:46:15,28.08,--,44,123551,买盘
2222,10:46:12,28.08,--,3,8424,买盘
2223,10:46:09,28.08,--,3,8424,买盘
2224,10:46:06,28.08,0.02,14,39312,买盘
2225,10:46:03,28.06,--,38,106628,卖盘
2226,10:46:00,28.06,-0.02,38,106628,中性盘
2227,10:45:54,28.08,0.03,107,300456,买盘
2228,10:45:48,28.05,--,3,8415,买盘
2229,10:45:42,28.05,--,3,8415,买盘
2230,10:45:39,28.05,--,7,19635,买盘
2231,10:45:36,28.05,-0.02,226,633930,卖盘
2232,10:45:33,28.07,-0.01,20,56140,卖盘
2233,10:45:30,28.08,0.01,16,44928,买盘
2234,10:45:27,28.07,0.02,34,95438,买盘
2235,10:45:24,28.05,-0.01,62,173910,卖盘
2236,10:45:21,28.06,0.05,13,36478,买盘
2237,10:45:15,28.01,--,50,140050,卖盘
2238,10:45:12,28.01,--,455,1274455,卖盘
2239,10:45:06,28.01,-0.01,415,1162415,卖盘
2240,10:45:03,28.02,--,397,1112394,买盘
2241,10:45:00,28.02,--,14,39228,买盘
2242,10:44:57,28.02,--,9,25218,买盘
2243,10:44:54,28.02,--,99,277398,买盘
2244,10:44:48,28.02,--,41,114882,卖盘
2245,10:44:45,28.02,-0.03,47,131694,卖盘
2246,10:44:42,28.05,--,14,39270,买盘
2247,10:44:39,28.05,0.03,38,106590,买盘
2248,10:44:33,28.02,-0.03,12,33624,卖盘
2249,10:44:30,28.05,--,3,8415,买盘
2250,10:44:27,28.05,0.03,26,72930,买盘
2251,10:44:24,28.02,--,50,140100,买盘
2252,10:44:21,28.02,--,76,212952,买盘
2253,10:44:15,28.02,--,6,16812,买盘
2254,10:44:12,28.02,--,105,294210,买盘
2255,10:44:09,28.02,-0.05,208,582816,卖盘
2256,10:44:06,28.07,0.02,6,16842,买盘
2257,10:44:03,28.05,--,12,33660,卖盘
2258,10:43:57,28.05,--,50,140250,买盘
2259,10:43:54,28.05,--,3,8415,买盘
2260,10:43:48,28.05,0.04,3,8415,买盘
2261,10:43:45,28.01,-0.01,8,22408,卖盘
2262,10:43:42,28.02,-0.03,126,353052,卖盘
2263,10:43:39,28.05,--,10,28050,卖盘
2264,10:43:36,28.05,0.02,51,144457,买盘
2265,10:43:33,28.03,--,3,8409,买盘
2266,10:43:30,28.03,-0.01,191,535373,中性盘
2267,10:43:24,28.04,--,120,336480,买盘
2268,10:43:21,28.04,0.01,25,70100,买盘
2269,10:43:18,28.03,--,327,916581,卖盘
2270,10:43:15,28.03,--,79,221437,卖盘
2271,10:43:12,28.03,-0.01,45,126135,卖盘
2272,10:43:09,28.04,--,79,221516,买盘
2273,10:43:06,28.04,--,150,420600,买盘
2274,10:43:03,28.04,--,11,30844,买盘
2275,10:43:00,28.04,0.01,11,30844,买盘
2276,10:42:57,28.03,-0.01,153,428859,卖盘
2277,10:42:51,28.04,--,78,218712,买盘
2278,10:42:48,28.04,-0.01,247,692588,卖盘
2279,10:42:45,28.05,-0.04,5,14025,中性盘
2280,10:42:39,28.09,0.04,3,8427,买盘
2281,10:42:36,28.05,--,25,70125,买盘
2282,10:42:33,28.05,-0.03,344,965481,卖盘
2283,10:42:30,28.08,-0.01,3,8424,卖盘
2284,10:42:27,28.09,0.01,41,115169,买盘
2285,10:42:24,28.08,--,5,14040,买盘
2286,10:42:21,28.08,--,25,70200,买盘
2287,10:42:15,28.08,0.01,13,36504,买盘
2288,10:42:12,28.07,-0.01,27,75789,卖盘
2289,10:42:06,28.08,0.01,37,103896,买盘
2290,10:42:03,28.07,-0.02,12,33684,卖盘
2291,10:41:57,28.09,0.01,103,289327,买盘
2292,10:41:54,28.08,-0.01,4,11232,卖盘
2293,10:41:51,28.09,--,4,11236,买盘
2294,10:41:48,28.09,0.01,23,64607,买盘
2295,10:41:45,28.08,-0.01,42,117936,卖盘
2296,10:41:39,28.09,--,63,176967,买盘
2297,10:41:36,28.09,--,7,19663,买盘
2298,10:41:33,28.09,0.02,6,16854,买盘
2299,10:41:24,28.07,-0.03,92,258244,中性盘
2300,10:41:21,28.1,0.01,58,162980,买盘
2301,10:41:18,28.09,--,13,36517,买盘
2302,10:41:15,28.09,--,41,115169,卖盘
2303,10:41:12,28.09,0.01,13,36517,卖盘
2304,10:41:06,28.08,-0.02,7,19656,中性盘
2305,10:41:00,28.1,0.01,3,8430,买盘
2306,10:40:57,28.09,0.04,3,8427,买盘
2307,10:40:54,28.05,--,12,35904,买盘
2308,10:40:51,28.05,--,4,11220,买盘
2309,10:40:48,28.05,-0.02,185,519486,卖盘
2310,10:40:45,28.07,-0.03,70,196490,卖盘
2311,10:40:42,28.1,--,14,39340,买盘
2312,10:40:39,28.1,0.01,3,8430,买盘
2313,10:40:36,28.09,0.03,93,263484,买盘
2314,10:40:33,28.06,-0.03,41,115046,卖盘
2315,10:40:27,28.09,--,3,8427,买盘
2316,10:40:24,28.09,0.02,23,64607,买盘
2317,10:40:21,28.07,-0.01,6,16842,卖盘
2318,10:40:18,28.08,0.01,52,146016,买盘
2319,10:40:15,28.07,--,7,19649,卖盘
2320,10:40:12,28.07,0.03,35,98245,买盘
2321,10:40:09,28.04,-0.02,47,131788,卖盘
2322,10:40:06,28.06,--,141,395646,买盘
2323,10:40:03,28.06,-0.01,125,350750,卖盘
2324,10:39:57,28.07,--,123,345261,买盘
2325,10:39:54,28.07,--,13,36491,买盘
2326,10:39:51,28.07,--,8,22456,买盘
2327,10:39:48,28.07,--,55,154385,买盘
2328,10:39:45,28.07,--,10,28070,买盘
2329,10:39:42,28.07,-0.03,3,8421,中性盘
2330,10:39:36,28.1,0.02,147,413070,买盘
2331,10:39:33,28.08,-0.04,12,33696,卖盘
2332,10:39:30,28.12,0.06,83,233396,买盘
2333,10:39:27,28.06,-0.04,251,704306,卖盘
2334,10:39:24,28.1,-0.02,20,56200,中性盘
2335,10:39:21,28.12,0.04,72,202464,买盘
2336,10:39:18,28.08,-0.02,4,11232,中性盘
2337,10:39:15,28.1,--,1,2810,买盘
2338,10:39:12,28.1,--,41,115210,买盘
2339,10:39:09,28.1,0.02,114,320340,买盘
2340,10:39:06,28.08,--,79,221832,买盘
2341,10:39:03,28.08,--,5,14040,买盘
2342,10:39:00,28.08,-0.02,722,2027375,中性盘
2343,10:38:57,28.1,0.02,10,28100,买盘
2344,10:38:54,28.08,--,53,148824,卖盘
2345,10:38:48,28.08,-0.02,5,14040,卖盘
2346,10:38:45,28.1,0.02,3,8430,买盘
2347,10:38:42,28.08,-0.01,23,64583,中性盘
2348,10:38:36,28.09,--,18,50562,买盘
2349,10:38:33,28.09,--,4,11236,买盘
2350,10:38:27,28.09,-0.01,81,227529,卖盘
2351,10:38:24,28.1,--,20,56200,买盘
2352,10:38:21,28.1,0.01,20,56200,买盘
2353,10:38:18,28.09,0.01,54,151686,买盘
2354,10:38:15,28.08,-0.02,29,81432,卖盘
2355,10:38:11,28.1,--,3,8430,买盘
2356,10:38:08,28.1,--,11,30910,买盘
2357,10:38:02,28.1,0.01,8,22480,买盘
2358,10:37:59,28.09,--,105,294945,买盘
2359,10:37:56,28.09,-0.01,5,14045,中性盘
2360,10:37:53,28.1,0.01,612,1719720,买盘
2361,10:37:47,28.09,-0.01,11,30899,卖盘
2362,10:37:41,28.1,--,3,8430,买盘
2363,10:37:38,28.1,-0.02,101,283810,中性盘
2364,10:37:35,28.12,0.04,79,222148,买盘
2365,10:37:32,28.08,-0.02,131,367848,卖盘
2366,10:37:29,28.1,-0.01,39,109590,卖盘
2367,10:37:26,28.11,0.01,3,8433,买盘
2368,10:37:23,28.1,-0.01,5,14050,卖盘
2369,10:37:20,28.11,-0.01,3,8433,中性盘
2370,10:37:17,28.12,0.02,4,11248,中性盘
2371,10:37:14,28.1,-0.02,23,64630,卖盘
2372,10:37:11,28.12,0.03,90,253080,买盘
2373,10:37:08,28.09,-0.01,69,193821,卖盘
2374,10:37:05,28.1,0.01,26,73060,买盘
2375,10:37:02,28.09,-0.01,99,278091,卖盘
2376,10:36:59,28.1,--,49,137690,买盘
2377,10:36:56,28.1,--,13,36530,买盘
2378,10:36:53,28.1,--,120,337200,买盘
2379,10:36:50,28.1,0.01,67,188270,买盘
2380,10:36:47,28.09,-0.01,14,39326,卖盘
2381,10:36:44,28.1,0.01,3,8430,买盘
2382,10:36:41,28.09,-0.01,3,8427,卖盘
2383,10:36:38,28.1,0.01,247,694070,买盘
2384,10:36:32,28.09,-0.01,81,227529,卖盘
2385,10:36:29,28.1,0.01,5,14050,买盘
2386,10:36:26,28.09,-0.01,15,42135,卖盘
2387,10:36:23,28.1,--,1,2810,买盘
2388,10:36:20,28.1,--,14,39340,买盘
2389,10:36:17,28.1,--,8,22480,买盘
2390,10:36:11,28.1,-0.02,661,1857410,卖盘
2391,10:36:05,28.12,--,23,64676,买盘
2392,10:36:02,28.12,0.01,13,36556,买盘
2393,10:35:59,28.11,-0.01,19,53409,卖盘
2394,10:35:56,28.12,--,38,106856,买盘
2395,10:35:53,28.12,--,8,22496,买盘
2396,10:35:50,28.12,--,2,5624,买盘
2397,10:35:47,28.12,-0.01,147,413364,卖盘
2398,10:35:44,28.13,-0.01,8,22504,卖盘
2399,10:35:41,28.14,0.01,61,171654,买盘
2400,10:35:38,28.13,--,38,106894,买盘
2401,10:35:35,28.13,--,165,464145,买盘
2402,10:35:32,28.13,--,4,11252,买盘
2403,10:35:29,28.13,--,11,30943,买盘
2404,10:35:23,28.13,--,15,42195,买盘
2405,10:35:20,28.13,0.03,83,233479,买盘
2406,10:35:17,28.1,-0.02,85,238850,卖盘
2407,10:35:14,28.12,--,18,50616,买盘
2408,10:35:11,28.12,0.02,20,56240,买盘
2409,10:35:05,28.1,--,5,14050,卖盘
2410,10:35:02,28.1,--,5,14050,卖盘
2411,10:34:59,28.1,--,96,269760,买盘
2412,10:34:56,28.1,--,22,61820,买盘
2413,10:34:53,28.1,--,23,64630,买盘
2414,10:34:50,28.1,-0.02,174,488940,卖盘
2415,10:34:47,28.12,0.02,3,8436,买盘
2416,10:34:44,28.1,-0.02,59,165790,卖盘
2417,10:34:41,28.12,0.03,113,317756,买盘
2418,10:34:38,28.09,-0.01,35,98315,卖盘
2419,10:34:35,28.1,--,12,33720,买盘
2420,10:34:32,28.1,--,40,112400,买盘
2421,10:34:29,28.1,0.02,3,8430,买盘
2422,10:34:26,28.08,-0.02,19,53352,卖盘
2423,10:34:23,28.1,--,3,8430,买盘
2424,10:34:20,28.1,--,38,106780,买盘
2425,10:34:14,28.1,0.02,95,266950,买盘
2426,10:34:11,28.08,0.01,16,44928,中性盘
2427,10:34:08,28.07,-0.01,36,101052,卖盘
2428,10:34:05,28.08,0.01,52,146016,买盘
2429,10:34:02,28.07,-0.01,31,87017,卖盘
2430,10:33:59,28.08,--,17,47736,买盘
2431,10:33:56,28.08,0.01,33,92664,买盘
2432,10:33:53,28.07,-0.01,8,22456,中性盘
2433,10:33:50,28.08,--,221,620568,卖盘
2434,10:33:47,28.08,-0.02,10,28080,卖盘
2435,10:33:44,28.1,0.01,2,5620,买盘
2436,10:33:41,28.09,0.01,38,106742,买盘
2437,10:33:38,28.08,--,3,8424,买盘
2438,10:33:35,28.08,-0.02,83,233064,卖盘
2439,10:33:32,28.1,0.01,803,2256430,买盘
2440,10:33:29,28.09,0.01,116,325844,买盘
2441,10:33:23,28.08,--,25,70200,买盘
2442,10:33:20,28.08,-0.01,18,50544,中性盘
2443,10:33:17,28.09,--,15,42135,买盘
2444,10:33:14,28.09,--,45,126405,买盘
2445,10:33:11,28.09,0.01,94,264046,买盘
2446,10:33:05,28.08,-0.01,89,249911,卖盘
2447,10:32:59,28.09,-0.01,3,8427,买盘
2448,10:32:56,28.1,0.05,8,22480,买盘
2449,10:32:53,28.05,-0.05,16,44880,卖盘
2450,10:32:50,28.1,-0.02,11,30910,中性盘
2451,10:32:47,28.12,--,28,78736,买盘
2452,10:32:44,28.12,-0.02,23,64676,卖盘
2453,10:32:38,28.14,--,513,1443582,中性盘
2454,10:32:32,28.14,-0.01,5,14070,卖盘
2455,10:32:29,28.15,--,6,16890,买盘
2456,10:32:26,28.15,--,23,64745,买盘
2457,10:32:23,28.15,-0.01,401,1128815,卖盘
2458,10:32:17,28.16,--,15,42240,买盘
2459,10:32:14,28.16,--,23,64768,买盘
2460,10:32:11,28.16,--,52,146432,买盘
2461,10:32:08,28.16,-0.04,82,230912,卖盘
2462,10:32:05,28.2,--,30,84600,买盘
2463,10:31:59,28.2,0.04,160,451200,买盘
2464,10:31:56,28.16,--,15,42240,卖盘
2465,10:31:53,28.16,-0.01,4,11264,卖盘
2466,10:31:50,28.17,-0.03,3,8451,买盘
2467,10:31:47,28.2,--,8,22560,卖盘
2468,10:31:44,28.2,--,24,67680,卖盘
2469,10:31:41,28.2,--,64,180480,卖盘
2470,10:31:38,28.2,0.03,63,177660,买盘
2471,10:31:35,28.17,--,227,639459,卖盘
2472,10:31:32,28.17,--,46,129582,卖盘
2473,10:31:29,28.17,-0.01,62,174654,中性盘
2474,10:31:26,28.18,--,17,47906,买盘
2475,10:31:20,28.18,0.03,14,39452,买盘
2476,10:31:17,28.15,0.14,281,791015,买盘
2477,10:31:14,28.01,-0.16,1796,5030596,卖盘
2478,10:31:08,28.17,0.02,99,278883,买盘
2479,10:31:05,28.15,--,6,16890,卖盘
2480,10:31:02,28.15,-0.05,32,90080,卖盘
2481,10:30:59,28.2,0.03,865,2439300,买盘
2482,10:30:50,28.17,0.02,22,61974,买盘
2483,10:30:47,28.15,-0.03,47,132305,卖盘
2484,10:30:44,28.18,--,79,222622,买盘
2485,10:30:41,28.18,--,11,30998,买盘
2486,10:30:38,28.18,-0.02,215,605870,卖盘
2487,10:30:35,28.2,0.01,13,36660,买盘
2488,10:30:32,28.19,-0.01,9,25371,卖盘
2489,10:30:29,28.2,-0.02,651,1835820,卖盘
2490,10:30:26,28.22,--,45,126990,卖盘
2491,10:30:23,28.22,--,25,70550,卖盘
2492,10:30:20,28.22,--,23,64906,卖盘
2493,10:30:17,28.22,--,29,81838,卖盘
2494,10:30:14,28.22,--,31,87482,卖盘
2495,10:30:11,28.22,-0.01,35,98770,卖盘
2496,10:30:08,28.23,--,118,333114,卖盘
2497,10:30:02,28.23,-0.01,135,381105,卖盘
2498,10:29:59,28.24,--,21,59304,卖盘
2499,10:29:56,28.24,-0.02,4,11296,卖盘
2500,10:29:53,28.26,0.01,65,183690,买盘
2501,10:29:50,28.25,-0.01,1,2825,卖盘
2502,10:29:47,28.26,--,3,8478,买盘
2503,10:29:41,28.26,--,4,11304,中性盘
2504,10:29:35,28.26,-0.01,81,228906,卖盘
2505,10:29:32,28.27,0.01,3,8481,买盘
2506,10:29:29,28.26,--,13,36738,卖盘
2507,10:29:26,28.26,-0.01,5,14130,卖盘
2508,10:29:23,28.27,0.01,28,79156,买盘
2509,10:29:20,28.26,-0.01,29,81954,卖盘
2510,10:29:17,28.27,--,13,36751,卖盘
2511,10:29:08,28.27,--,47,132869,买盘
2512,10:29:05,28.27,0.02,10,28270,买盘
2513,10:29:02,28.25,--,8,22600,买盘
2514,10:28:56,28.25,-0.02,44,124300,卖盘
2515,10:28:53,28.27,--,3,8481,买盘
2516,10:28:44,28.27,-0.01,8,22616,买盘
2517,10:28:41,28.28,0.02,267,755076,中性盘
2518,10:28:38,28.26,-0.03,15,42390,卖盘
2519,10:28:29,28.29,--,3,8487,买盘
2520,10:28:26,28.29,0.03,3,8487,买盘
2521,10:28:20,28.26,-0.03,66,186516,卖盘
2522,10:28:17,28.29,--,18,50922,卖盘
2523,10:28:11,28.29,--,5,14145,卖盘
2524,10:28:08,28.29,--,16,45264,买盘
2525,10:28:02,28.29,--,107,302703,买盘
2526,10:27:56,28.29,--,28,79212,买盘
2527,10:27:53,28.29,--,3,8487,买盘
2528,10:27:47,28.29,--,3,8487,买盘
2529,10:27:44,28.29,--,5,14145,买盘
2530,10:27:41,28.29,--,4,11316,买盘
2531,10:27:38,28.29,--,3,8487,买盘
2532,10:27:32,28.29,--,3,8487,买盘
2533,10:27:29,28.29,--,1,2829,买盘
2534,10:27:23,28.29,0.02,57,161253,买盘
2535,10:27:17,28.27,0.01,3,8481,买盘
2536,10:27:14,28.26,-0.02,88,248688,卖盘
2537,10:27:11,28.28,--,3,8484,买盘
2538,10:27:05,28.28,--,10,28280,买盘
2539,10:27:02,28.28,0.02,3,8484,买盘
2540,10:26:56,28.26,0.01,13,36738,买盘
2541,10:26:53,28.25,--,13,36725,买盘
2542,10:26:50,28.25,--,5,14125,买盘
2543,10:26:47,28.25,--,7,19775,买盘
2544,10:26:41,28.25,--,48,135600,买盘
2545,10:26:38,28.25,--,7,19775,买盘
2546,10:26:35,28.25,--,65,183625,买盘
2547,10:26:29,28.25,0.01,50,141250,买盘
2548,10:26:26,28.24,-0.01,11,31064,卖盘
2549,10:26:23,28.25,--,3,8475,买盘
2550,10:26:14,28.25,--,3,8475,买盘
2551,10:26:11,28.25,--,3,8475,买盘
2552,10:26:08,28.25,--,20,56500,买盘
2553,10:26:05,28.25,--,3,8475,买盘
2554,10:26:02,28.25,--,3,8475,买盘
2555,10:25:53,28.25,-0.05,358,1011350,卖盘
2556,10:25:50,28.3,--,15,42450,买盘
2557,10:25:47,28.3,--,3,8490,买盘
2558,10:25:44,28.3,--,20,56600,买盘
2559,10:25:41,28.3,0.01,8,22640,买盘
2560,10:25:38,28.29,--,27,76383,卖盘
2561,10:25:35,28.29,-0.01,20,56580,卖盘
2562,10:25:32,28.3,--,14,39620,买盘
2563,10:25:29,28.3,-0.01,94,266020,买盘
2564,10:25:23,28.31,0.02,58,164198,买盘
2565,10:25:20,28.29,--,114,322506,买盘
2566,10:25:17,28.29,--,3,8487,买盘
2567,10:25:14,28.29,-0.02,93,263097,卖盘
2568,10:25:11,28.31,--,124,351044,买盘
2569,10:25:05,28.31,--,3,8493,买盘
2570,10:25:02,28.31,0.01,3,8493,买盘
2571,10:24:59,28.3,0.01,4,11320,卖盘
2572,10:24:56,28.29,-0.01,155,438495,卖盘
2573,10:24:50,28.3,--,3,8490,买盘
2574,10:24:47,28.3,0.01,3,8490,买盘
2575,10:24:44,28.29,--,259,732711,买盘
2576,10:24:38,28.29,-0.02,30,84870,卖盘
2577,10:24:35,28.31,0.01,42,118902,买盘
2578,10:24:32,28.3,--,21,59430,卖盘
2579,10:24:29,28.3,-0.01,52,147160,卖盘
2580,10:24:26,28.31,--,41,117486,卖盘
2581,10:24:17,28.31,--,417,1181942,买盘
2582,10:24:14,28.31,--,21,59451,买盘
2583,10:24:11,28.31,0.01,12,33972,买盘
2584,10:24:08,28.3,--,35,99050,卖盘
2585,10:24:05,28.3,-0.01,12,33960,卖盘
2586,10:23:53,28.31,0.01,32,90592,买盘
2587,10:23:50,28.3,-0.01,13,38205,卖盘
2588,10:23:47,28.31,0.01,1,2831,中性盘
2589,10:23:44,28.3,--,13,36790,卖盘
2590,10:23:41,28.3,-0.01,7,19810,卖盘
2591,10:23:35,28.31,0.01,4,11324,买盘
2592,10:23:32,28.3,-0.02,1,4245,中性盘
2593,10:23:26,28.32,0.03,65,184080,买盘
2594,10:23:23,28.29,0.01,9,25461,中性盘
2595,10:23:17,28.28,-0.02,100,282800,卖盘
2596,10:23:14,28.3,0.01,404,1143320,买盘
2597,10:23:11,28.29,0.01,4,11316,买盘
2598,10:23:05,28.28,0.02,20,56560,买盘
2599,10:23:02,28.26,0.01,3,8478,买盘
2600,10:22:59,28.25,--,43,121475,卖盘
2601,10:22:56,28.25,-0.01,2,5650,卖盘
2602,10:22:53,28.26,0.01,3,8478,买盘
2603,10:22:44,28.25,0.01,2,5650,买盘
2604,10:22:41,28.24,-0.01,16,45184,卖盘
2605,10:22:35,28.25,0.02,3,8475,买盘
2606,10:22:32,28.23,-0.03,10,28230,卖盘
2607,10:22:26,28.26,0.03,20,56520,买盘
2608,10:22:23,28.23,-0.03,245,691635,卖盘
2609,10:22:20,28.26,--,8,22608,买盘
2610,10:22:17,28.26,0.01,34,96084,买盘
2611,10:22:14,28.25,-0.01,13,36725,卖盘
2612,10:22:11,28.26,--,102,288252,卖盘
2613,10:22:05,28.26,--,58,163908,卖盘
2614,10:22:02,28.26,-0.02,7,19782,卖盘
2615,10:21:59,28.28,0.01,13,36764,买盘
2616,10:21:56,28.27,0.01,2,5654,卖盘
2617,10:21:53,28.26,--,1,2826,卖盘
2618,10:21:50,28.26,-0.01,6,16956,卖盘
2619,10:21:47,28.27,0.01,2,5654,买盘
2620,10:21:44,28.26,0.01,7,19782,买盘
2621,10:21:38,28.25,--,6,16950,卖盘
2622,10:21:35,28.25,--,1,2825,卖盘
2623,10:21:32,28.25,0.03,257,727804,买盘
2624,10:21:29,28.22,-0.03,15,42330,卖盘
2625,10:21:26,28.25,0.01,69,194925,买盘
2626,10:21:23,28.24,--,135,381240,买盘
2627,10:21:17,28.24,--,3,8472,买盘
2628,10:21:11,28.24,0.01,66,186384,买盘
2629,10:21:05,28.23,--,24,67752,卖盘
2630,10:21:02,28.23,0.03,32,90336,买盘
2631,10:20:59,28.2,--,2,5640,卖盘
2632,10:20:56,28.2,--,649,1831026,买盘
2633,10:20:53,28.2,--,68,191760,买盘
2634,10:20:47,28.2,--,35,98700,买盘
2635,10:20:44,28.2,--,44,124080,买盘
2636,10:20:41,28.2,--,100,282000,买盘
2637,10:20:38,28.2,-0.05,2760,7783200,卖盘
2638,10:20:35,28.25,0.01,15,42375,买盘
2639,10:20:29,28.24,--,5,14120,中性盘
2640,10:20:26,28.24,--,35,98840,卖盘
2641,10:20:23,28.24,--,50,141200,卖盘
2642,10:20:17,28.24,-0.01,10,28240,卖盘
2643,10:20:14,28.25,--,41,115825,买盘
2644,10:20:11,28.25,-0.03,369,1043470,卖盘
2645,10:20:08,28.28,--,20,56560,买盘
2646,10:20:02,28.28,-0.02,165,466620,卖盘
2647,10:19:59,28.3,--,3,8490,买盘
2648,10:19:53,28.3,--,52,147160,买盘
2649,10:19:50,28.3,--,13,36790,买盘
2650,10:19:47,28.3,--,72,203760,卖盘
2651,10:19:44,28.3,--,8,22640,卖盘
2652,10:19:41,28.3,--,3,8490,卖盘
2653,10:19:38,28.3,--,119,336770,卖盘
2654,10:19:35,28.3,--,28,79240,卖盘
2655,10:19:32,28.3,--,22,62260,卖盘
2656,10:19:26,28.3,0.02,31,87730,买盘
2657,10:19:20,28.28,0.01,26,73528,卖盘
2658,10:19:17,28.27,-0.03,119,336413,卖盘
2659,10:19:14,28.3,0.03,71,200930,买盘
2660,10:19:11,28.27,--,23,65021,卖盘
2661,10:19:08,28.27,--,23,65021,卖盘
2662,10:19:05,28.27,-0.01,34,96118,卖盘
2663,10:19:02,28.28,0.02,60,171461,买盘
2664,10:18:59,28.26,--,50,141300,卖盘
2665,10:18:56,28.26,-0.02,63,178038,卖盘
2666,10:18:53,28.28,0.01,45,127260,买盘
2667,10:18:50,28.27,--,26,73502,买盘
2668,10:18:47,28.27,--,132,373164,买盘
2669,10:18:44,28.27,-0.03,12,33924,卖盘
2670,10:18:41,28.3,0.02,219,619770,买盘
2671,10:18:37,28.28,--,73,206444,买盘
2672,10:18:31,28.28,--,95,268660,买盘
2673,10:18:28,28.28,--,105,296940,卖盘
2674,10:18:22,28.28,-0.03,10,28280,卖盘
2675,10:18:19,28.31,--,61,172691,买盘
2676,10:18:16,28.31,0.01,167,472777,买盘
2677,10:18:13,28.3,-0.01,25,70750,卖盘
2678,10:18:07,28.31,0.01,22,62282,买盘
2679,10:18:04,28.3,-0.01,13,36790,卖盘
2680,10:18:01,28.31,--,4,11324,买盘
2681,10:17:58,28.31,--,1,2831,买盘
2682,10:17:55,28.31,0.01,69,195339,买盘
2683,10:17:52,28.3,-0.01,496,1403680,卖盘
2684,10:17:49,28.31,-0.01,67,189677,卖盘
2685,10:17:46,28.32,--,20,56640,买盘
2686,10:17:43,28.32,0.01,64,181248,买盘
2687,10:17:40,28.31,-0.01,102,288762,卖盘
2688,10:17:37,28.32,-0.01,175,495600,卖盘
2689,10:17:31,28.33,--,3,8499,卖盘
2690,10:17:28,28.33,-0.03,37,104821,卖盘
2691,10:17:22,28.36,--,150,425400,买盘
2692,10:17:19,28.36,--,506,1435016,卖盘
2693,10:17:13,28.36,-0.01,319,904684,卖盘
2694,10:17:10,28.37,-0.01,98,278026,卖盘
2695,10:17:04,28.38,--,68,192984,卖盘
2696,10:17:01,28.38,--,150,425700,卖盘
2697,10:16:58,28.38,--,3,8514,卖盘
2698,10:16:55,28.38,-0.01,86,244068,卖盘
2699,10:16:52,28.39,--,8,22712,卖盘
2700,10:16:49,28.39,--,30,85170,卖盘
2701,10:16:46,28.39,--,62,176018,卖盘
2702,10:16:40,28.39,--,2,5678,卖盘
2703,10:16:34,28.39,-0.01,3,8517,卖盘
2704,10:16:31,28.4,--,131,372040,卖盘
2705,10:16:19,28.4,--,9,25560,卖盘
2706,10:16:16,28.4,--,1,2840,卖盘
2707,10:16:10,28.4,--,97,275480,买盘
2708,10:16:01,28.4,--,10,28400,买盘
2709,10:15:49,28.4,-0.03,10,28400,中性盘
2710,10:15:40,28.43,--,38,108034,买盘
2711,10:15:37,28.43,--,1,2843,买盘
2712,10:15:31,28.43,0.04,3,8529,买盘
2713,10:15:25,28.39,-0.01,4,11356,卖盘
2714,10:15:16,28.4,-0.04,12,34080,卖盘
2715,10:15:10,28.44,0.01,53,150732,买盘
2716,10:15:07,28.43,0.04,3,8529,中性盘
2717,10:15:04,28.39,-0.05,122,346358,卖盘
2718,10:15:01,28.44,0.01,86,244584,买盘
2719,10:14:58,28.43,0.03,5,14215,买盘
2720,10:14:55,28.4,--,19,53960,卖盘
2721,10:14:43,28.4,--,7,19880,卖盘
2722,10:14:40,28.4,--,33,93720,卖盘
2723,10:14:34,28.4,--,10,28400,卖盘
2724,10:14:31,28.4,--,3,8520,买盘
2725,10:14:28,28.4,--,181,514040,卖盘
2726,10:14:25,28.4,--,99,281160,卖盘
2727,10:14:22,28.4,--,1,2840,卖盘
2728,10:14:16,28.4,-0.02,2,5680,卖盘
2729,10:14:13,28.42,0.02,1,2842,买盘
2730,10:14:10,28.4,--,6,17040,卖盘
2731,10:14:07,28.4,--,13,36920,卖盘
2732,10:13:55,28.4,--,10,28400,卖盘
2733,10:13:52,28.4,-0.03,1,2840,卖盘
2734,10:13:46,28.43,0.03,3,8529,买盘
2735,10:13:37,28.4,--,22,62480,卖盘
2736,10:13:34,28.4,0.02,15,42600,卖盘
2737,10:13:28,28.38,0.01,68,192984,买盘
2738,10:13:25,28.37,-0.01,2,5674,卖盘
2739,10:13:22,28.38,-0.07,438,1243044,卖盘
2740,10:13:19,28.45,0.07,85,241825,买盘
2741,10:13:16,28.38,-0.02,135,383186,卖盘
2742,10:13:13,28.4,--,60,170400,卖盘
2743,10:13:10,28.4,--,66,187440,卖盘
2744,10:13:04,28.4,-0.04,285,809400,卖盘
2745,10:13:01,28.44,0.03,180,511920,买盘
2746,10:12:58,28.41,-0.02,60,170460,卖盘
2747,10:12:55,28.43,0.01,10,28430,买盘
2748,10:12:52,28.42,-0.01,144,409248,卖盘
2749,10:12:46,28.43,--,12,34116,卖盘
2750,10:12:40,28.43,--,13,36959,卖盘
2751,10:12:34,28.43,--,5,14215,卖盘
2752,10:12:25,28.43,--,21,59703,买盘
2753,10:12:19,28.43,0.01,68,193324,买盘
2754,10:12:13,28.42,-0.01,10,28420,卖盘
2755,10:12:10,28.43,--,66,187638,买盘
2756,10:12:04,28.43,--,116,329788,卖盘
2757,10:12:01,28.43,--,398,1131514,卖盘
2758,10:11:58,28.43,-0.02,47,134417,卖盘
2759,10:11:55,28.45,0.01,20,56900,买盘
2760,10:11:49,28.44,--,2,5688,买盘
2761,10:11:46,28.44,0.02,54,153576,买盘
2762,10:11:43,28.42,-0.02,18,51156,卖盘
2763,10:11:40,28.44,--,3,8532,买盘
2764,10:11:37,28.44,-0.01,13,36972,中性盘
2765,10:11:34,28.45,0.01,54,153630,买盘
2766,10:11:31,28.44,--,8,22752,卖盘
2767,10:11:28,28.44,--,2,5688,卖盘
2768,10:11:22,28.44,--,13,36972,卖盘
2769,10:11:16,28.44,--,12,34128,买盘
2770,10:11:13,28.44,--,3,8532,买盘
2771,10:11:01,28.44,0.03,52,147888,买盘
2772,10:10:58,28.41,0.01,8,22728,中性盘
2773,10:10:52,28.4,-0.03,33,93720,卖盘
2774,10:10:49,28.43,0.03,3,8529,买盘
2775,10:10:43,28.4,--,2,5680,卖盘
2776,10:10:40,28.4,--,28,81508,买盘
2777,10:10:37,28.4,-0.04,171,486492,卖盘
2778,10:10:34,28.44,0.01,4,11376,买盘
2779,10:10:31,28.43,-0.01,49,139307,卖盘
2780,10:10:25,28.44,--,10,28440,买盘
2781,10:10:22,28.44,--,8,22752,买盘
2782,10:10:19,28.44,0.01,50,142200,买盘
2783,10:10:16,28.43,--,18,51174,卖盘
2784,10:10:01,28.43,--,54,155512,买盘
2785,10:09:55,28.43,--,2,5686,买盘
2786,10:09:49,28.43,--,57,162051,买盘
2787,10:09:46,28.43,--,70,199010,买盘
2788,10:09:43,28.43,--,8,22744,买盘
2789,10:09:40,28.43,--,9,25587,买盘
2790,10:09:34,28.43,0.02,51,144993,买盘
2791,10:09:31,28.41,--,1,2841,卖盘
2792,10:09:25,28.41,--,1,2841,买盘
2793,10:09:22,28.41,--,8,22728,卖盘
2794,10:09:19,28.41,0.01,208,590928,买盘
2795,10:09:16,28.4,--,13,36920,卖盘
2796,10:09:13,28.4,--,25,71000,卖盘
2797,10:08:55,28.4,0.01,3,8520,买盘
2798,10:08:52,28.39,--,4,11356,卖盘
2799,10:08:49,28.39,0.01,19,53941,卖盘
2800,10:08:46,28.38,--,60,170280,卖盘
2801,10:08:40,28.38,-0.01,63,178794,卖盘
2802,10:08:37,28.39,0.01,2,5678,买盘
2803,10:08:31,28.38,--,5,14190,卖盘
